{"gold_per_floor":[109,31,31,31,45,107,107,134,159,159,84,19,19,31,31,106,106,126,126,144,157,32,32,47,47,117,117,133,149,162,212,212,291,291,308,308,323,323,338,338,388,388,388,388,388,405,405,81,81,81],"floor_reached":50,"playtime":1516,"items_purged":["Concentrate"],"score":874,"play_id":"4b75292a-84ad-4e84-ae17-7274cc800c79","local_time":"20190427031248","is_ascension_mode":true,"campfire_choices":[{"floor":7,"key":"REST"},{"data":"Defend_G","floor":10,"key":"SMITH"},{"data":"Strike_G","floor":13,"key":"SMITH"},{"floor":15,"key":"REST"},{"floor":23,"key":"REST"},{"floor":25,"key":"REST"},{"floor":32,"key":"REST"},{"floor":40,"key":"REST"},{"floor":42,"key":"REST"},{"floor":47,"key":"REST"},{"floor":49,"key":"REST"}],"neow_cost":"NONE","seed_source_timestamp":3420386826749195,"circlet_count":0,"master_deck":["AscendersBane","Defend_G+1","Defend_G+1","Defend_G+1","Defend_G+1","Defend_G+1","Strike_G+1","Strike_G+1","Strike_G+1","Survivor+1","Neutralize+1","Glass Knife+1","Poisoned Stab+1","Quick Slash+1","Dash+1","Skewer+1","Corpse Explosion+1","Dagger Spray+1","Quick Slash+1","Cloak And Dagger+1","Skewer+1","Bane+1","Leg Sweep+1","PiercingWail+1","Backstab+1"],"relics":["Velvet Choker","Molten Egg 2","Tiny Chest","Juzu Bracelet","Lantern","Fusion Hammer","Ninja Scroll","Nilry\u0027s Codex","Lizard Tail","Bottled Lightning","Mark of the Bloom","Chemical X"],"potions_floor_usage":[8,16,33,33,35,37,50,50],"damage_taken":[{"damage":4,"enemies":"Cultist","floor":1,"turns":4},{"damage":0,"enemies":"Jaw Worm","floor":5,"turns":2},{"damage":5,"enemies":"3 Sentries","floor":6,"turns":7},{"damage":22,"enemies":"Lagavulin","floor":8,"turns":5},{"damage":0,"enemies":"2 Louse","floor":14,"turns":2},{"damage":17,"enemies":"Slime Boss","floor":16,"turns":9},{"damage":12,"enemies":"2 Thieves","floor":18,"turns":2},{"damage":19,"enemies":"Shell Parasite","floor":20,"turns":4},{"damage":15,"enemies":"Cultist and Chosen","floor":21,"turns":5},{"damage":18,"enemies":"Snake Plant","floor":24,"turns":3},{"damage":0,"enemies":"Sentry and Sphere","floor":28,"turns":2},{"damage":0,"enemies":"Cultist and Chosen","floor":29,"turns":3},{"damage":0,"enemies":"Centurion and Healer","floor":30,"turns":4},{"damage":21,"enemies":"Collector","floor":33,"turns":7},{"damage":31,"enemies":"3 Darklings","floor":35,"turns":3},{"damage":0,"enemies":"Orb Walker","floor":37,"turns":1},{"damage":56,"enemies":"Maw","floor":39,"turns":7},{"damage":29,"enemies":"Transient","floor":46,"turns":6},{"damage":28,"enemies":"Awakened One","floor":50,"turns":19}],"seed_played":"6248334766980467370","potions_obtained":[{"floor":1,"key":"GamblersBrew"},{"floor":8,"key":"SteroidPotion"},{"floor":18,"key":"Strength Potion"},{"floor":29,"key":"Block Potion"},{"floor":33,"key":"SkillPotion"},{"floor":35,"key":"SteroidPotion"}],"is_trial":false,"path_per_floor":["M","$","?","T","M","E","R","E","T","R","?","?","R","M","R","B",null,"M","?","M","M","$","R","M","R","T","?","M","M","M","?","R","B",null,"M","?","M","?","M","R","?","R","T","?","?","M","R","$","R","B"],"character_chosen":"THE_SILENT","items_purchased":["Glass Knife","Cloak And Dagger","Chemical X","SkillPotion","Dexterity Potion"],"campfire_rested":9,"item_purchase_floors":[2,22,48,48,48],"current_hp_per_floor":[55,55,35,35,35,30,49,27,27,27,27,27,27,27,46,29,57,45,45,26,11,11,30,12,31,31,10,10,10,10,10,29,8,52,21,21,21,21,11,30,30,49,49,49,49,20,20,20,20,0],"gold":81,"neow_bonus":"BOSS_RELIC","is_prod":false,"is_daily":false,"chose_seed":false,"campfire_upgraded":2,"win_rate":0,"timestamp":1556331168,"path_taken":["M","$","?","?","M","E","R","E","T","R","?","?","R","M","R","BOSS","M","?","M","M","$","R","M","R","T","?","M","M","M","?","R","BOSS","M","?","M","?","M","R","?","R","T","?","?","M","R","$","R","BOSS"],"build_version":"2019-01-23","purchased_purges":1,"victory":false,"max_hp_per_floor":[66,66,66,66,66,66,66,66,66,66,66,66,66,66,66,66,66,66,66,66,66,66,66,66,66,66,66,66,66,66,66,66,66,66,66,66,66,66,66,66,66,66,66,66,63,63,63,63,63,63],"card_choices":[{"not_picked":["Flechettes","Blade Dance","Prepared"],"picked":"SKIP","floor":1},{"not_picked":["Bane+1","A Thousand Cuts"],"picked":"Poisoned Stab+1","floor":5},{"not_picked":["Dodge and Roll","Outmaneuver"],"picked":"Quick Slash+1","floor":6},{"not_picked":["Concentrate","Expertise"],"picked":"Dash+1","floor":8},{"not_picked":["Bouncing Flask","Backflip"],"picked":"Skewer+1","floor":14},{"not_picked":["Unload+1","Storm of Steel"],"picked":"Corpse Explosion","floor":16},{"not_picked":["Crippling Poison","Acrobatics"],"picked":"Dagger Spray+1","floor":18},{"not_picked":["Dagger Spray+1","Acrobatics"],"picked":"Quick Slash+1","floor":20},{"not_picked":["Dagger Throw+1","Dodge and Roll","Expertise"],"picked":"SKIP","floor":21},{"not_picked":["Infinite Blades","Outmaneuver+1"],"picked":"Skewer+1","floor":24},{"not_picked":["Dagger Throw+1","Outmaneuver+1","Bouncing Flask"],"picked":"SKIP","floor":28},{"not_picked":["All Out Attack+1","Masterful Stab+1","Concentrate"],"picked":"SKIP","floor":29},{"not_picked":["Prepared","Storm of Steel","Dagger Throw+1"],"picked":"SKIP","floor":30},{"not_picked":["Acrobatics","Setup"],"picked":"Bane+1","floor":35},{"not_picked":["Deflect","Outmaneuver"],"picked":"Leg Sweep","floor":37},{"not_picked":["Underhanded Strike+1","Acrobatics"],"picked":"PiercingWail+1","floor":39},{"not_picked":["Dodge and Roll","Bouncing Flask"],"picked":"Backstab+1","floor":46}],"player_experience":689613,"relics_obtained":[{"floor":4,"key":"Molten Egg 2"},{"floor":6,"key":"Tiny Chest"},{"floor":8,"key":"Juzu Bracelet"},{"floor":9,"key":"Lantern"},{"floor":26,"key":"Ninja Scroll"},{"floor":27,"key":"Nilry\u0027s Codex"},{"floor":43,"key":"Bottled Lightning"}],"event_choices":[{"damage_healed":0,"gold_gain":0,"player_choice":"Entered Light","damage_taken":20,"max_hp_gain":0,"max_hp_loss":0,"event_name":"Shining Light","floor":3,"gold_loss":0,"cards_upgraded":["Glass Knife","Strike_G"]},{"cards_removed":["Strike_G"],"damage_healed":0,"gold_gain":0,"player_choice":"Card Removal","damage_taken":0,"max_hp_gain":0,"max_hp_loss":0,"event_name":"The Cleric","floor":11,"gold_loss":75},{"damage_healed":0,"gold_gain":0,"player_choice":"Left Gold","damage_taken":0,"max_hp_gain":0,"max_hp_loss":0,"event_name":"World of Goop","floor":12,"gold_loss":65},{"damage_healed":0,"gold_gain":0,"cards_transformed":["Strike_G"],"player_choice":"Transformed","damage_taken":0,"max_hp_gain":0,"max_hp_loss":0,"event_name":"Transmorgrifier","floor":19,"gold_loss":0,"cards_obtained":["Concentrate"]},{"damage_healed":0,"gold_gain":0,"player_choice":"Obtained Book","damage_taken":21,"max_hp_gain":0,"max_hp_loss":0,"event_name":"Cursed Tome","floor":27,"gold_loss":0},{"damage_healed":0,"gold_gain":50,"player_choice":"Stole From Cult","damage_taken":0,"max_hp_gain":0,"max_hp_loss":0,"event_name":"Nest","floor":31,"gold_loss":0},{"damage_healed":0,"gold_gain":0,"player_choice":"Ignored","damage_taken":0,"max_hp_gain":0,"max_hp_loss":0,"event_name":"Tomb of Lord Red Mask","floor":36,"gold_loss":0},{"damage_healed":0,"gold_gain":0,"player_choice":"Memory 1","damage_taken":0,"max_hp_gain":0,"max_hp_loss":0,"event_name":"SensoryStone","floor":38,"gold_loss":0},{"damage_healed":0,"gold_gain":50,"player_choice":"Pray","damage_taken":0,"max_hp_gain":0,"max_hp_loss":0,"event_name":"Golden Shrine","floor":41,"gold_loss":0},{"damage_healed":0,"gold_gain":0,"player_choice":"Upgrade","damage_taken":0,"relics_obtained":["Mark of the Bloom"],"max_hp_gain":0,"max_hp_loss":0,"event_name":"MindBloom","floor":44,"gold_loss":0,"cards_upgraded":["Defend_G","Defend_G","Defend_G","Defend_G","Strike_G","Survivor","Neutralize","Corpse Explosion","Cloak And Dagger","Leg Sweep"]},{"damage_healed":0,"gold_gain":0,"player_choice":"Max HP","damage_taken":0,"max_hp_gain":0,"max_hp_loss":3,"event_name":"Winding Halls","floor":45,"gold_loss":0}],"is_beta":false,"boss_relics":[{"not_picked":["Ectoplasm","Cursed Key"],"picked":"Fusion Hammer"},{"not_picked":["Coffee Dripper","HoveringKite"],"picked":"Lizard Tail"}],"items_purged_floors":[22],"is_endless":false,"potions_floor_spawned":[1,8,18,29,30,33,35],"killed_by":"Awakened One","ascension_level":19}