{"gold_per_floor":[110,130,55,55,55,68,68,93,93,110,127,145,145,158,158,260,260,271,271,283,283,295,295,314,314,386,386,404,423,423,449,449,551,551,571,571,583,601,628,654,654,654,702,702,97,132,144,158,158,158],"floor_reached":51,"playtime":1276,"items_purged":["Strike_R","Normality"],"score":781,"play_id":"c1939b7f-6a53-474d-a853-82a0664189bf","local_time":"20190426062218","is_ascension_mode":false,"campfire_choices":[{"data":"Whirlwind","floor":7.0,"key":"SMITH"},{"data":"Demon Form","floor":13,"key":"SMITH"},{"data":"Defend_R","floor":15,"key":"SMITH"},{"data":"Bash","floor":23,"key":"SMITH"},{"data":"Heavy Blade","floor":25,"key":"SMITH"},{"data":"Heavy Blade","floor":27,"key":"SMITH"},{"data":"Clash","floor":30,"key":"SMITH"},{"floor":32,"key":"REST"},{"data":"Immolate","floor":41,"key":"SMITH"},{"floor":44,"key":"REST"},{"floor":49,"key":"REST"}],"neow_cost":"NONE","seed_source_timestamp":5263723451462,"circlet_count":0,"master_deck":["Strike_R","Strike_R","Defend_R","Defend_R","Defend_R+1","Bash+1","Heavy Blade+1","Demon Form+1","Whirlwind+1","Heavy Blade+1","Battle Trance","Clash+1","Clash+1","Metallicize+1","Shockwave+1","Immolate+1","Offering","Heavy Blade+1","Clothesline+1","Parasite","Madness","Offering","Headbutt+1"],"special_seed":0,"relics":["Burning Blood","NeowsBlessing","FaceOfCleric","Bag of Preparation","Bottled Lightning","Cursed Key","Shuriken","Letter Opener","Empty Cage","Orichalcum","PreservedInsect","Boot","Toolbox","Pen Nib","Paper Frog"],"potions_floor_usage":[11,16,31,33,33,40,50,50,50],"damage_taken":[{"damage":0.0,"enemies":"Jaw Worm","floor":1.0,"turns":1.0},{"damage":0.0,"enemies":"Cultist","floor":2.0,"turns":1.0},{"damage":0.0,"enemies":"Small Slimes","floor":6.0,"turns":1.0},{"damage":14.0,"enemies":"Gremlin Nob","floor":8.0,"turns":3.0},{"damage":0,"enemies":"3 Louse","floor":10,"turns":1},{"damage":20,"enemies":"Exordium Thugs","floor":11,"turns":3},{"damage":16,"enemies":"Blue Slaver","floor":12,"turns":4},{"damage":6,"enemies":"Red Slaver","floor":14,"turns":3},{"damage":25,"enemies":"Hexaghost","floor":16,"turns":7},{"damage":0,"enemies":"Chosen","floor":18,"turns":4},{"damage":0,"enemies":"3 Byrds","floor":20,"turns":4},{"damage":9,"enemies":"Centurion and Healer","floor":22,"turns":3},{"damage":6,"enemies":"Cultist and Chosen","floor":24,"turns":4},{"damage":36,"enemies":"Snake Plant","floor":28,"turns":3},{"damage":35,"enemies":"Centurion and Healer","floor":29,"turns":5},{"damage":34,"enemies":"Book of Stabbing","floor":31,"turns":4},{"damage":30,"enemies":"Automaton","floor":33,"turns":5},{"damage":5,"enemies":"3 Shapes","floor":35,"turns":3},{"damage":6,"enemies":"Orb Walker","floor":37,"turns":2},{"damage":6,"enemies":"Transient","floor":38,"turns":5},{"damage":45,"enemies":"Reptomancer","floor":40,"turns":5},{"damage":14,"enemies":"Giant Head","floor":46,"turns":5},{"damage":25,"enemies":"3 Darklings","floor":47,"turns":3},{"damage":4,"enemies":"4 Shapes","floor":48,"turns":4},{"damage":56,"enemies":"Donu and Deca","floor":50,"turns":6}],"seed_played":"895652832480706558","potions_obtained":[{"floor":6.0,"key":"FearPotion"},{"floor":8.0,"key":"BloodPotion"},{"floor":11,"key":"SkillPotion"},{"floor":12,"key":"SteroidPotion"},{"floor":20,"key":"FairyPotion"},{"floor":22,"key":"PowerPotion"},{"floor":31,"key":"Poison Potion"},{"floor":35,"key":"SkillPotion"},{"floor":37,"key":"Strength Potion"},{"floor":48,"key":"Weak Potion"}],"is_trial":false,"path_per_floor":["M","M","$","?","?","M","R","E","T","M","M","M","R","M","R","B",null,"M","?","M","?","M","R","M","R","T","R","M","M","R","E","R","B",null,"M","?","M","M","T","E","R","?","T","R","$","E","M","M","R","B",null],"character_chosen":"IRONCLAD","items_purchased":["Toolbox","SkillPotion","Pen Nib","Madness"],"campfire_rested":3,"item_purchase_floors":[45,45,45,45],"current_hp_per_floor":[80,80,80,73,73,80,80,73,73,80,75,66,66,67,67,49,87,88,88,89,89,87,87,88,88,88,88,59,31,31,16,44,21,95,96,96,97,98,98,60,60,60,60,89,89,82,64,67,97,48],"gold":158,"neow_bonus":"THREE_ENEMY_KILL","is_prod":false,"is_daily":false,"chose_seed":false,"campfire_upgraded":8,"win_rate":0,"timestamp":1556281338,"path_taken":["M","M","$","?","?","?","R","E","T","M","M","M","R","M","R","BOSS","M","?","M","?","M","R","M","R","T","R","M","?","R","E","R","BOSS","M","?","M","?","?","E","R","?","T","R","$","E","M","M","R","BOSS"],"build_version":"2019-01-23","purchased_purges":2,"victory":true,"max_hp_per_floor":[80,80,80,80,80,81,81,82,82,83,84,85,85,86,86,87,87,88,88,89,89,90,90,91,91,91,91,92,93,93,94,94,95,95,96,96,97,98,98,99,99,99,99,99,99,100,101,102,102,103],"card_choices":[{"not_picked":["Clothesline","Wild Strike"],"picked":"Heavy Blade","floor":1.0},{"not_picked":["Pommel Strike","Searing Blow"],"picked":"Demon Form","floor":2.0},{"not_picked":["Metallicize","Clothesline"],"picked":"Whirlwind","floor":6.0},{"not_picked":["Pommel Strike","True Grit"],"picked":"Heavy Blade","floor":8.0},{"not_picked":["Flame Barrier","Heavy Blade","Warcry"],"picked":"SKIP","floor":10},{"not_picked":["Cleave","True Grit"],"picked":"Battle Trance","floor":11},{"not_picked":["Searing Blow","Clothesline"],"picked":"Clash","floor":12},{"not_picked":["Pommel Strike","Armaments","True Grit"],"picked":"SKIP","floor":14},{"not_picked":["Pommel Strike+1","Sword Boomerang"],"picked":"Clash+1","floor":18},{"not_picked":["Warcry","Pummel","Havoc+1"],"picked":"SKIP","floor":20},{"not_picked":["Searing Blow","Iron Wave","Dropkick+1"],"picked":"SKIP","floor":22},{"not_picked":["Reckless Charge","Juggernaut","Hemokinesis"],"picked":"SKIP","floor":24},{"not_picked":["Fire Breathing","Searing Blow+1","Sentinel"],"picked":"SKIP","floor":28},{"not_picked":["Fire Breathing","Armaments"],"picked":"Metallicize+1","floor":29},{"not_picked":["Shockwave+1","Exhume","Feel No Pain+1"],"picked":"SKIP","floor":31},{"not_picked":["Exhume","Feel No Pain+1"],"picked":"Shockwave+1","floor":31},{"not_picked":["Exhume","Impervious"],"picked":"Immolate","floor":33},{"not_picked":["Feel No Pain","Anger","Armaments+1"],"picked":"SKIP","floor":35},{"not_picked":["Clash","Rage"],"picked":"Heavy Blade+1","floor":37},{"not_picked":["Pommel Strike","Iron Wave"],"picked":"Clothesline+1","floor":38},{"not_picked":["Clash","Second Wind","Clothesline+1"],"picked":"SKIP","floor":40},{"not_picked":["Rage","Iron Wave+1","Clash"],"picked":"SKIP","floor":46},{"not_picked":["Offering","Headbutt+1","Anger"],"picked":"SKIP","floor":47},{"not_picked":["Headbutt+1","Anger"],"picked":"Offering","floor":47},{"not_picked":["Evolve+1","Wild Strike+1"],"picked":"Headbutt+1","floor":48}],"player_experience":1307459,"relics_obtained":[{"floor":8.0,"key":"Bag of Preparation"},{"floor":9,"key":"Bottled Lightning"},{"floor":26,"key":"Shuriken"},{"floor":31,"key":"Letter Opener"},{"floor":39,"key":"Orichalcum"},{"floor":40,"key":"PreservedInsect"},{"floor":43,"key":"Boot"},{"floor":46,"key":"Paper Frog"}],"event_choices":[{"cards_removed":["Defend_R"],"damage_healed":0.0,"max_hp_gain":0.0,"max_hp_loss":0.0,"gold_gain":0.0,"event_name":"Golden Wing","player_choice":"Card Removal","floor":4.0,"gold_loss":0.0,"damage_taken":7.0},{"damage_healed":0.0,"max_hp_gain":0.0,"max_hp_loss":0.0,"gold_gain":0.0,"event_name":"FaceTrader","player_choice":"Trade","floor":5.0,"gold_loss":0.0,"damage_taken":0.0,"relics_obtained":["FaceOfCleric"]},{"damage_healed":0,"gold_gain":0,"player_choice":"Ignored","damage_taken":0,"max_hp_gain":0,"max_hp_loss":0,"event_name":"Ghosts","floor":19,"gold_loss":0},{"cards_removed":["Strike_R"],"damage_healed":0,"gold_gain":0,"player_choice":"Purged","damage_taken":0,"max_hp_gain":0,"max_hp_loss":0,"event_name":"Purifier","floor":21,"gold_loss":0},{"damage_healed":0,"gold_gain":0,"player_choice":"1 cards matched","damage_taken":0,"max_hp_gain":0,"max_hp_loss":0,"event_name":"Match and Keep!","floor":36,"gold_loss":0,"cards_obtained":["Offering"]},{"damage_healed":0,"gold_gain":0,"player_choice":"Ignored","damage_taken":0,"max_hp_gain":0,"max_hp_loss":0,"event_name":"SecretPortal","floor":42,"gold_loss":0}],"is_beta":false,"boss_relics":[{"not_picked":["Pandora\u0027s Box","Philosopher\u0027s Stone"],"picked":"Cursed Key"},{"not_picked":["Velvet Choker","Astrolabe"],"picked":"Empty Cage"}],"items_purged_floors":[3,45],"is_endless":false,"potions_floor_spawned":[6,8,11,12,20,22,28,31,35,37,48],"ascension_level":0}