{"gold_per_floor":[117,15,35,48,48,48,81,81,104,124,124,138,153,169,169,272,272,286,108,207,207,219,219,235,262,262,462,462],"floor_reached":28,"playtime":1223,"items_purged":["Regret","Parasite"],"score":372,"play_id":"2f73ad6e-f885-4737-91e5-476a46073a7b","local_time":"20190115212118","is_ascension_mode":true,"campfire_choices":[{"data":"Dagger Spray","floor":6,"key":"SMITH"},{"data":"Footwork","floor":11,"key":"SMITH"},{"floor":15,"key":"REST"},{"data":"Dash","floor":23,"key":"SMITH"}],"neow_cost":"CURSE","seed_source_timestamp":1828360243613251,"circlet_count":0,"master_deck":["AscendersBane","Defend_G","Defend_G","Defend_G","Defend_G","Defend_G","Strike_G","Strike_G","Strike_G","Strike_G","Strike_G","Survivor","Neutralize","Backflip","Dagger Spray+1","Crippling Poison","Adrenaline","Footwork+1","Flying Knee","Cloak And Dagger","Dash+1","Corpse Explosion","Outmaneuver+1","Concentrate","Malaise"],"relics":["Ring of the Snake","Vajra","Potion Belt","Snecko Eye","Bottled Lightning","Art of War"],"potions_floor_usage":[7,10,25,25,28],"damage_taken":[{"damage":2,"enemies":"Cultist","floor":1,"turns":5},{"damage":0,"enemies":"Small Slimes","floor":3,"turns":4},{"damage":16,"enemies":"Jaw Worm","floor":4,"turns":4},{"damage":48,"enemies":"Gremlin Nob","floor":7,"turns":6},{"damage":0,"enemies":"3 Louse","floor":10,"turns":3},{"damage":11,"enemies":"Exordium Thugs","floor":12,"turns":4},{"damage":0,"enemies":"Looter","floor":13,"turns":3},{"damage":2,"enemies":"Red Slaver","floor":14,"turns":4},{"damage":42,"enemies":"Hexaghost","floor":16,"turns":16},{"damage":0,"enemies":"3 Byrds","floor":18,"turns":4},{"damage":25,"enemies":"Spheric Guardian","floor":22,"turns":6},{"damage":15,"enemies":"Cultist and Chosen","floor":24,"turns":6},{"damage":18,"enemies":"Book of Stabbing","floor":25,"turns":8},{"damage":14,"enemies":"Gremlin Leader","floor":28,"turns":8}],"seed_played":"6973235542713334735","potions_obtained":[{"floor":3,"key":"Block Potion"},{"floor":7,"key":"Fire Potion"},{"floor":10,"key":"GhostInAJar"},{"floor":22,"key":"SkillPotion"},{"floor":24,"key":"Ancient Potion"}],"is_trial":false,"path_per_floor":["M","$","M","M","$","R","E","?","T","M","R","M","M","M","R","B",null,"M","$","?","?","M","R","M","E","T","?","E"],"character_chosen":"THE_SILENT","items_purchased":["Dagger Spray","GhostInAJar"],"campfire_rested":1,"item_purchase_floors":[2,19],"current_hp_per_floor":[75,75,75,59,59,59,11,32,32,32,32,21,21,19,44,2,64,64,64,64,69,44,44,29,11,11,11,0],"gold":462,"neow_bonus":"TWENTY_PERCENT_HP_BONUS","is_prod":false,"is_daily":false,"chose_seed":false,"campfire_upgraded":3,"win_rate":0,"timestamp":1547587278,"path_taken":["M","$","M","M","?","R","E","?","T","M","R","M","M","M","R","BOSS","M","$","?","?","M","R","?","E","T","?","E"],"build_version":"2019-01-10","purchased_purges":2,"victory":false,"max_hp_per_floor":[84,84,84,84,84,84,84,84,84,84,84,84,84,84,84,84,84,84,81,81,81,81,81,81,81,81,81,81],"card_choices":[{"not_picked":["Concentrate","Dodge and Roll"],"picked":"Backflip","floor":1},{"not_picked":["Acrobatics","Tools of the Trade"],"picked":"Deflect","floor":3},{"not_picked":["Bane","Escape Plan"],"picked":"Crippling Poison","floor":4},{"not_picked":["Prepared","PiercingWail"],"picked":"Adrenaline","floor":7},{"not_picked":["Flying Knee","Deadly Poison"],"picked":"Footwork","floor":10},{"not_picked":["Expertise","Distraction"],"picked":"Flying Knee","floor":12},{"not_picked":["Choke","Finisher"],"picked":"Cloak And Dagger","floor":13},{"not_picked":["Deflect","Slice"],"picked":"Dash","floor":14},{"not_picked":["Storm of Steel","Envenom"],"picked":"Corpse Explosion","floor":16},{"not_picked":["Poisoned Stab","Deflect+1"],"picked":"Outmaneuver+1","floor":18},{"not_picked":["Prepared","Cloak And Dagger","Catalyst"],"picked":"SKIP","floor":22},{"not_picked":["Deflect","Cloak And Dagger"],"picked":"Concentrate","floor":24},{"not_picked":["Poisoned Stab","Backflip"],"picked":"Malaise","floor":25}],"player_experience":342845,"relics_obtained":[{"floor":7,"key":"Vajra"},{"floor":9,"key":"Potion Belt"},{"floor":25,"key":"Bottled Lightning"},{"floor":26,"key":"Art of War"}],"event_choices":[{"damage_healed":21,"gold_gain":0,"player_choice":"Healed and dodged fight","damage_taken":0,"max_hp_gain":0,"max_hp_loss":0,"event_name":"Mushrooms","floor":8,"gold_loss":0,"cards_obtained":["Parasite"]},{"damage_healed":0,"gold_gain":99,"player_choice":"Stole From Cult","damage_taken":0,"max_hp_gain":0,"max_hp_loss":0,"event_name":"Nest","floor":20,"gold_loss":0},{"cards_removed":["Deflect"],"damage_healed":5,"gold_gain":0,"player_choice":"Offered Common","damage_taken":0,"max_hp_gain":0,"max_hp_loss":0,"event_name":"Bonfire Elementals","floor":21,"gold_loss":0},{"cards_removed":["Deflect"],"damage_healed":5,"gold_gain":0,"player_choice":"Offered Special","damage_taken":0,"max_hp_gain":0,"max_hp_loss":0,"event_name":"Bonfire Elementals","floor":21,"gold_loss":0},{"damage_healed":0,"gold_gain":200,"player_choice":"Gold","damage_taken":0,"max_hp_gain":0,"max_hp_loss":0,"event_name":"Wheel of Change","floor":27,"gold_loss":0}],"is_beta":false,"boss_relics":[{"not_picked":["Sozu","Orrery"],"picked":"Snecko Eye"}],"items_purged_floors":[2,19],"is_endless":false,"potions_floor_spawned":[3,7,10,22,24],"killed_by":"Gremlin Leader","ascension_level":11}