{"path_per_floor":["M","?","M","M","M","E","R","M","T","E","R","?","$","M","R","B",null,"M","?","M","?","?","E","?","R","T","?","E","$","$","M","R","B",null,"M","?","?","M","?","R","M","M","T","T","$","R","?","M","R"],"character_chosen":"DEFECT","items_purchased":["Panache+1","Meteor Strike"],"gold_per_floor":[116,116,131,143,156,187,187,207,207,235,235,235,22,41,41,136,136,148,73,89,89,12,44,44,44,44,0,64,64,64,82,82,183,183,197,197,197,216,216,216,235,247,247,247,97,97,97,107,107,107],"floor_reached":50,"campfire_rested":7,"playtime":2893,"item_purchase_floors":[13,45],"current_hp_per_floor":[65,50,43,42,14,37,59,58,58,28,50,55,55,49,49,33,80,73,73,67,67,67,43,43,67,67,67,33,33,33,35,59,32,80,62,62,62,29,29,53,56,32,32,32,32,56,56,50,74,0],"items_purged":["Strike_B"],"gold":107,"score":562,"play_id":"083df5b3-e740-4147-a062-d34d487e7923","local_time":"20180607010148","is_prod":false,"is_daily":false,"chose_seed":false,"is_ascension_mode":true,"campfire_upgraded":1,"win_rate":0,"timestamp":1528329708,"campfire_choices":[{"floor":7,"key":"REST"},{"floor":11,"key":"REST"},{"data":"Sunder","floor":15,"key":"SMITH"},{"floor":25,"key":"REST"},{"floor":32,"key":"REST"},{"floor":40,"key":"REST"},{"floor":46,"key":"REST"},{"floor":49,"key":"REST"}],"path_taken":["M","?","?","M","M","E","R","M","T","E","R","?","?","M","R","BOSS","M","?","M","?","?","E","?","R","T","?","E","?","$","M","R","BOSS","M","?","?","M","?","R","M","M","T","?","$","R","?","M","R","BOSS"],"build_version":"2018-05-31","seed_source_timestamp":94787763157411,"purchased_purges":1,"victory":false,"master_deck":["Strike_B+1","Defend_B","Defend_B","Defend_B+1","Defend_B","Zap","Dualcast","Turbo","Sweeping Beam","Heatsinks","Skim","Steam","Sunder+1","Static Discharge+1","Panache+1","Loop+1","Creative AI+1","White Noise+1","J.A.X.","Loop+1","Amplify","Double Energy+1","Conserve Battery","Double Energy+1","Reprogram","Meteor Strike"],"max_hp_per_floor":[75,75,75,75,75,75,75,75,75,75,75,80,80,80,80,80,80,80,80,80,80,80,80,80,80,80,80,80,80,80,80,80,80,80,80,80,80,80,80,80,80,80,80,80,80,80,80,80,80,80],"relics":["Lizard Tail","Thread and Needle","Frozen Egg 2","Juzu Bracelet","Nuclear Battery","Question Card","Meat on the Bone","Tiny Chest","Orrery","Gremlin Horn","Bottled Flame"],"card_choices":[{"not_picked":["Chill","Barrage"],"picked":"Turbo","floor":1},{"not_picked":["Hello World","Chaos"],"picked":"Sweeping Beam","floor":3},{"not_picked":["Redo","Beam Cell"],"picked":"Heatsinks","floor":4},{"not_picked":["Compile Driver","Static Discharge"],"picked":"Skim","floor":5},{"not_picked":["Ball Lightning","Hologram"],"picked":"Steam","floor":6},{"not_picked":["Melter","Coolheaded"],"picked":"Sunder","floor":8},{"not_picked":["Force Field","Aggregate"],"picked":"Static Discharge+1","floor":10},{"not_picked":["Stack","Conserve Battery"],"picked":"Loop+1","floor":14},{"not_picked":["Fission","Meteor Strike"],"picked":"Creative AI+1","floor":16},{"not_picked":["Coolheaded+1","Rebound"],"picked":"White Noise","floor":18},{"not_picked":["Stack","Sweeping Beam","Barrage"],"picked":"SKIP","floor":20},{"not_picked":["Gash","Conserve Battery+1"],"picked":"Loop+1","floor":23},{"not_picked":["Stack+1","Chill","Redo","Glacier+1"],"picked":"SKIP","floor":28},{"not_picked":["Leap","Compile Driver","Steam","Rebound"],"picked":"SKIP","floor":31},{"not_picked":["Meteor Strike","All For One","Electrodynamics+1"],"picked":"Amplify","floor":33},{"not_picked":["Sweeping Beam","Reinforced Body","Redo"],"picked":"Double Energy","floor":34},{"not_picked":["Redo+1","Electrodynamics+1","Static Discharge+1"],"picked":"Conserve Battery","floor":34},{"not_picked":["Beam Cell","Melter","Consume"],"picked":"Sweeping Beam","floor":34},{"not_picked":["Redo+1","Cold Snap","Coolheaded+1"],"picked":"Double Energy+1","floor":35},{"not_picked":["Stack","Ball Lightning","Cold Snap+1","Hologram"],"picked":"SKIP","floor":38},{"not_picked":["Streamline+1","Gash","Chill"],"picked":"Reprogram","floor":41},{"not_picked":["Streamline+1","Glacier+1","Heatsinks+1","Coolheaded"],"picked":"SKIP","floor":42},{"not_picked":["Fission","Rip and Tear+1","Fusion","Rebound+1"],"picked":"SKIP","floor":48}],"player_experience":267036,"potions_floor_usage":[6,16,20,20,28,28,38,50,50],"damage_taken":[{"damage":10,"enemies":"Small Slimes","floor":1,"turns":3},{"damage":7,"enemies":"Jaw Worm","floor":3,"turns":3},{"damage":1,"enemies":"Cultist","floor":4,"turns":3},{"damage":28,"enemies":"Exordium Thugs","floor":5,"turns":5},{"damage":14,"enemies":"3 Sentries","floor":6,"turns":5},{"damage":1,"enemies":"3 Louse","floor":8,"turns":3},{"damage":30,"enemies":"Gremlin Nob","floor":10,"turns":5},{"damage":6,"enemies":"Looter","floor":14,"turns":3},{"damage":16,"enemies":"The Guardian","floor":16,"turns":8},{"damage":7,"enemies":"2 Thieves","floor":18,"turns":3},{"damage":6,"enemies":"Chosen","floor":20,"turns":4},{"damage":24,"enemies":"Gremlin Leader","floor":23,"turns":5},{"damage":46,"enemies":"Slavers","floor":28,"turns":4},{"damage":10,"enemies":"Snecko","floor":31,"turns":3},{"damage":46,"enemies":"Automaton","floor":33,"turns":7},{"damage":18,"enemies":"Orb Walker","floor":35,"turns":4},{"damage":45,"enemies":"3 Darklings","floor":38,"turns":4},{"damage":16,"enemies":"4 Shapes","floor":41,"turns":4},{"damage":36,"enemies":"Sphere and 2 Shapes","floor":42,"turns":5},{"damage":6,"enemies":"Maw","floor":48,"turns":7},{"damage":87,"enemies":"Awakened One","floor":50,"turns":7}],"relics_obtained":[{"floor":6,"key":"Thread and Needle"},{"floor":9,"key":"Frozen Egg 2"},{"floor":10,"key":"Juzu Bracelet"},{"floor":23,"key":"Question Card"},{"floor":26,"key":"Meat on the Bone"},{"floor":28,"key":"Tiny Chest"},{"floor":43,"key":"Gremlin Horn"},{"floor":44,"key":"Bottled Flame"}],"event_choices":[{"event_name":"Shining Light","player_choice":"Entered Light","floor":2,"damage_taken":0},{"event_name":"Big Fish","player_choice":"Donut","floor":12,"damage_taken":0},{"event_name":"Beggar","player_choice":"Gave Gold","floor":19,"damage_taken":0},{"event_name":"Accursed Blacksmith","player_choice":"Forge","floor":21,"damage_taken":0},{"event_name":"Drug Dealer","player_choice":"Got JAXXED","floor":22,"damage_taken":0},{"event_name":"The Lab","player_choice":"Got Potions","floor":24,"damage_taken":0},{"event_name":"Masked Bandits","player_choice":"Paid Bandits 44 gold","floor":27,"damage_taken":0},{"event_name":"Tomb of Lord Red Mask","player_choice":"Ignored","floor":36,"damage_taken":0},{"event_name":"Upgrade Shrine","player_choice":"Upgraded","floor":37,"damage_taken":0},{"event_name":"Wheel of Change","player_choice":"Card Removal","floor":47,"damage_taken":0}],"boss_relics":[{"not_picked":["Pandora\u0027s Box","Black Star"],"picked":"Nuclear Battery"},{"not_picked":["Velvet Choker","Runic Pyramid"],"picked":"Orrery"}],"items_purged_floors":[45],"potions_floor_spawned":[4,5,10,14,18,23,28,35,41,42],"seed_played":"1411688636219670538","killed_by":"Awakened One","ascension_level":2,"potions_obtained":[{"floor":4,"key":"LiquidBronze"},{"floor":5,"key":"Explosive Potion"},{"floor":10,"key":"FearPotion"},{"floor":14,"key":"Weak Potion"},{"floor":18,"key":"Block Potion"},{"floor":23,"key":"Explosive Potion"},{"floor":24,"key":"AttackPotion"},{"floor":24,"key":"EssenceOfSteel"},{"floor":28,"key":"FearPotion"},{"floor":35,"key":"Explosive Potion"},{"floor":41,"key":"Energy Potion"}],"is_trial":false}