{"gold_per_floor":[117,129,148,160,177,177,202,202,202,219,246,263,325,350,350,451,451,468,52,52,52,63,88,88,122,199,214,214,214],"floor_reached":29,"playtime":2015,"items_purged":["Strike_B"],"score":463,"play_id":"2d31b486-36a6-4a71-9167-fbd16db11643","local_time":"20180711193419","is_ascension_mode":true,"campfire_choices":[{"data":"Redo","floor":6,"key":"SMITH"},{"data":"Hologram","floor":8,"key":"SMITH"},{"data":"Beam Cell","floor":15,"key":"SMITH"},{"floor":24,"key":"REST"}],"neow_cost":"NONE","seed_source_timestamp":0,"circlet_count":0,"master_deck":["Strike_B","Strike_B","Strike_B","Defend_B","Defend_B","Defend_B","Defend_B","Zap","Dualcast+1","Redo+1","Conserve Battery","Beam Cell+1","Beam Cell","Leap","Hologram+1","Coolheaded","Ball Lightning","FTL","Rebound","Ball Lightning","Thunder Strike","Compile Driver+1","Leap+1"],"special_seed":17724,"relics":["Cracked Core","Cables","Dodecahedron","Letter Opener","Pear","Toxic Egg 2","Snecko Eye","Lee\u0027s Waffle","Kunai","Molten Egg 2","Tiny Chest"],"potions_floor_usage":[4,11,12,16,18,23,28],"damage_taken":[{"damage":0,"enemies":"Cultist","floor":1,"turns":3},{"damage":0,"enemies":"Small Slimes","floor":2,"turns":3},{"damage":0,"enemies":"2 Louse","floor":3,"turns":2},{"damage":4,"enemies":"Blue Slaver","floor":4,"turns":3},{"damage":0,"enemies":"2 Fungi Beasts","floor":5,"turns":3},{"damage":19,"enemies":"Gremlin Nob","floor":7,"turns":4},{"damage":0,"enemies":"Large Slime","floor":10,"turns":4},{"damage":0,"enemies":"Lagavulin","floor":11,"turns":5},{"damage":0,"enemies":"Exordium Thugs","floor":12,"turns":3},{"damage":2,"enemies":"Gremlin Nob","floor":13,"turns":3},{"damage":0,"enemies":"Gremlin Nob","floor":14,"turns":3},{"damage":31,"enemies":"Hexaghost","floor":16,"turns":6},{"damage":20,"enemies":"3 Byrds","floor":18,"turns":4},{"damage":0,"enemies":"Spheric Guardian","floor":22,"turns":3},{"damage":88,"enemies":"Slavers","floor":23,"turns":6},{"damage":20,"enemies":"Book of Stabbing","floor":25,"turns":4},{"damage":10,"enemies":"Centurion and Healer","floor":27,"turns":5},{"damage":5,"enemies":"Slaver and Parasite","floor":28,"turns":2},{"damage":10,"enemies":"Snake Plant","floor":29,"turns":1}],"seed_played":"-4311942942209726919","potions_obtained":[{"floor":2,"key":"Swift Potion"},{"floor":10,"key":"EssenceOfSteel"},{"floor":11,"key":"Regen Potion"},{"floor":12,"key":"SmokeBomb"},{"floor":13,"key":"Fire Potion"},{"floor":14,"key":"AttackPotion"},{"floor":18,"key":"Weak Potion"},{"floor":25,"key":"FairyPotion"},{"floor":27,"key":"Strength Potion"}],"is_trial":false,"path_per_floor":["M","M","M","M","M","R","E","R","T","M","E","M","?","E","R","B",null,"M","$","?","?","M","E","R","E","T","M","M"],"character_chosen":"DEFECT","items_purchased":["Thunder Strike","Lee\u0027s Waffle"],"campfire_rested":1,"item_purchase_floors":[19,19],"current_hp_per_floor":[68,68,68,64,64,64,45,45,45,45,45,54,62,62,62,31,72,52,92,92,92,92,4,31,11,11,1,9,0],"gold":214,"neow_bonus":"UPGRADE_CARD","is_prod":false,"is_daily":false,"chose_seed":false,"campfire_upgraded":3,"win_rate":0,"timestamp":1531359259,"path_taken":["M","M","M","M","M","R","E","R","T","M","E","?","?","E","R","BOSS","M","$","?","?","M","E","R","E","T","M","M","M"],"build_version":"2018-07-10","purchased_purges":1,"victory":false,"max_hp_per_floor":[75,75,75,75,75,75,75,75,75,75,75,75,85,85,85,85,85,85,92,92,92,92,92,92,92,92,92,92,92],"card_choices":[{"not_picked":["Steam","Tempest"],"picked":"Redo","floor":1},{"not_picked":["Coolheaded","Hologram"],"picked":"Conserve Battery","floor":2},{"not_picked":["Sunder","Barrage"],"picked":"Beam Cell","floor":3},{"not_picked":["Barrage","Rainbow"],"picked":"Beam Cell","floor":4},{"not_picked":["Reprogram","Streamline"],"picked":"Leap","floor":5},{"not_picked":["Turbo","Steam"],"picked":"Hologram","floor":7},{"not_picked":["Sweeping Beam","Amplify"],"picked":"Coolheaded","floor":10},{"not_picked":["Conserve Battery","Sweeping Beam"],"picked":"Ball Lightning","floor":11},{"not_picked":["Gash","Genetic Algorithm"],"picked":"FTL","floor":12},{"not_picked":["Redo","Gash"],"picked":"Rebound","floor":13},{"not_picked":["Steam","Lockon"],"picked":"Ball Lightning","floor":14},{"not_picked":["Streamline","Sweeping Beam+1","Beam Cell"],"picked":"SKIP","floor":18},{"not_picked":["Coolheaded+1","Go for the Eyes"],"picked":"Compile Driver+1","floor":22},{"not_picked":["Stack+1","Aggregate+1","Compile Driver"],"picked":"SKIP","floor":23},{"not_picked":["Static Discharge+1","Lockon","Fusion+1"],"picked":"SKIP","floor":25},{"not_picked":["Fusion+1","Chaos+1"],"picked":"Leap+1","floor":27}],"player_experience":459866,"relics_obtained":[{"floor":7,"key":"Cables"},{"floor":9,"key":"Dodecahedron"},{"floor":11,"key":"Letter Opener"},{"floor":13,"key":"Pear"},{"floor":14,"key":"Toxic Egg 2"},{"floor":23,"key":"Kunai"},{"floor":25,"key":"Molten Egg 2"},{"floor":26,"key":"Tiny Chest"}],"event_choices":[{"event_name":"Dead Adventurer","player_choice":"Searched \u00273\u0027 times","floor":13,"damage_taken":0},{"event_name":"Ghosts","player_choice":"Ignored","floor":20,"damage_taken":0},{"event_name":"Addict","player_choice":"Ignored","floor":21,"damage_taken":0}],"boss_relics":[{"not_picked":["Empty Cage","Sozu"],"picked":"Snecko Eye"}],"items_purged_floors":[19],"is_endless":false,"potions_floor_spawned":[2,10,11,12,13,14,18,25,27],"killed_by":"Snake Plant","ascension_level":6}