{"gold_per_floor":[113,113,113,60,70,97,62,96,96,96,43,69,27,27,27,27],"floor_reached":16,"playtime":349,"items_purged":[],"score":258,"play_id":"35c6e8d1-dc77-4aef-bd64-bdf7689106fb","local_time":"20190429162752","is_ascension_mode":true,"campfire_choices":[{"floor":15,"key":"REST"}],"neow_cost":"NONE","seed_source_timestamp":3642070669538224,"circlet_count":0,"master_deck":["AscendersBane","Strike_R","Strike_R+1","Strike_R+1","Strike_R","Strike_R","Defend_R","Defend_R","Defend_R","Defend_R","Bash","Body Slam","Seeing Red","Entrench","Twin Strike","Shockwave"],"relics":["Burning Blood","NeowsBlessing","Dodecahedron","Pen Nib","PreservedInsect","Juzu Bracelet"],"potions_floor_usage":[8,16,16],"damage_taken":[{"damage":0,"enemies":"Jaw Worm","floor":1,"turns":1},{"damage":0,"enemies":"Small Slimes","floor":5,"turns":1},{"damage":0,"enemies":"3 Sentries","floor":6,"turns":2},{"damage":66,"enemies":"Lagavulin","floor":8,"turns":7},{"damage":47,"enemies":"Hexaghost","floor":16,"turns":7}],"seed_played":"4265852385462654887","potions_obtained":[{"floor":8,"key":"BloodPotion"}],"is_trial":false,"path_per_floor":["M","?","?","$","M","E","?","E","T","?","$","T","$","?","R","B"],"character_chosen":"IRONCLAD","items_purchased":["PowerPotion","Dexterity Potion","Shockwave"],"campfire_rested":1,"item_purchase_floors":[4,11,13],"current_hp_per_floor":[74,51,51,51,57,63,75,15,15,15,15,15,15,15,37,0],"gold":27,"neow_bonus":"THREE_ENEMY_KILL","is_prod":false,"is_daily":false,"chose_seed":false,"campfire_upgraded":0,"win_rate":0,"timestamp":1556551672,"path_taken":["M","?","?","$","?","E","?","E","T","?","$","?","?","?","R","BOSS"],"build_version":"2019-01-23","purchased_purges":0,"victory":false,"max_hp_per_floor":[75,75,75,75,75,75,75,75,75,75,75,75,75,75,75,75],"card_choices":[{"not_picked":["True Grit","Burning Pact"],"picked":"Perfected Strike","floor":1},{"not_picked":["Entrench","Spot Weakness"],"picked":"Seeing Red","floor":5},{"not_picked":["True Grit","Seeing Red"],"picked":"Entrench","floor":6},{"not_picked":["Limit Break","Feed"],"picked":"Twin Strike","floor":8}],"player_experience":732320,"relics_obtained":[{"floor":6,"key":"Dodecahedron"},{"floor":8,"key":"Pen Nib"},{"floor":9,"key":"PreservedInsect"},{"floor":12,"key":"Juzu Bracelet"}],"event_choices":[{"damage_healed":0,"gold_gain":0,"player_choice":"Entered Light","damage_taken":23,"max_hp_gain":0,"max_hp_loss":0,"event_name":"Shining Light","floor":2,"gold_loss":0,"cards_upgraded":["Strike_R","Strike_R"]},{"damage_healed":0,"gold_gain":0,"cards_transformed":["Perfected Strike"],"player_choice":"Transformed","damage_taken":0,"max_hp_gain":0,"max_hp_loss":0,"event_name":"Transmorgrifier","floor":3,"gold_loss":0,"cards_obtained":["Body Slam"]},{"damage_healed":18,"gold_gain":0,"player_choice":"Healed","damage_taken":0,"max_hp_gain":0,"max_hp_loss":0,"event_name":"The Cleric","floor":7,"gold_loss":35},{"damage_healed":0,"gold_gain":0,"player_choice":"Fled","damage_taken":0,"max_hp_gain":0,"max_hp_loss":0,"event_name":"Scrap Ooze","floor":10,"gold_loss":0},{"damage_healed":0,"gold_gain":0,"player_choice":"Ignored","damage_taken":0,"max_hp_gain":0,"max_hp_loss":0,"event_name":"Liars Game","floor":14,"gold_loss":0}],"is_beta":false,"boss_relics":[],"items_purged_floors":[],"is_endless":false,"potions_floor_spawned":[8],"killed_by":"Hexaghost","ascension_level":20}