{"path_per_floor":["M","$","?","M","?","R","E","R","T","M","R","M","?","M","R","B",null,"M","$","?","M","$","E","R","E","T","R","$","M","M","E","R","B",null,"M","?","?","M","M","R","T","M","T","E","$","E","?","?","R","B"],"character_chosen":"IRONCLAD","items_purchased":["Battle Trance","Bag of Marbles"],"gold_per_floor":[109,34,34,51,51,51,81,81,81,94,94,104,104,116,116,212,212,222,44,44,57,57,85,85,114,185,185,60,80,92,118,118,214,214,228,280,280,295,308,308,308,322,349,381,87,112,112,112,112,112],"floor_reached":51,"campfire_rested":5,"playtime":2292,"current_hp_per_floor":[80,80,80,80,80,80,80,80,80,80,80,80,85,82,82,85,85,85,85,85,85,85,63,85,60,60,85,85,76,82,62,85,70,85,85,55,55,51,47,72,72,78,78,49,49,40,40,40,68,31],"items_purged":["Strike_R","Defend_R","Defend_R","Doubt"],"gold":112,"score":806,"play_id":"c6a4e355-fa6e-47e7-988f-be8a0d9e16c9","is_prod":false,"is_daily":false,"is_ascension_mode":true,"campfire_upgraded":4,"path_taken":["M","$","?","M","?","R","E","R","T","M","R","?","?","M","R","BOSS","M","?","?","?","$","E","R","E","T","R","?","M","M","E","R","BOSS","M","?","?","?","?","R","?","M","T","E","$","E","?","?","R","BOSS"],"build_version":"2018-02-15-PROD1","purchased_purges":4,"victory":true,"master_deck":["Strike_R","Strike_R+1","Strike_R+1","Strike_R+1","Defend_R+1","Defend_R+1","Bash+1","Metallicize+1","Whirlwind+1","Spot Weakness+1","Limit Break+1","Double Tap+1","Shrug It Off+1","Battle Trance+1","Double Tap+1","Offering+1"],"max_hp_per_floor":[80,80,80,80,80,80,80,80,80,80,80,80,85,85,85,85,85,85,85,85,85,85,85,85,85,85,85,85,85,85,85,85,85,85,85,85,85,85,85,85,85,85,85,85,85,87,87,87,89,89],"relics":["Burning Blood","NeowsBlessing","Toxic Egg 2","Orichalcum","Sozu","Whetstone","Lantern","Gremlin Horn","Vajra","Cursed Key","Frozen Eye","War Paint","Prayer Wheel","Dream Catcher","Bag of Marbles","Singing Bowl"],"card_choices":[{"not_picked":["Sword Boomerang","Sever Soul"],"picked":"Metallicize"},{"not_picked":["Dark Embrace","Havoc"],"picked":"Whirlwind"},{"not_picked":["Thunderclap","Perfected Strike"],"picked":"Spot Weakness"},{"not_picked":["Clash","Shockwave"],"picked":"Limit Break"},{"not_picked":["Immolate","Fiend Fire"],"picked":"Double Tap"},{"not_picked":["Intimidate","Fire Breathing"],"picked":"Shrug It Off"},{"not_picked":["Juggernaut","Uppercut"],"picked":"Double Tap"},{"not_picked":["Dark Embrace","Impervious"],"picked":"Offering"}],"player_experience":101368,"potions_floor_usage":[16],"damage_taken":[{"damage":0,"enemies":"2 Louse","floor":1,"turns":1},{"damage":0,"enemies":"Jaw Worm","floor":4,"turns":1},{"damage":0,"enemies":"Gremlin Nob","floor":7,"turns":1},{"damage":0,"enemies":"Cultist","floor":10,"turns":2},{"damage":0,"enemies":"Exordium Wildlife","floor":12,"turns":3},{"damage":9,"enemies":"Red Slaver","floor":14,"turns":3},{"damage":0,"enemies":"Slime Boss","floor":16,"turns":7},{"damage":2,"enemies":"Shell Parasite","floor":18,"turns":4},{"damage":0,"enemies":"3 Byrds","floor":21,"turns":4},{"damage":28,"enemies":"Book of Stabbing","floor":23,"turns":4},{"damage":31,"enemies":"Gremlin Leader","floor":25,"turns":6},{"damage":15,"enemies":"Centurion and Healer","floor":29,"turns":4},{"damage":0,"enemies":"Cultist and Chosen","floor":30,"turns":3},{"damage":26,"enemies":"Book of Stabbing","floor":31,"turns":3},{"damage":21,"enemies":"Champ","floor":33,"turns":5},{"damage":4,"enemies":"3 Shapes","floor":35,"turns":1},{"damage":36,"enemies":"Mysterious Sphere","floor":36,"turns":3},{"damage":10,"enemies":"3 Darklings","floor":38,"turns":2},{"damage":10,"enemies":"Maw","floor":39,"turns":6},{"damage":0,"enemies":"4 Shapes","floor":42,"turns":1},{"damage":35,"enemies":"Giant Head","floor":44,"turns":6},{"damage":17,"enemies":"2 Orb Walkers","floor":46,"turns":2},{"damage":43,"enemies":"Awakened One","floor":50,"turns":4}],"event_choices":[{"event_name":"The Cleric","player_choice":"Leave","floor":3,"damage_taken":0},{"event_name":"Upgrade Shrine","player_choice":"Upgraded","floor":5,"damage_taken":0},{"event_name":"Big Fish","player_choice":"Donut","floor":13,"damage_taken":0},{"event_name":"Upgrade Shrine","player_choice":"Upgraded","floor":20,"damage_taken":0},{"event_name":"Mysterious Sphere","player_choice":"Fight","floor":36,"damage_taken":0},{"event_name":"Tomb of Lord Red Mask","player_choice":"Ignored","floor":37,"damage_taken":0},{"event_name":"The Moai Head","player_choice":"Ignored","floor":47,"damage_taken":0},{"event_name":"Purifier","player_choice":"One Purge","floor":48,"damage_taken":0}],"boss_relics":[{"not_picked":["Question Card","Eternal Feather"],"picked":"Sozu"},{"not_picked":["Lizard Tail","Velvet Choker"],"picked":"Cursed Key"}],"potions_floor_spawned":[1,7,10,25,31,33,42,44,46],"seed_played":"-5324084896251980341","ascension_level":3,"is_trial":false}