{"gold_per_floor":[11,30,30,49,66,66,11,28,28,46,66,85,85,114,114,114],"floor_reached":16,"playtime":604,"items_purged":[],"score":207,"play_id":"c73d41de-c57e-4636-9c7c-fa495f70b6f6","local_time":"20190429141226","is_ascension_mode":true,"campfire_choices":[{"data":"Rampage","floor":6,"key":"SMITH"},{"floor":13,"key":"REST"},{"data":"Armaments","floor":15,"key":"SMITH"}],"neow_cost":"NO_GOLD","seed_source_timestamp":3633690620153046,"circlet_count":0,"master_deck":["AscendersBane","Strike_R","Strike_R","Strike_R","Defend_R","Defend_R","Defend_R","Defend_R","Bash","Headbutt","Cleave","Seeing Red","Rampage+1","Armaments","Sentinel","True Grit","Armaments+1"],"relics":["Burning Blood","Kunai","Lantern"],"potions_floor_usage":[14,14],"damage_taken":[{"damage":14,"enemies":"Jaw Worm","floor":1,"turns":3},{"damage":1,"enemies":"Cultist","floor":2,"turns":3},{"damage":5,"enemies":"Small Slimes","floor":4,"turns":3},{"damage":7,"enemies":"Looter","floor":5,"turns":3},{"damage":11,"enemies":"Exordium Wildlife","floor":8,"turns":4},{"damage":21,"enemies":"Blue Slaver","floor":10,"turns":4},{"damage":16,"enemies":"Large Slime","floor":11,"turns":5},{"damage":14,"enemies":"Looter","floor":12,"turns":4},{"damage":8,"enemies":"Gremlin Nob","floor":14,"turns":3},{"damage":80,"enemies":"The Guardian","floor":16,"turns":17}],"seed_played":"7838613611548070322","potions_obtained":[{"floor":3,"key":"Fire Potion"},{"floor":3,"key":"SneckoOil"},{"floor":4,"key":"SteroidPotion"},{"floor":14,"key":"Ancient Potion"}],"is_trial":false,"path_per_floor":["M","M","?","M","M","R","$","M","T","M","M","M","R","E","R","B"],"character_chosen":"IRONCLAD","items_purchased":["Armaments"],"campfire_rested":1,"item_purchase_floors":[7],"current_hp_per_floor":[60,65,65,66,65,65,65,60,60,45,35,27,49,47,47,0],"gold":114,"neow_bonus":"REMOVE_TWO","is_prod":false,"is_daily":false,"chose_seed":false,"campfire_upgraded":2,"win_rate":0,"timestamp":1556543546,"path_taken":["M","M","?","?","M","R","$","M","T","M","M","M","R","E","R","BOSS"],"build_version":"2019-01-23","purchased_purges":0,"victory":false,"max_hp_per_floor":[75,75,75,75,75,75,75,75,75,75,75,75,75,75,75,75],"card_choices":[{"not_picked":["Hemokinesis","Whirlwind"],"picked":"Headbutt","floor":1},{"not_picked":["Wild Strike","Seeing Red"],"picked":"Cleave","floor":2},{"not_picked":["Cleave","Headbutt"],"picked":"Seeing Red","floor":4},{"not_picked":["Heavy Blade","Anger"],"picked":"Rampage","floor":5},{"not_picked":["Clash","Pommel Strike","Cleave"],"picked":"SKIP","floor":8},{"not_picked":["Fire Breathing","Power Through"],"picked":"Sentinel","floor":10},{"not_picked":["Power Through","Brutality"],"picked":"True Grit","floor":11},{"not_picked":["Blood for Blood","Dual Wield","Entrench"],"picked":"SKIP","floor":12},{"not_picked":["Immolate","Spot Weakness"],"picked":"Armaments","floor":14}],"player_experience":724142,"relics_obtained":[{"floor":9,"key":"Kunai"},{"floor":14,"key":"Lantern"}],"event_choices":[{"damage_healed":0,"gold_gain":0,"player_choice":"Got Potions","damage_taken":0,"max_hp_gain":0,"max_hp_loss":0,"event_name":"Lab","floor":3,"gold_loss":0}],"is_beta":false,"boss_relics":[],"items_purged_floors":[],"is_endless":false,"potions_floor_spawned":[4,5,8,11,14],"killed_by":"The Guardian","ascension_level":19}