{"gold_per_floor":[116,116,136,149,99,84,84,119,119,119,154,168,168,197,197,294,294,304,29,29,29,29,29,46,57,57,57,57,69,81,81],"floor_reached":31,"playtime":1828,"items_purged":[],"score":344,"play_id":"3f574917-c0fa-4b7a-9ff2-fb9f1346fbca","local_time":"20190426153432","is_ascension_mode":true,"campfire_choices":[{"data":"Zap","floor":10,"key":"SMITH"},{"data":"Cold Snap","floor":15,"key":"SMITH"},{"data":"Electrodynamics","floor":23,"key":"SMITH"},{"floor":27,"key":"REST"}],"neow_cost":"NONE","seed_source_timestamp":198797624376878,"circlet_count":0,"master_deck":["Strike_B","Strike_B","Strike_B","Defend_B","Defend_B","Defend_B","Defend_B","Zap+1","Dualcast","Cold Snap+1","Cold Snap","Leap","Capacitor","Beam Cell+1","Cold Snap","Electrodynamics+1","Beam Cell+1","FTL","Redo+1","Fusion+1","Doubt","Chill+1"],"relics":["Runic Dome","Happy Flower","Bottled Lightning","Regal Pillow","Meat on the Bone","Blue Candle","Dodecahedron","Cursed Key","Toxic Egg 2","CultistMask","Smiling Mask"],"potions_floor_usage":[8,11,14,16,25,25,29,29],"damage_taken":[{"damage":3,"enemies":"Jaw Worm","floor":1,"turns":5},{"damage":0,"enemies":"2 Louse","floor":3,"turns":3},{"damage":0,"enemies":"Cultist","floor":4,"turns":3},{"damage":14,"enemies":"Exordium Thugs","floor":6,"turns":4},{"damage":1,"enemies":"3 Sentries","floor":8,"turns":4},{"damage":12,"enemies":"Gremlin Nob","floor":11,"turns":5},{"damage":9,"enemies":"Large Slime","floor":12,"turns":6},{"damage":15,"enemies":"3 Sentries","floor":14,"turns":10},{"damage":28,"enemies":"The Guardian","floor":16,"turns":14},{"damage":3,"enemies":"Chosen","floor":18,"turns":4},{"damage":26,"enemies":"2 Thieves","floor":24,"turns":4},{"damage":35,"enemies":"Shelled Parasite and Fungi","floor":25,"turns":3},{"damage":2,"enemies":"Snecko","floor":29,"turns":4},{"damage":25,"enemies":"Snake Plant","floor":30,"turns":6},{"damage":40,"enemies":"Gremlin Leader","floor":31,"turns":4}],"seed_played":"1364405348984608637","potions_obtained":[{"floor":4,"key":"Poison Potion"},{"floor":6,"key":"AttackPotion"},{"floor":12,"key":"SkillPotion"},{"floor":14,"key":"SkillPotion"},{"floor":24,"key":"EntropicBrew"},{"floor":25,"key":"EssenceOfSteel"},{"floor":28,"key":"Strength Potion"},{"floor":28,"key":"Fire Potion"}],"is_trial":false,"path_per_floor":["M","?","M","M","?","M","T","E","T","R","E","M","?","E","R","B",null,"M","$","?","$","?","R","M","M","T","R","?","M","M","E"],"character_chosen":"DEFECT","items_purchased":["FTL","Toxic Egg 2"],"campfire_rested":1,"item_purchase_floors":[19,19],"current_hp_per_floor":[65,62,62,62,62,48,48,47,47,47,47,38,38,35,35,19,61,58,58,58,58,58,58,44,30,30,67,67,65,40,0],"gold":81,"neow_bonus":"BOSS_RELIC","is_prod":false,"is_daily":false,"chose_seed":false,"campfire_upgraded":3,"win_rate":0,"timestamp":1556314472,"path_taken":["M","?","M","M","?","M","?","E","T","R","E","M","?","E","R","BOSS","M","$","?","?","?","R","M","M","T","R","?","M","?","E"],"build_version":"2019-04-23","purchased_purges":0,"victory":false,"max_hp_per_floor":[75,75,75,75,75,75,75,75,75,75,75,75,75,75,75,75,75,75,75,75,75,75,75,75,75,75,75,75,75,75,75],"card_choices":[{"not_picked":["Steam","Barrage"],"picked":"Cold Snap","floor":1},{"not_picked":["Steam","Consume"],"picked":"Cold Snap","floor":3},{"not_picked":["Rebound","Stack","Undo"],"picked":"SKIP","floor":4},{"not_picked":["Force Field","Static Discharge"],"picked":"Leap","floor":6},{"not_picked":["Barrage","Rainbow"],"picked":"Capacitor","floor":8},{"not_picked":["Auto Shields","Heatsinks","Hologram"],"picked":"SKIP","floor":11},{"not_picked":["Hologram","Lockon"],"picked":"Beam Cell","floor":12},{"not_picked":["Storm","Auto Shields"],"picked":"Cold Snap","floor":14},{"not_picked":["Rainbow","All For One"],"picked":"Electrodynamics","floor":16},{"not_picked":["Rebound","Steam"],"picked":"Beam Cell+1","floor":18},{"not_picked":["Barrage","Hello World"],"picked":"Redo+1","floor":24},{"not_picked":["Streamline","Sweeping Beam+1"],"picked":"Fusion+1","floor":25},{"not_picked":["Go for the Eyes","Self Repair"],"picked":"Chill+1","floor":29},{"not_picked":["Redo+1","Turbo+1","Rebound"],"picked":"SKIP","floor":30}],"player_experience":527170,"relics_obtained":[{"floor":7,"key":"Bottled Lightning"},{"floor":8,"key":"Regal Pillow"},{"floor":9,"key":"Meat on the Bone"},{"floor":11,"key":"Blue Candle"},{"floor":14,"key":"Dodecahedron"},{"floor":26,"key":"Smiling Mask"}],"event_choices":[{"damage_healed":0,"gold_gain":0,"player_choice":"Success","damage_taken":3,"relics_obtained":["Happy Flower"],"max_hp_gain":0,"max_hp_loss":0,"event_name":"Scrap Ooze","floor":2,"gold_loss":0},{"cards_removed":["Strike_B"],"damage_healed":0,"gold_gain":0,"player_choice":"Card Removal","damage_taken":0,"max_hp_gain":0,"max_hp_loss":0,"event_name":"The Cleric","floor":5,"gold_loss":50},{"damage_healed":0,"gold_gain":0,"player_choice":"Upgraded","damage_taken":0,"max_hp_gain":0,"max_hp_loss":0,"event_name":"Upgrade Shrine","floor":13,"gold_loss":0,"cards_upgraded":["Beam Cell"]},{"damage_healed":0,"gold_gain":0,"player_choice":"Trade","damage_taken":0,"relics_obtained":["CultistMask"],"max_hp_gain":0,"max_hp_loss":0,"event_name":"FaceTrader","floor":20,"gold_loss":0},{"damage_healed":0,"gold_gain":0,"player_choice":"Ignored","damage_taken":0,"max_hp_gain":0,"max_hp_loss":0,"event_name":"Vampires","floor":22,"gold_loss":0},{"damage_healed":0,"gold_gain":0,"player_choice":"Got Potions","damage_taken":0,"max_hp_gain":0,"max_hp_loss":0,"event_name":"Lab","floor":28,"gold_loss":0}],"is_beta":true,"boss_relics":[{"not_picked":["Black Star","Runic Pyramid"],"picked":"Cursed Key"}],"items_purged_floors":[],"is_endless":false,"potions_floor_spawned":[4,6,12,14,24,25],"killed_by":"Gremlin Leader","ascension_level":7}