{"path_per_floor":["M","M","M","M","M","E","R","E","T","E","?","$","M","M","R","B",null,"M","?","?","?","M","E","$","R","T","$","?","M","?","M","R"],"character_chosen":"IRONCLAD","items_purchased":["Paper Frog","Dramatic Entrance"],"gold_per_floor":[110,130,147,165,184,219,219,248,273,304,269,22,41,59,59,154,154,169,169,169,84,102,127,127,127,127,22,22,39,39,59,59],"floor_reached":33,"campfire_rested":1,"playtime":2890,"current_hp_per_floor":[80,80,80,73,63,44,44,35,35,41,61,61,67,71,71,65,80,80,80,80,80,80,48,48,48,48,48,48,39,23,31,70],"items_purged":[],"gold":59,"score":312,"play_id":"b88b1abf-0026-45f5-8e99-bae3bb5aaaac","is_prod":false,"is_daily":false,"is_ascension_mode":false,"campfire_upgraded":2,"path_taken":["M","M","M","M","M","E","R","E","T","E","?","$","M","M","R","BOSS","M","?","?","?","M","E","?","R","T","$","?","?","?","M","R","BOSS"],"build_version":"2018-02-15-PROD1","purchased_purges":0,"victory":false,"master_deck":["Strike_R","Strike_R","Strike_R","Strike_R","Strike_R+1","Defend_R","Defend_R","Bash","Pommel Strike","Infernal Blade","Twin Strike+1","Pommel Strike","Fire Breathing","Flex+1","Anger","Thunderclap","Searing Blow+1","Metallicize","Demon Form","Armaments","Rage","Metallicize","Fire Breathing","Dramatic Entrance","Writhe","Inflame","Necronomicurse","Pummel"],"max_hp_per_floor":[80,80,80,80,80,80,80,80,80,80,80,80,80,80,80,80,80,80,80,80,80,80,80,80,80,80,80,80,80,80,80,80],"relics":["Burning Blood","Matryoshka","Whetstone","Orichalcum","Oddly Smooth Stone","Anchor","Paper Frog","Mark of Pain","Girya","Regal Pillow","Bag of Preparation","Calipers","Blood Vial","Necronomicon"],"card_choices":[{"not_picked":["Hemokinesis","Clash"],"picked":"Pommel Strike"},{"not_picked":["Burning Pact","Sever Soul"],"picked":"Infernal Blade"},{"not_picked":["Dropkick","Shrug It Off"],"picked":"Twin Strike"},{"not_picked":["Rampage","Sword Boomerang"],"picked":"Pommel Strike"},{"not_picked":["Clash","Flame Barrier"],"picked":"Fire Breathing"},{"not_picked":["Burning Pact","True Grit"],"picked":"Flex"},{"not_picked":["Inflame","Flex"],"picked":"Anger"},{"not_picked":["Flex","Whirlwind"],"picked":"Thunderclap"},{"not_picked":["Dual Wield","Barricade"],"picked":"Searing Blow"},{"not_picked":["Thunderclap","Headbutt"],"picked":"Metallicize"},{"not_picked":["Berserk","Offering"],"picked":"Demon Form"},{"not_picked":["Perfected Strike","Clothesline"],"picked":"Armaments"},{"not_picked":["Armaments","Feel No Pain"],"picked":"Metallicize"},{"not_picked":["Heavy Blade","Reckless Charge"],"picked":"Fire Breathing"},{"not_picked":["Rampage","Body Slam"],"picked":"Inflame"},{"not_picked":["Cleave","Sever Soul"],"picked":"Pummel"}],"player_experience":20060,"potions_floor_usage":[8,8,16,16,16,33,33],"damage_taken":[{"damage":1,"enemies":"2 Louse","floor":1,"turns":4},{"damage":6,"enemies":"Jaw Worm","floor":2,"turns":3},{"damage":0,"enemies":"Small Slimes","floor":3,"turns":2},{"damage":13,"enemies":"2 Fungi Beasts","floor":4,"turns":3},{"damage":16,"enemies":"Gremlin Gang","floor":5,"turns":6},{"damage":25,"enemies":"3 Sentries","floor":6,"turns":6},{"damage":15,"enemies":"Lagavulin","floor":8,"turns":5},{"damage":0,"enemies":"Gremlin Nob","floor":10,"turns":3},{"damage":0,"enemies":"Exordium Thugs","floor":13,"turns":4},{"damage":2,"enemies":"3 Louse","floor":14,"turns":3},{"damage":12,"enemies":"Hexaghost","floor":16,"turns":9},{"damage":4,"enemies":"Shell Parasite","floor":18,"turns":4},{"damage":1,"enemies":"Spheric Guardian","floor":22,"turns":3},{"damage":38,"enemies":"Book of Stabbing","floor":23,"turns":5},{"damage":17,"enemies":"Snake Plant","floor":29,"turns":4},{"damage":0,"enemies":"Cultist and Chosen","floor":31,"turns":4},{"damage":73,"enemies":"Collector","floor":33,"turns":5}],"event_choices":[{"event_name":"The Cleric","player_choice":"Healed","floor":11,"damage_taken":0},{"event_name":"Bonfire Elementals","player_choice":"BASIC","floor":19,"damage_taken":0},{"event_name":"The Library","player_choice":"Read","floor":20,"damage_taken":0},{"event_name":"Addict","player_choice":"Obtained Relic","floor":21,"damage_taken":0},{"event_name":"The Mausoleum","player_choice":"Yes","floor":28,"damage_taken":0},{"event_name":"Cursed Tome","player_choice":"Obtained Book","floor":30,"damage_taken":0}],"boss_relics":[{"not_picked":["Lizard Tail","Runic Dome"],"picked":"Mark of Pain"}],"potions_floor_spawned":[1,5,6,8,10,16,31],"seed_played":"3936080500887898307","killed_by":"Collector","ascension_level":0,"is_trial":false}