{"gold_per_floor":[119,67,67,67,142,159,215,226,307,341,357,357,357,13,13,117,117,130,130,145,145,145,145,145,175,175,175,192,192,212,122,122,122],"floor_reached":33,"playtime":616,"items_purged":[],"score":261,"play_id":"c5c4b3bf-169f-474d-b214-7393c7ab70a1","local_time":"20190427132845","is_ascension_mode":false,"campfire_choices":[{"data":"Consume","floor":12,"key":"SMITH"},{"data":"Barrage","floor":15,"key":"SMITH"},{"floor":23,"key":"REST"},{"floor":29,"key":"REST"},{"floor":32,"key":"REST"}],"neow_cost":"NONE","seed_source_timestamp":3458250113171301,"circlet_count":0,"master_deck":["Strike_B","Strike_B","Strike_B","Defend_B","Defend_B","Defend_B","Defend_B","Zap","Dualcast","Chill+1","Sweeping Beam","Beam Cell","Barrage+1","Coolheaded","Static Discharge+1","Consume+1","Coolheaded+1","Tempest+1","Creative AI+1","Turbo+1","Capacitor+1","Turbo+1","Writhe","White Noise+1"],"relics":["Cracked Core","NeowsBlessing","Dodecahedron","Frozen Egg 2","Boot","Toxic Egg 2","Runic Dome","Juzu Bracelet","Shuriken","DataDisk"],"potions_floor_usage":[25,25,25,33,33],"damage_taken":[{"damage":0,"enemies":"Small Slimes","floor":1,"turns":1},{"damage":0,"enemies":"2 Louse","floor":6,"turns":1},{"damage":0,"enemies":"Lagavulin Event","floor":7,"turns":1},{"damage":6,"enemies":"Jaw Worm","floor":8,"turns":3},{"damage":9,"enemies":"3 Sentries","floor":10,"turns":7},{"damage":0,"enemies":"3 Louse","floor":11,"turns":2},{"damage":40,"enemies":"The Guardian","floor":16,"turns":8},{"damage":5,"enemies":"Spheric Guardian","floor":18,"turns":4},{"damage":10,"enemies":"Chosen","floor":20,"turns":4},{"damage":29,"enemies":"Colosseum Slavers","floor":21,"turns":3},{"damage":34,"enemies":"Slavers","floor":25,"turns":3},{"damage":12,"enemies":"Snake Plant","floor":28,"turns":4},{"damage":20,"enemies":"Centurion and Healer","floor":30,"turns":4},{"damage":82,"enemies":"Automaton","floor":33,"turns":6}],"seed_played":"5360445496752637444","potions_obtained":[{"floor":1,"key":"Weak Potion"},{"floor":8,"key":"Ancient Potion"},{"floor":16,"key":"Weak Potion"},{"floor":20,"key":"Dexterity Potion"},{"floor":25,"key":"GamblersBrew"},{"floor":28,"key":"LiquidBronze"}],"is_trial":false,"path_per_floor":["M","$","?","?","?","M","?","M","T","E","M","R","?","$","R","B",null,"M","?","M","?","?","R","?","E","T","?","M","R","M","?","R","B"],"character_chosen":"DEFECT","items_purchased":["Sweeping Beam","Toxic Egg 2","Coolheaded+1","Tempest+1"],"campfire_rested":3,"item_purchase_floors":[2,14,14,14],"current_hp_per_floor":[75,75,75,75,64,64,64,58,58,49,49,49,49,49,49,9,75,70,56,46,17,17,41,67,33,33,33,21,45,25,25,49,0],"gold":122,"neow_bonus":"THREE_ENEMY_KILL","is_prod":false,"is_daily":false,"chose_seed":false,"campfire_upgraded":2,"win_rate":0,"timestamp":1556368125,"path_taken":["M","$","?","?","?","?","?","M","T","E","M","R","?","?","R","BOSS","M","?","M","?","?","R","?","E","T","?","M","R","M","?","R","BOSS"],"build_version":"2019-01-23","purchased_purges":0,"victory":false,"max_hp_per_floor":[75,75,75,75,75,75,75,75,75,75,75,75,75,75,75,75,75,75,80,80,80,80,80,80,80,80,80,80,80,80,80,80,80],"card_choices":[{"not_picked":["Reinforced Body","Self Repair"],"picked":"Chill","floor":1},{"not_picked":["Rebound","Stack"],"picked":"Beam Cell","floor":6},{"not_picked":["Steam Power","Double Energy"],"picked":"Barrage","floor":7},{"not_picked":["Auto Shields","Go for the Eyes"],"picked":"Coolheaded","floor":8},{"not_picked":["Sweeping Beam","Meteor Strike"],"picked":"Static Discharge+1","floor":10},{"not_picked":["Streamline","Glacier"],"picked":"Consume","floor":11},{"not_picked":["Reboot+1","Core Surge"],"picked":"Creative AI+1","floor":16},{"not_picked":["Hello World+1","Gash"],"picked":"Turbo+1","floor":18},{"not_picked":["Undo+1","Aggregate+1"],"picked":"Capacitor+1","floor":20},{"not_picked":["Hologram+1","Machine Learning+1"],"picked":"Turbo+1","floor":25},{"not_picked":["Go for the Eyes+1","Coolheaded+1"],"picked":"White Noise+1","floor":28},{"not_picked":["Storm+1","Aggregate+1","Rip and Tear"],"picked":"SKIP","floor":30}],"player_experience":696798,"relics_obtained":[{"floor":7,"key":"Dodecahedron"},{"floor":9,"key":"Frozen Egg 2"},{"floor":10,"key":"Boot"},{"floor":25,"key":"Juzu Bracelet"},{"floor":26,"key":"Shuriken"}],"event_choices":[{"damage_healed":0,"gold_gain":0,"player_choice":"Leave","damage_taken":0,"max_hp_gain":0,"max_hp_loss":0,"event_name":"The Cleric","floor":3,"gold_loss":0},{"damage_healed":0,"gold_gain":0,"player_choice":"Ignored","damage_taken":0,"max_hp_gain":0,"max_hp_loss":0,"event_name":"Golden Wing","floor":4,"gold_loss":0},{"damage_healed":0,"gold_gain":75,"player_choice":"Gather Gold","damage_taken":11,"max_hp_gain":0,"max_hp_loss":0,"event_name":"World of Goop","floor":5,"gold_loss":0},{"damage_healed":0,"gold_gain":30,"player_choice":"Searched \u00273\u0027 times","damage_taken":0,"max_hp_gain":0,"max_hp_loss":0,"event_name":"Dead Adventurer","floor":7,"gold_loss":0},{"damage_healed":0,"gold_gain":0,"player_choice":"Ignored","damage_taken":0,"max_hp_gain":0,"max_hp_loss":0,"event_name":"Golden Idol","floor":13,"gold_loss":0},{"damage_healed":0,"gold_gain":0,"player_choice":"Shed Blood","damage_taken":19,"max_hp_gain":5,"max_hp_loss":0,"event_name":"Forgotten Altar","floor":19,"gold_loss":0},{"damage_healed":0,"gold_gain":0,"player_choice":"Fight","damage_taken":0,"max_hp_gain":0,"max_hp_loss":0,"event_name":"Colosseum","floor":21,"gold_loss":0},{"damage_healed":0,"gold_gain":0,"player_choice":"Fled From Nobs","damage_taken":0,"max_hp_gain":0,"max_hp_loss":0,"event_name":"Colosseum","floor":21,"gold_loss":0},{"damage_healed":0,"gold_gain":0,"player_choice":"Ignored","damage_taken":0,"max_hp_gain":0,"max_hp_loss":0,"event_name":"Ghosts","floor":22,"gold_loss":0},{"damage_healed":26,"gold_gain":0,"player_choice":"Heal","damage_taken":0,"max_hp_gain":0,"max_hp_loss":0,"event_name":"The Library","floor":24,"gold_loss":0},{"damage_healed":0,"gold_gain":0,"player_choice":"Opened","damage_taken":0,"relics_obtained":["DataDisk"],"max_hp_gain":0,"max_hp_loss":0,"event_name":"The Mausoleum","floor":27,"gold_loss":0,"cards_obtained":["Writhe"]},{"cards_removed":["Strike_B"],"damage_healed":0,"gold_gain":0,"player_choice":"Upgrade and Remove","damage_taken":0,"max_hp_gain":0,"max_hp_loss":0,"event_name":"Designer","floor":31,"gold_loss":90,"cards_upgraded":["Chill"]}],"is_beta":false,"boss_relics":[{"not_picked":["Black Star","Lizard Tail"],"picked":"Runic Dome"}],"items_purged_floors":[],"is_endless":false,"potions_floor_spawned":[1,8,16,20,25,28],"killed_by":"Automaton","ascension_level":0}