{"path_per_floor":["M","M","$","?","?","R","E","R","T","E","M","R","E","M","R","B",null,"M","M","?","$","M","R","E","?","T","E","R","M","E","M","R","B",null,"M","$","?","$","T","R","E","R","T","E","R","M","E","M","R"],"character_chosen":"THE_SILENT","items_purchased":["Cloak And Dagger","Oddly Smooth Stone","Ice Cream"],"gold_per_floor":[114,129,3,3,3,3,33,33,58,88,103,103,163,178,178,278,278,293,308,308,58,73,73,103,103,103,133,133,148,178,193,193,293,293,308,8,17,17,17,17,47,47,72,102,102,117,147,162,162],"floor_reached":50,"campfire_rested":5,"playtime":2499,"current_hp_per_floor":[70,70,70,70,70,70,66,66,66,64,64,64,64,64,64,64,70,65,65,65,65,65,65,65,65,65,45,66,54,52,44,65,37,70,70,70,35,35,35,56,54,54,54,42,63,49,55,64,74],"items_purged":["Strike_G","Defend_G"],"gold":162,"score":729,"play_id":"89dab54e-ab97-4ad9-b7e0-63dcb8f5b2d7","local_time":"20180312000004","daily_mods":["Shiny","Elite Swarm","Lethality"],"is_prod":false,"is_daily":true,"is_ascension_mode":false,"campfire_upgraded":6,"timestamp":1520834404,"path_taken":["M","M","$","?","?","R","E","R","T","E","M","R","E","M","R","BOSS","M","M","?","$","M","R","E","?","T","E","R","M","E","M","R","BOSS","M","$","?","$","?","R","E","R","T","E","R","?","E","?","R","BOSS"],"build_version":"2018-03-08-BETA","purchased_purges":2,"victory":false,"master_deck":["Defend_G","Defend_G","Defend_G","Defend_G","Strike_G","Strike_G","Strike_G","Strike_G","Survivor","Neutralize+1","After Image+1","Blur","Dagger Spray+1","Cloak And Dagger+1","Die Die Die","Tools of the Trade","Adrenaline+1","Flying Knee","Glass Knife+1","Terror","Dagger Spray","Escape Plan","Parasite","Burst","Finisher","Adrenaline+1","Finisher","Distraction","Parasite","Glass Knife","Clumsy","Finisher","After Image"],"max_hp_per_floor":[70,70,70,70,70,70,70,70,70,70,70,70,70,70,70,70,70,70,70,70,70,70,70,70,70,70,70,70,70,70,70,70,70,70,70,70,70,70,70,70,70,70,70,72,72,72,72,74,74],"relics":["Ring of the Snake","Frozen Eye","Art of War","Pen Nib","Tiny Chest","Cursed Key","Oddly Smooth Stone","Sundial","Peace Pipe","Calipers","Bottled Flame","White Beast Statue","Ice Cream","Ginger","Du-Vu Doll","The Courier","Snake Skull","Singing Bowl","Prayer Wheel"],"card_choices":[{"not_picked":["Flying Knee","Sucker Punch"],"picked":"Blur"},{"not_picked":["Dodge and Roll","Bouncing Flask"],"picked":"Dagger Spray"},{"not_picked":["Corpse Explosion","Grand Finale"],"picked":"Die Die Die"},{"not_picked":["Corpse Explosion","Grand Finale"],"picked":"Tools of the Trade"},{"not_picked":["Tools of the Trade","Grand Finale"],"picked":"Adrenaline"},{"not_picked":["Slice","Quick Slash"],"picked":"Flying Knee"},{"not_picked":["A Thousand Cuts","Grand Finale"],"picked":"Glass Knife"},{"not_picked":["Quick Slash","Prepared"],"picked":"Terror"},{"not_picked":["Backflip","Crippling Poison"],"picked":"Dagger Spray"},{"not_picked":["Slice","Dagger Throw"],"picked":"Escape Plan"},{"not_picked":["Envenom","Unload"],"picked":"Burst"},{"not_picked":["Poisoned Stab","Expertise"],"picked":"Finisher"},{"not_picked":["A Thousand Cuts","Night Terror"],"picked":"Adrenaline"},{"not_picked":["Expertise","Noxious Fumes"],"picked":"Finisher"},{"not_picked":["Prepared","Quick Slash"],"picked":"Distraction"},{"not_picked":["Burst","A Thousand Cuts"],"picked":"Glass Knife"},{"not_picked":["Choke","Dodge and Roll"],"picked":"Finisher"},{"not_picked":["Wraith Form","Doppelganger"],"picked":"After Image"}],"player_experience":197173,"potions_floor_usage":[7,18,24,24,27,41,41,47,47,48,50,50],"damage_taken":[{"damage":0,"enemies":"Small Slimes","floor":1,"turns":3},{"damage":0,"enemies":"2 Louse","floor":2,"turns":2},{"damage":4,"enemies":"3 Sentries","floor":7,"turns":4},{"damage":2,"enemies":"Gremlin Nob","floor":10,"turns":4},{"damage":0,"enemies":"Cultist","floor":11,"turns":2},{"damage":0,"enemies":"Lagavulin","floor":13,"turns":4},{"damage":0,"enemies":"Gremlin Gang","floor":14,"turns":3},{"damage":0,"enemies":"Slime Boss","floor":16,"turns":6},{"damage":5,"enemies":"2 Thieves","floor":18,"turns":2},{"damage":0,"enemies":"Chosen","floor":19,"turns":3},{"damage":0,"enemies":"Centurion and Healer","floor":22,"turns":3},{"damage":0,"enemies":"Gremlin Leader","floor":24,"turns":4},{"damage":20,"enemies":"Book of Stabbing","floor":27,"turns":4},{"damage":12,"enemies":"Snake Plant","floor":29,"turns":3},{"damage":2,"enemies":"Gremlin Leader","floor":30,"turns":2},{"damage":8,"enemies":"3 Cultists","floor":31,"turns":4},{"damage":28,"enemies":"Automaton","floor":33,"turns":7},{"damage":0,"enemies":"3 Darklings","floor":35,"turns":3},{"damage":35,"enemies":"Mysterious Sphere","floor":37,"turns":4},{"damage":2,"enemies":"Nemesis","floor":41,"turns":3},{"damage":14,"enemies":"2 Orb Walkers","floor":44,"turns":3},{"damage":14,"enemies":"3 Shapes","floor":46,"turns":1},{"damage":0,"enemies":"Giant Head","floor":47,"turns":3},{"damage":2,"enemies":"Spire Growth","floor":48,"turns":4},{"damage":82,"enemies":"Time Eater","floor":50,"turns":8}],"event_choices":[{"event_name":"The Cleric","player_choice":"Leave","floor":4,"damage_taken":0},{"event_name":"Accursed Blacksmith","player_choice":"Forge","floor":5,"damage_taken":0},{"event_name":"The Lab","player_choice":"Got Potions","floor":20,"damage_taken":0},{"event_name":"Beggar","player_choice":"Ignored","floor":25,"damage_taken":0},{"event_name":"Mysterious Sphere","player_choice":"Fight","floor":37,"damage_taken":0}],"boss_relics":[{"not_picked":["Tiny House","Pandora\u0027s Box"],"picked":"Cursed Key"},{"not_picked":["Runic Pyramid","The Specimen"],"picked":"White Beast Statue"}],"potions_floor_spawned":[1,2,7,14,18,22,27,33,35,37,41,44,46,47,48],"seed_played":"-3661932950863109323","killed_by":"Time Eater","ascension_level":0,"is_trial":false}