{"gold_per_floor":[109,119,136,155,169,169,197,197,197,217,242,260,260,276,276,371,371,381,306,10,26,26,26,26],"floor_reached":24,"playtime":1383,"items_purged":[],"score":306,"play_id":"54b7cdc4-a98f-46e4-8e3f-aac9844a778a","local_time":"20180712112320","is_ascension_mode":true,"campfire_choices":[{"floor":6,"key":"REST"},{"data":"Defragment","floor":8,"key":"SMITH"},{"data":"Seek","floor":15,"key":"SMITH"},{"floor":23,"key":"REST"}],"neow_cost":"TEN_PERCENT_HP_LOSS","seed_source_timestamp":60689363069024,"circlet_count":0,"master_deck":["Strike_B","Strike_B","Strike_B","Strike_B","Defend_B","Defend_B","Defend_B","Zap","Dualcast","Seek+1","Defragment+1","Coolheaded","Leap","Rip and Tear","Leap","Conserve Battery","Core Surge","Self Repair","Cold Snap","White Noise","Amplify","Steam Power+1","Compile Driver","Hologram","Necronomicurse"],"relics":["FrozenCore","Orichalcum","Mummified Hand","Turnip","Gambling Chip","Necronomicon"],"potions_floor_usage":[7,7,11,12,24],"damage_taken":[{"damage":2,"enemies":"Jaw Worm","floor":1,"turns":4},{"damage":1,"enemies":"Cultist","floor":2,"turns":3},{"damage":7,"enemies":"2 Louse","floor":3,"turns":3},{"damage":3,"enemies":"Looter","floor":4,"turns":4},{"damage":6,"enemies":"Red Slaver","floor":5,"turns":4},{"damage":4,"enemies":"Lagavulin","floor":7,"turns":7},{"damage":0,"enemies":"Exordium Wildlife","floor":10,"turns":5},{"damage":0,"enemies":"3 Sentries","floor":11,"turns":7},{"damage":4,"enemies":"2 Fungi Beasts","floor":12,"turns":6},{"damage":2,"enemies":"3 Louse","floor":14,"turns":3},{"damage":36,"enemies":"Hexaghost","floor":16,"turns":16},{"damage":0,"enemies":"Chosen","floor":18,"turns":7},{"damage":18,"enemies":"2 Thieves","floor":19,"turns":5},{"damage":0,"enemies":"Sentry and Sphere","floor":21,"turns":11},{"damage":74,"enemies":"Book of Stabbing","floor":24,"turns":10}],"seed_played":"-102105129957500648","potions_obtained":[{"floor":2,"key":"SteroidPotion"},{"floor":3,"key":"FearPotion"},{"floor":5,"key":"Fire Potion"},{"floor":7,"key":"Block Potion"},{"floor":21,"key":"Weak Potion"}],"is_trial":false,"path_per_floor":["M","M","M","M","M","R","E","R","T","M","E","M","?","M","R","B",null,"M","M","$","M","?","R"],"character_chosen":"DEFECT","items_purchased":["Gambling Chip"],"campfire_rested":2,"item_purchase_floors":[20],"current_hp_per_floor":[66,65,58,55,49,68,64,64,64,64,64,67,67,68,68,39,61,68,57,57,64,48,68,0],"gold":26,"neow_bonus":"THREE_RARE_CARDS","is_prod":false,"is_daily":false,"chose_seed":false,"campfire_upgraded":2,"win_rate":0,"timestamp":1531416200,"path_taken":["M","M","M","M","M","R","E","R","T","M","E","M","?","M","R","BOSS","M","M","$","M","?","R","E"],"build_version":"2018-07-11","purchased_purges":0,"victory":false,"max_hp_per_floor":[68,68,68,68,68,68,68,68,68,68,68,68,68,68,68,68,68,68,68,68,68,68,68,68],"card_choices":[{"not_picked":["Biased Cognition","Core Surge"],"picked":"Seek","floor":0},{"not_picked":["Compile Driver","Reprogram"],"picked":"Defragment","floor":1},{"not_picked":["Streamline","Chaos"],"picked":"Coolheaded","floor":2},{"not_picked":["Sunder","Turbo"],"picked":"Leap","floor":3},{"not_picked":["Leap","Force Field"],"picked":"Rip and Tear","floor":4},{"not_picked":["Gash","Doom and Gloom"],"picked":"Leap","floor":5},{"not_picked":["Stack","Reprogram"],"picked":"Conserve Battery","floor":7},{"not_picked":["Glacier","Go for the Eyes"],"picked":"Core Surge","floor":10},{"not_picked":["Compile Driver","Coolheaded"],"picked":"Self Repair","floor":11},{"not_picked":["Go for the Eyes","Beam Cell"],"picked":"Cold Snap","floor":12},{"not_picked":["Redo","Leap"],"picked":"White Noise","floor":14},{"not_picked":["Hyperbeam","Biased Cognition"],"picked":"Amplify","floor":16},{"not_picked":["Consume+1","Turbo+1"],"picked":"Steam Power+1","floor":18},{"not_picked":["Genetic Algorithm","Go for the Eyes"],"picked":"Compile Driver","floor":19},{"not_picked":["Stack","Go for the Eyes"],"picked":"Hologram","floor":21}],"player_experience":465305,"relics_obtained":[{"floor":7,"key":"Orichalcum"},{"floor":9,"key":"Mummified Hand"},{"floor":11,"key":"Turnip"},{"floor":22,"key":"Necronomicon"}],"event_choices":[{"event_name":"Bonfire Elementals","player_choice":"BASIC","floor":13,"damage_taken":0},{"event_name":"Cursed Tome","player_choice":"Obtained Book","floor":22,"damage_taken":0}],"boss_relics":[{"not_picked":["Runic Dome","Philosopher\u0027s Stone"],"picked":"FrozenCore"}],"items_purged_floors":[],"is_endless":false,"potions_floor_spawned":[2,3,5,7,21],"killed_by":"Book of Stabbing","ascension_level":6}