{"path_per_floor":["M","M","?","M","M","R","?","M","T","$","M","$","R","M","R","B",null,"M","M","?","$","M","R","?","?","T","R","$"],"character_chosen":"IRONCLAD","items_purchased":["True Grit","Oddly Smooth Stone","Armaments","Power Through"],"gold_per_floor":[119,138,138,154,165,165,165,182,182,58,76,76,76,90,90,189,189,209,223,223,45,58,58,58,58,81,81,2],"floor_reached":29,"campfire_rested":1,"playtime":2224,"current_hp_per_floor":[80,72,72,72,62,62,55,54,54,54,48,48,48,40,64,42,80,67,57,57,57,46,46,46,46,46,46,46],"items_purged":["Defend_R"],"gold":2,"score":236,"play_id":"6478f77c-a72b-4108-8379-11de695bfc2c","local_time":"20180322001643","is_prod":false,"is_daily":false,"is_ascension_mode":true,"campfire_upgraded":4,"timestamp":1521674203,"path_taken":["M","?","?","M","?","R","?","M","T","$","M","?","R","M","R","BOSS","M","M","?","$","M","R","?","?","T","R","$","E"],"build_version":"2018-03-15v3","purchased_purges":1,"victory":false,"master_deck":["Strike_R","Strike_R","Strike_R","Defend_R","Defend_R","Defend_R","Bash","Rage","Evolve+1","Pommel Strike","Flex","Double Tap","True Grit+1","Inflame","Feed","Shrug It Off","Whirlwind+1","Armaments+1","Reaper","Power Through"],"max_hp_per_floor":[80,80,80,80,80,80,80,80,80,80,80,80,80,80,80,80,80,80,80,80,80,83,83,83,83,83,83,83],"relics":["Mark of Pain","Champion Belt","Question Card","Oddly Smooth Stone","Blood Vial","Spirit Poop","Prayer Wheel"],"card_choices":[{"not_picked":["Second Wind","Dropkick"],"picked":"Rage"},{"not_picked":["True Grit","Rupture"],"picked":"Evolve"},{"not_picked":["Armaments","Evolve"],"picked":"Pommel Strike"},{"not_picked":["Carnage","Combust"],"picked":"Flex"},{"not_picked":["Clothesline","Warcry"],"picked":"Double Tap"},{"not_picked":["Perfected Strike","Corruption"],"picked":"Inflame"},{"not_picked":["Brutality","Double Tap"],"picked":"Feed"},{"not_picked":["Armaments","Pommel Strike","Perfected Strike"],"picked":"Shrug It Off"},{"not_picked":["Sword Boomerang","Infernal Blade","Rampage"],"picked":"Whirlwind"},{"not_picked":["Armaments","Thunderclap","Shrug It Off"],"picked":"Reaper"}],"player_experience":187444,"potions_floor_usage":[11,16,19,29],"damage_taken":[{"damage":0,"enemies":"Cultist","floor":1,"turns":3},{"damage":8,"enemies":"2 Louse","floor":2,"turns":4},{"damage":0,"enemies":"Jaw Worm","floor":4,"turns":4},{"damage":10,"enemies":"Lots of Slimes","floor":5,"turns":5},{"damage":1,"enemies":"Looter","floor":8,"turns":2},{"damage":6,"enemies":"3 Louse","floor":11,"turns":3},{"damage":8,"enemies":"Blue Slaver","floor":14,"turns":4},{"damage":22,"enemies":"Slime Boss","floor":16,"turns":9},{"damage":13,"enemies":"Shell Parasite","floor":18,"turns":5},{"damage":10,"enemies":"2 Thieves","floor":19,"turns":5},{"damage":14,"enemies":"Centurion and Healer","floor":22,"turns":7},{"damage":67,"enemies":"Book of Stabbing","floor":29,"turns":10}],"event_choices":[{"event_name":"Purifier","player_choice":"One Purge","floor":3,"damage_taken":0},{"event_name":"Golden Wing","player_choice":"Card Removal","floor":7,"damage_taken":0},{"event_name":"The Woman in Blue","player_choice":"Bought 0 Potions","floor":20,"damage_taken":0},{"event_name":"The Mausoleum","player_choice":"Yes","floor":24,"damage_taken":0},{"event_name":"Bonfire Elementals","player_choice":"CURSE","floor":25,"damage_taken":0}],"boss_relics":[{"not_picked":["White Beast Statue","Runic Pyramid"],"picked":"Question Card"}],"potions_floor_spawned":[1,4,14,18,19],"seed_played":"189916700497714415","killed_by":"Book of Stabbing","ascension_level":2,"is_trial":false}