{"gold_per_floor":[117,128,142,161,86,86,101,101,101,114,126,126,126,26,26,150,150,175,196,71,92,92,92,117,140,166,191,191,214,237,237,237,237],"floor_reached":33,"playtime":756,"items_purged":["Strike_R","Defend_R","Defend_R"],"score":245,"play_id":"f1a20574-5be5-4679-993c-a24f5d39c8d2","local_time":"20190427142431","is_ascension_mode":false,"campfire_choices":[{"data":"Rampage","floor":6,"key":"SMITH"},{"floor":15,"key":"REST"},{"floor":23,"key":"REST"},{"data":"Bash","floor":32,"key":"SMITH"}],"neow_cost":"TEN_PERCENT_HP_LOSS","seed_source_timestamp":3461455038876629,"circlet_count":0,"master_deck":["Defend_R+1","Defend_R+1","Bash+1","Rampage+1","Writhe"],"relics":["Burning Blood","Magic Flower","Sundial","Golden Idol","Empty Cage","Pantograph","Bag of Preparation","Meat on the Bone"],"potions_floor_usage":[10,21,21,21,33],"damage_taken":[{"damage":12,"enemies":"2 Louse","floor":1,"turns":3},{"damage":0,"enemies":"Small Slimes","floor":2,"turns":3},{"damage":11,"enemies":"Jaw Worm","floor":3,"turns":2},{"damage":19,"enemies":"Lots of Slimes","floor":4,"turns":5},{"damage":16,"enemies":"2 Fungi Beasts","floor":7,"turns":3},{"damage":20,"enemies":"Gremlin Gang","floor":10,"turns":8},{"damage":10,"enemies":"Looter","floor":11,"turns":2},{"damage":15,"enemies":"The Guardian","floor":16,"turns":7},{"damage":3,"enemies":"Chosen","floor":18,"turns":4},{"damage":32,"enemies":"2 Thieves","floor":19,"turns":4},{"damage":18,"enemies":"3 Cultists","floor":21,"turns":5},{"damage":20,"enemies":"Centurion and Healer","floor":24,"turns":4},{"damage":24,"enemies":"Chosen and Byrds","floor":25,"turns":5},{"damage":20,"enemies":"Snecko","floor":27,"turns":4},{"damage":0,"enemies":"Centurion and Healer","floor":29,"turns":4},{"damage":32,"enemies":"Snake Plant","floor":30,"turns":3},{"damage":89,"enemies":"Collector","floor":33,"turns":6}],"seed_played":"-7574566575166878827","potions_obtained":[{"floor":4,"key":"SkillPotion"},{"floor":10,"key":"Dexterity Potion"},{"floor":11,"key":"SkillPotion"},{"floor":19,"key":"SkillPotion"},{"floor":27,"key":"SteroidPotion"}],"is_trial":false,"path_per_floor":["M","M","M","M","$","R","M","?","T","M","M","?","?","$","R","B",null,"M","M","$","M","?","R","M","M","T","M","?","M","M","?","R","B"],"character_chosen":"IRONCLAD","items_purchased":[],"campfire_rested":2,"item_purchase_floors":[],"current_hp_per_floor":[69,72,70,60,60,60,53,46,46,35,34,34,34,34,54,48,67,67,44,44,35,35,55,44,29,29,18,18,45,40,40,40,0],"gold":237,"neow_bonus":"ONE_RARE_RELIC","is_prod":false,"is_daily":false,"chose_seed":false,"campfire_upgraded":2,"win_rate":0,"timestamp":1556371471,"path_taken":["M","M","M","M","$","R","M","?","T","M","M","?","?","$","R","BOSS","M","M","$","?","?","R","M","?","T","M","?","M","M","?","R","BOSS"],"build_version":"2019-01-23","purchased_purges":3,"victory":false,"max_hp_per_floor":[72,72,72,72,72,72,72,72,72,72,72,67,67,67,67,67,67,67,67,67,67,67,67,67,67,67,67,67,67,67,67,67,67],"card_choices":[{"not_picked":["Armaments","Flex","Iron Wave"],"picked":"SKIP","floor":1},{"not_picked":["Wild Strike","Battle Trance"],"picked":"Rampage","floor":2},{"not_picked":["Clothesline","Spot Weakness","True Grit"],"picked":"SKIP","floor":3},{"not_picked":["Thunderclap","Sword Boomerang","Clash"],"picked":"SKIP","floor":4},{"not_picked":["Bloodletting","Metallicize","Ghostly Armor"],"picked":"SKIP","floor":7},{"not_picked":["Dark Embrace","Intimidate","Clothesline"],"picked":"SKIP","floor":10},{"not_picked":["Cleave","Wild Strike"],"picked":"True Grit","floor":11},{"not_picked":["Flex","Twin Strike","Heavy Blade"],"picked":"SKIP","floor":18},{"not_picked":["Wild Strike","Entrench","Anger"],"picked":"SKIP","floor":19},{"not_picked":["Infernal Blade+1","Immolate","Iron Wave"],"picked":"SKIP","floor":21},{"not_picked":["Armaments","Wild Strike","Sword Boomerang"],"picked":"SKIP","floor":24},{"not_picked":["Entrench","True Grit+1","Searing Blow"],"picked":"SKIP","floor":25},{"not_picked":["Wild Strike","Power Through","Sword Boomerang"],"picked":"SKIP","floor":27},{"not_picked":["Intimidate","Rupture","True Grit"],"picked":"SKIP","floor":29},{"not_picked":["Perfected Strike","Sword Boomerang","Warcry"],"picked":"SKIP","floor":30}],"player_experience":699441,"relics_obtained":[{"floor":9,"key":"Sundial"},{"floor":26,"key":"Bag of Preparation"}],"event_choices":[{"cards_removed":["Strike_R"],"damage_healed":0,"gold_gain":0,"player_choice":"Card Removal","damage_taken":7,"max_hp_gain":0,"max_hp_loss":0,"event_name":"Golden Wing","floor":8,"gold_loss":0},{"damage_healed":0,"gold_gain":0,"player_choice":"Lose Max HP","damage_taken":0,"relics_obtained":["Golden Idol"],"max_hp_gain":0,"max_hp_loss":5,"event_name":"Golden Idol","floor":12,"gold_loss":0},{"cards_removed":["Strike_R"],"damage_healed":0,"gold_gain":0,"player_choice":"Offered Basic","damage_taken":0,"max_hp_gain":0,"max_hp_loss":0,"event_name":"Bonfire Elementals","floor":13,"gold_loss":0},{"cards_removed":["True Grit"],"damage_healed":0,"gold_gain":0,"player_choice":"Gave Card","damage_taken":0,"relics_obtained":["Pantograph"],"max_hp_gain":0,"max_hp_loss":0,"event_name":"WeMeetAgain","floor":22,"gold_loss":0},{"damage_healed":0,"gold_gain":0,"player_choice":"Opened","damage_taken":0,"relics_obtained":["Meat on the Bone"],"max_hp_gain":0,"max_hp_loss":0,"event_name":"The Mausoleum","floor":28,"gold_loss":0,"cards_obtained":["Writhe"]},{"damage_healed":0,"gold_gain":0,"player_choice":"Simplicity","damage_taken":0,"max_hp_gain":0,"max_hp_loss":0,"event_name":"Back to Basics","floor":31,"gold_loss":0,"cards_upgraded":["Defend_R","Defend_R"]}],"is_beta":false,"boss_relics":[{"not_picked":["Lizard Tail","Mark of Pain"],"picked":"Empty Cage"}],"items_purged_floors":[5,14,20],"is_endless":false,"potions_floor_spawned":[4,10,11,19,27],"killed_by":"Collector","ascension_level":0}