{"path_per_floor":["M","?","M","?","M","E","R","?","T","R","$","R","M","?","R","B",null,"M","?","T","$","?","R","M","R","T","R","M","?","M","M","R"],"character_chosen":"THE_SILENT","items_purchased":["Well Laid Plans"],"gold_per_floor":[116,191,206,206,231,271,271,221,245,245,135,135,159,159,159,289,289,305,305,305,205,120,120,140,140,140,140,164,164,180,195,195],"floor_reached":33,"campfire_rested":2,"playtime":1830,"current_hp_per_floor":[63,52,52,52,52,32,53,53,53,53,53,53,36,3,24,10,55,51,51,51,51,51,51,56,56,56,70,64,64,63,62,62],"items_purged":["Strike_G","Decay"],"gold":195,"score":342,"play_id":"9fe07d10-5250-4ff8-a0c5-67c41985e359","is_prod":false,"is_daily":false,"is_ascension_mode":true,"campfire_upgraded":2,"path_taken":["M","?","?","?","M","E","R","?","T","R","$","R","M","?","R","BOSS","M","?","?","?","?","R","M","R","T","R","M","?","M","M","R","BOSS"],"build_version":"2018-02-22-PROD2","purchased_purges":2,"victory":false,"master_deck":["Defend_G","Defend_G","Defend_G","Defend_G","Defend_G","Strike_G","Strike_G","Strike_G","Strike_G","Survivor","Neutralize+1","Leg Sweep+1","Poisoned Stab","Accuracy","Well Laid Plans","Cloak And Dagger","After Image","Prepared","Cloak And Dagger","Escape Plan","Decay","Cloak And Dagger","Acrobatics","Writhe","Cloak And Dagger"],"max_hp_per_floor":[70,70,70,70,70,70,70,70,70,70,70,70,70,70,70,70,70,70,70,70,70,70,70,70,70,70,84,84,84,84,84,84],"relics":["Ring of the Snake","NeowsBlessing","Golden Idol","Bird Faced Urn","Juzu Bracelet","Dream Catcher","Cursed Key","Shovel","Molten Egg 2","Prayer Wheel","Mercury Hourglass","Tingsha","Mango","Snake Skull","Mummified Hand"],"card_choices":[{"not_picked":["Dagger Throw","Underhanded Strike"],"picked":"Leg Sweep"},{"not_picked":["Backflip","Backstab"],"picked":"Poisoned Stab"},{"not_picked":["Outmaneuver","Slice"],"picked":"Accuracy"},{"not_picked":["Sucker Punch","Quick Slash"],"picked":"Cloak And Dagger"},{"not_picked":["Tactician","A Thousand Cuts"],"picked":"After Image"},{"not_picked":["Reflex","Dagger Throw"],"picked":"Prepared"},{"not_picked":["Deadly Poison","Poisoned Stab"],"picked":"Escape Plan"},{"not_picked":["PiercingWail","Bouncing Flask"],"picked":"Cloak And Dagger"},{"not_picked":["Sucker Punch","Cloak And Dagger"],"picked":"Acrobatics"},{"not_picked":["Slice","PiercingWail"],"picked":"Cloak And Dagger"}],"player_experience":156369,"potions_floor_usage":[16,30,30,33],"damage_taken":[{"damage":0,"enemies":"Small Slimes","floor":1,"turns":1},{"damage":0,"enemies":"Jaw Worm","floor":3,"turns":1},{"damage":0,"enemies":"Cultist","floor":5,"turns":1},{"damage":20,"enemies":"Gremlin Nob","floor":6,"turns":5},{"damage":19,"enemies":"Exordium Thugs","floor":13,"turns":8},{"damage":18,"enemies":"The Guardian","floor":16,"turns":15},{"damage":10,"enemies":"Spheric Guardian","floor":18,"turns":8},{"damage":1,"enemies":"3 Byrds","floor":24,"turns":9},{"damage":12,"enemies":"Snecko","floor":28,"turns":7},{"damage":7,"enemies":"Snake Plant","floor":30,"turns":5},{"damage":7,"enemies":"3 Cultists","floor":31,"turns":7},{"damage":76,"enemies":"Champ","floor":33,"turns":18}],"event_choices":[{"event_name":"World of Goop","player_choice":"Gather Gold","floor":2,"damage_taken":0},{"event_name":"Golden Idol","player_choice":"Take Wound","floor":4,"damage_taken":0},{"event_name":"The Cleric","player_choice":"Card Removal","floor":8,"damage_taken":0},{"event_name":"Scrap Ooze","player_choice":"success","floor":14,"damage_taken":33},{"event_name":"The Library","player_choice":"Read","floor":19,"damage_taken":0},{"event_name":"Addict","player_choice":"Obtained Relic","floor":22,"damage_taken":0},{"event_name":"The Mausoleum","player_choice":"Yes","floor":29,"damage_taken":0}],"boss_relics":[{"not_picked":["White Beast Statue","Tiny House"],"picked":"Cursed Key"}],"potions_floor_spawned":[1,13,18,28],"seed_played":"8094164232607387155","killed_by":"Champ","ascension_level":6,"is_trial":false}