{"gold_per_floor":[117,117,42,61,80,80,110,110,158,158,208,37,66,66,66,141,141,157,157,171,171,171,228,228,260,260,260,260,274,274,39,39,39],"floor_reached":33,"playtime":1536,"items_purged":[],"score":574,"play_id":"baa8af1a-cf60-4dfb-91b9-2ca5a86c9f47","local_time":"20180918173421","is_ascension_mode":true,"campfire_choices":[{"data":"Dark Embrace","floor":6,"key":"SMITH"},{"floor":8,"key":"REST"},{"data":"Infernal Blade","floor":10,"key":"SMITH"},{"data":"True Grit","floor":15,"key":"SMITH"},{"floor":24,"key":"REST"},{"floor":30,"key":"REST"},{"floor":32,"key":"REST"}],"neow_cost":"NONE","seed_source_timestamp":359837010336736,"circlet_count":0,"master_deck":["Strike_R+1","Defend_R","Defend_R","Defend_R","Defend_R","Bash+1","AscendersBane","Dark Embrace+1","Infernal Blade+1","Flame Barrier+1","Disarm+1","Power Through","True Grit+1","Immolate","Feed+1","Juggernaut+1","Uppercut+1","Second Wind+1","Ghostly Armor","Exhume","Flame Barrier+1","Enlightenment","Shrug It Off","Body Slam"],"relics":["Burning Blood","Bronze Scales","Du-Vu Doll","Strawberry","Whetstone","War Paint","Singing Bowl","Astrolabe","MutagenicStrength","Tiny Chest","Vajra","Shuriken"],"potions_floor_usage":[13,16,25,25,33],"damage_taken":[{"damage":4,"enemies":"Jaw Worm","floor":1,"turns":5},{"damage":19,"enemies":"Small Slimes","floor":4,"turns":4},{"damage":1,"enemies":"2 Louse","floor":5,"turns":2},{"damage":32,"enemies":"Lagavulin","floor":7,"turns":7},{"damage":8,"enemies":"Gremlin Nob","floor":13,"turns":3},{"damage":28,"enemies":"The Guardian","floor":16,"turns":14},{"damage":0,"enemies":"Chosen","floor":18,"turns":4},{"damage":10,"enemies":"Spheric Guardian","floor":20,"turns":4},{"damage":51,"enemies":"Slavers","floor":23,"turns":5},{"damage":46,"enemies":"Book of Stabbing","floor":25,"turns":5},{"damage":11,"enemies":"Snecko","floor":29,"turns":5},{"damage":117,"enemies":"Automaton","floor":33,"turns":12}],"seed_played":"-7340277197085376957","potions_obtained":[{"floor":5,"key":"BloodPotion"},{"floor":7,"key":"AttackPotion"},{"floor":13,"key":"Swift Potion"},{"floor":16,"key":"BloodPotion"},{"floor":25,"key":"Ancient Potion"},{"floor":29,"key":"AttackPotion"}],"is_trial":false,"path_per_floor":["M","?","?","M","M","R","E","R","T","R","T","$","E","$","R","B",null,"M","?","M","?","?","E","R","E","T","$","?","M","R","$","R"],"character_chosen":"IRONCLAD","items_purchased":["War Paint","Enlightenment","Shrug It Off","Body Slam"],"campfire_rested":4,"item_purchase_floors":[12,31,31,31],"current_hp_per_floor":[70,70,70,57,62,62,36,58,65,65,65,65,63,63,63,41,72,78,78,74,74,74,33,58,36,36,36,36,37,65,65,93,0],"gold":39,"neow_bonus":"ONE_RANDOM_RARE_CARD","is_prod":false,"is_daily":false,"chose_seed":false,"campfire_upgraded":3,"win_rate":0,"timestamp":1537288461,"path_taken":["M","?","?","?","M","R","E","R","T","R","?","$","E","?","R","BOSS","M","?","M","?","?","E","R","E","T","$","?","M","R","?","R","BOSS"],"build_version":"2018-09-06","purchased_purges":0,"victory":false,"max_hp_per_floor":[75,75,75,75,75,75,75,75,82,82,82,82,82,82,82,82,82,82,82,82,82,82,86,86,88,88,88,88,94,94,94,94,94],"card_choices":[{"not_picked":["Heavy Blade","Anger"],"picked":"Infernal Blade","floor":1},{"not_picked":["Searing Blow","Armaments"],"picked":"Flame Barrier","floor":4},{"not_picked":["Havoc","Body Slam"],"picked":"Disarm","floor":5},{"not_picked":["Disarm","Bloodletting"],"picked":"Power Through","floor":7},{"not_picked":["Wild Strike","Heavy Blade"],"picked":"True Grit","floor":13},{"not_picked":["Barricade","Dark Embrace"],"picked":"Immolate","floor":16},{"not_picked":["Thunderclap","Flex"],"picked":"Second Wind+1","floor":18},{"not_picked":["Rage","Headbutt"],"picked":"Ghostly Armor","floor":20},{"not_picked":["Dropkick","Seeing Red"],"picked":"Exhume","floor":23},{"not_picked":["Clash","True Grit","Cleave"],"picked":"Singing Bowl","floor":25},{"not_picked":["Clash+1","Cleave","Body Slam+1"],"picked":"Singing Bowl","floor":29}],"player_experience":381802,"relics_obtained":[{"floor":7,"key":"Du-Vu Doll"},{"floor":9,"key":"Strawberry"},{"floor":11,"key":"Whetstone"},{"floor":13,"key":"Singing Bowl"},{"floor":23,"key":"Tiny Chest"},{"floor":25,"key":"Vajra"},{"floor":26,"key":"Shuriken"}],"event_choices":[{"event_name":"Big Fish","player_choice":"Box","floor":2,"damage_taken":0},{"event_name":"The Cleric","player_choice":"Card Removal","floor":3,"damage_taken":0},{"event_name":"Vampires","player_choice":"Ignored","floor":19,"damage_taken":0},{"event_name":"Back to Basics","player_choice":"Elegance","floor":21,"damage_taken":0},{"event_name":"Drug Dealer","player_choice":"Inject Mutagens","floor":22,"damage_taken":0},{"event_name":"Duplicator","player_choice":"One dupe","floor":28,"damage_taken":0}],"is_beta":false,"boss_relics":[{"not_picked":["Empty Cage","Runic Cube"],"picked":"Astrolabe"}],"items_purged_floors":[],"is_endless":false,"potions_floor_spawned":[5,7,13,16,18,25,29],"killed_by":"Automaton","ascension_level":20}