{"gold_per_floor":[115,125,125,143,20,20,40,40,63,78,78,97,131,147,147,147],"floor_reached":16,"playtime":436,"items_purged":["Regret"],"score":166,"play_id":"d56e3e27-c71d-4ab1-a9c5-be6f9b98d790","local_time":"20190117205118","is_ascension_mode":true,"campfire_choices":[{"data":"True Grit","floor":6,"key":"SMITH"},{"data":"True Grit","floor":8,"key":"SMITH"},{"data":"Body Slam","floor":15,"key":"SMITH"}],"neow_cost":"NONE","seed_source_timestamp":2000152876120671,"circlet_count":0,"master_deck":["AscendersBane","Strike_R","Strike_R","Strike_R","Strike_R","Strike_R","Defend_R","Defend_R","Defend_R","Defend_R","Bash","Wild Strike","Spot Weakness","True Grit+1","True Grit+1","Body Slam+1","Twin Strike","Wild Strike","Battle Trance"],"relics":["Burning Blood","Orichalcum","Bag of Preparation","Potion Belt","Oddly Smooth Stone"],"potions_floor_usage":[12,13,16],"damage_taken":[{"damage":7,"enemies":"Small Slimes","floor":1,"turns":4},{"damage":19,"enemies":"Jaw Worm","floor":2,"turns":3},{"damage":14,"enemies":"2 Louse","floor":4,"turns":4},{"damage":11,"enemies":"Gremlin Gang","floor":7,"turns":5},{"damage":2,"enemies":"Lots of Slimes","floor":10,"turns":5},{"damage":5,"enemies":"Looter","floor":12,"turns":2},{"damage":21,"enemies":"Gremlin Nob","floor":13,"turns":4},{"damage":2,"enemies":"Blue Slaver","floor":14,"turns":3},{"damage":52,"enemies":"Hexaghost","floor":16,"turns":9}],"seed_played":"8009134877712950584","potions_obtained":[{"floor":7,"key":"SneckoOil"},{"floor":10,"key":"BloodPotion"},{"floor":12,"key":"Poison Potion"}],"is_trial":false,"path_per_floor":["M","M","?","M","$","R","M","R","T","M","?","M","E","M","R","B"],"character_chosen":"IRONCLAD","items_purchased":["True Grit"],"campfire_rested":0,"item_purchase_floors":[5],"current_hp_per_floor":[79,66,66,58,58,58,53,53,53,57,54,63,48,52,52,0],"gold":147,"neow_bonus":"TEN_PERCENT_HP_BONUS","is_prod":false,"is_daily":false,"chose_seed":false,"campfire_upgraded":3,"win_rate":0,"timestamp":1547758278,"path_taken":["M","M","?","M","$","R","M","R","T","M","?","M","E","M","R","BOSS"],"build_version":"2019-01-10","purchased_purges":1,"victory":false,"max_hp_per_floor":[88,88,88,88,88,88,88,88,88,88,88,88,88,88,88,88],"card_choices":[{"not_picked":["Warcry","Clash","Rupture"],"picked":"SKIP","floor":1},{"not_picked":["Headbutt","Pommel Strike"],"picked":"Wild Strike","floor":2},{"not_picked":["Headbutt","Power Through"],"picked":"Spot Weakness","floor":4},{"not_picked":["Armaments","Rupture"],"picked":"True Grit","floor":7},{"not_picked":["Flex","Double Tap"],"picked":"Body Slam","floor":10},{"not_picked":["Headbutt","Inflame"],"picked":"Twin Strike","floor":12},{"not_picked":["Rage","Body Slam"],"picked":"Wild Strike","floor":13},{"not_picked":["Clash","Sentinel"],"picked":"Battle Trance","floor":14}],"player_experience":400245,"relics_obtained":[{"floor":9,"key":"Bag of Preparation"},{"floor":13,"key":"Oddly Smooth Stone"}],"event_choices":[{"damage_healed":0,"gold_gain":0,"player_choice":"Box","damage_taken":0,"relics_obtained":["Orichalcum"],"max_hp_gain":0,"max_hp_loss":0,"event_name":"Big Fish","floor":3,"gold_loss":0,"cards_obtained":["Regret"]},{"damage_healed":0,"gold_gain":0,"player_choice":"Success","damage_taken":3,"relics_obtained":["Potion Belt"],"max_hp_gain":0,"max_hp_loss":0,"event_name":"Scrap Ooze","floor":11,"gold_loss":0}],"is_beta":false,"boss_relics":[],"items_purged_floors":[5],"is_endless":false,"potions_floor_spawned":[7,10,12],"killed_by":"Hexaghost","ascension_level":12}