{"path_per_floor":["M","M","T","M","$","R","E","R","T","M","R","M","?","M","R","B",null,"M","?","?","$","?","E","M","E","T","R","?","$","R","M","R","B",null,"M","M","?","?","?","E"],"character_chosen":"IRONCLAD","items_purchased":["Inflame","Flex","Pommel Strike","Orichalcum","Inflame","Block Potion"],"gold_per_floor":[119,138,164,182,49,49,81,81,105,120,120,135,135,147,147,246,246,264,264,264,33,33,62,82,82,82,82,172,120,120,131,131,226,226,241,255,255,0,0,32],"floor_reached":41,"campfire_rested":3,"playtime":3468,"current_hp_per_floor":[63,63,63,68,68,68,39,63,63,73,73,72,72,65,65,38,80,49,34,34,34,34,80,86,61,61,61,29,29,57,49,77,8,95,77,82,82,82,82,25],"items_purged":[],"gold":32,"play_id":"4a641ddf-c1f9-4ccb-bdbd-61a16df6ebd6","is_prod":false,"is_daily":false,"campfire_rituals":0,"campfire_upgraded":4,"is_hardmode":false,"path_taken":["M","?","?","M","$","R","E","R","T","M","R","M","?","M","R","BOSS","M","?","?","$","?","E","M","E","T","R","?","?","R","M","R","BOSS","M","M","?","?","?","E","M"],"build_version":"2017-12-21-PROD1","purchased_purges":0,"victory":false,"master_deck":["Strike_R","Strike_R","Strike_R","Strike_R","Defend_R","Defend_R","Defend_R","Defend_R","Bash","Thunderclap","Anger","Dropkick","Inflame","Flex","Pommel Strike","Reaper","Pommel Strike","Dropkick","Heavy Blade","Demon Form","Flex","Inflame","Dual Wield","Iron Wave","Cleave","Blind","Finesse","Inflame","Limit Break","Metallicize","Dropkick","Finesse","Anger"],"max_hp_per_floor":[80,80,80,80,80,80,80,80,80,80,80,80,80,80,80,80,80,80,85,85,85,85,95,95,95,95,95,95,95,95,95,95,95,95,95,95,95,95,95,95],"relics":["Burning Blood","Juzu Bracelet","Pen Nib","Omamori","Oddly Smooth Stone","Black Star","Orichalcum","Pear","Dodecahedron","Bronze Scales","Toxic Egg","Prayer Wheel","Mark of Pain","Red Mask","Happy Flower","Molten Egg"],"campfire_meditates":0,"card_choices":[{"not_picked":["Second Wind","Intimidate"],"picked":"Thunderclap"},{"not_picked":["Clothesline","Shrug It Off"],"picked":"Anger"},{"not_picked":["Seeing Red","Bloodletting"],"picked":"Dropkick"},{"not_picked":["Reckless Charge","Armaments"],"picked":"Reaper"},{"not_picked":["Anger","Berserk"],"picked":"Pommel Strike"},{"not_picked":["Searing Blow","Body Slam"],"picked":"Dropkick"},{"not_picked":["Clothesline","Rampage"],"picked":"Heavy Blade"},{"not_picked":["Fiend Fire","Juggernaut"],"picked":"Demon Form"},{"not_picked":["Clothesline","Pommel Strike"],"picked":"Flex"},{"not_picked":["Shockwave","Armaments"],"picked":"Dual Wield"},{"not_picked":["Brutality","Pummel"],"picked":"Iron Wave"},{"not_picked":["Hemokinesis","True Grit"],"picked":"Cleave"},{"not_picked":["Blood for Blood","Sword Boomerang"],"picked":"Inflame"},{"not_picked":["Impervious","Fiend Fire"],"picked":"Limit Break"},{"not_picked":["Feel No Pain","Inflame"],"picked":"Metallicize"},{"not_picked":["True Grit","Blood for Blood"],"picked":"Anger"}],"player_experience":10491,"potions_floor_usage":[10,23,25,25,33,40,40],"damage_taken":[{"damage":23,"enemies":"Blue Slaver","floor":1,"turns":5},{"damage":6,"enemies":"Jaw Worm","floor":2,"turns":3},{"damage":1,"enemies":"Cultist","floor":4,"turns":3},{"damage":35,"enemies":"3 Sentries","floor":7,"turns":6},{"damage":13,"enemies":"Lots of Slimes","floor":10,"turns":3},{"damage":17,"enemies":"3 Louse","floor":12,"turns":3},{"damage":13,"enemies":"Red Slaver","floor":14,"turns":2},{"damage":40,"enemies":"The Guardian","floor":16,"turns":7},{"damage":52,"enemies":"3 Byrds","floor":18,"turns":5},{"damage":46,"enemies":"Gremlin Leader","floor":23,"turns":5},{"damage":0,"enemies":"Chosen","floor":24,"turns":4},{"damage":31,"enemies":"Book of Stabbing","floor":25,"turns":4},{"damage":30,"enemies":"Centurion and Healer","floor":31,"turns":5},{"damage":94,"enemies":"Collector","floor":33,"turns":9},{"damage":24,"enemies":"3 Darklings","floor":35,"turns":4},{"damage":1,"enemies":"Orb Walker","floor":36,"turns":2},{"damage":66,"enemies":"2 Orb Walkers","floor":40,"turns":5},{"damage":26,"enemies":"3 Darklings","floor":41,"turns":2}],"event_choices":[{"event_name":"Accursed Blacksmith","player_choice":"Rummage","floor":13,"damage_taken":0},{"event_name":"Forgotten Altar","player_choice":"Shed Blood","floor":19,"damage_taken":0},{"event_name":"Back to Basics","player_choice":"Simplicity","floor":20,"damage_taken":0},{"event_name":"Upgrade Shrine","player_choice":"Upgraded","floor":22,"damage_taken":0},{"event_name":"Knowing Skull","player_choice":"CARD GOLD CARD ","floor":28,"damage_taken":0},{"event_name":"Transmorgrifier","player_choice":"Transform","floor":37,"damage_taken":0},{"event_name":"Tomb of Lord Red Mask","player_choice":"Paid","floor":38,"damage_taken":0},{"event_name":"Duplicator","player_choice":"One dupe","floor":39,"damage_taken":0}],"boss_relics":[{"not_picked":["Cursed Key","Eternal Feather"],"picked":"Black Star"},{"not_picked":["Calling Bell","Philosopher\u0027s Stone"],"picked":"Mark of Pain"}],"potions_floor_spawned":[1,4,12,18,23,24,33,35],"seed_played":"-7066061133518661261","killed_by":"3 Darklings","is_trial":false}