{"path_per_floor":["M","?","$","M","M","R","$","R","T","R","E","?","R","?","R","B",null,"M","?","?","$","M","R"],"character_chosen":"IRONCLAD","items_purchased":["Searing Blow","Armaments"],"gold_per_floor":[215,215,59,76,89,89,36,36,62,62,90,90,90,90,90,213,213,228,328,328,228,240,240],"floor_reached":24,"campfire_rested":0,"playtime":944,"current_hp_per_floor":[80,80,80,70,63,63,63,63,63,63,52,32,32,52,52,37,80,80,80,80,77,51,51],"items_purged":["Strike_R","Parasite"],"gold":240,"play_id":"1cd41569-8e4a-463e-a30a-a3b2893f57e3","is_prod":false,"is_daily":false,"campfire_rituals":0,"campfire_upgraded":6,"is_hardmode":false,"path_taken":["M","?","$","?","M","R","?","R","T","R","E","?","R","?","R","BOSS","M","?","?","?","M","R","E"],"build_version":"2018-01-11-PROD2","purchased_purges":2,"victory":false,"master_deck":["Strike_R","Strike_R","Strike_R","Strike_R","Defend_R","Defend_R","Defend_R","Defend_R","Bash","Searing Blow","Headbutt","Armaments","Armaments"],"max_hp_per_floor":[80,80,80,80,80,80,80,80,80,80,80,80,80,80,80,80,80,80,80,80,77,77,77],"relics":["Burning Blood","Regal Pillow","Prayer Wheel","Bloody Idol"],"campfire_meditates":0,"card_choices":[{"not_picked":["Heavy Blade","Reckless Charge"],"picked":"Headbutt"},{"not_picked":["Body Slam","Perfected Strike"],"picked":"Armaments"}],"player_experience":238468,"potions_floor_usage":[11,24],"damage_taken":[{"damage":2,"enemies":"Small Slimes","floor":1,"turns":4},{"damage":16,"enemies":"Blue Slaver","floor":4,"turns":5},{"damage":13,"enemies":"2 Louse","floor":5,"turns":4},{"damage":17,"enemies":"3 Sentries","floor":11,"turns":5},{"damage":21,"enemies":"Slime Boss","floor":16,"turns":7},{"damage":0,"enemies":"Chosen","floor":18,"turns":3},{"damage":37,"enemies":"3 Byrds","floor":22,"turns":6},{"damage":57,"enemies":"Gremlin Leader","floor":24,"turns":5}],"event_choices":[{"event_name":"Match and Keep!","player_choice":"0 cards matched","floor":2,"damage_taken":0},{"event_name":"Golden Idol","player_choice":"Take Damage","floor":12,"damage_taken":0},{"event_name":"Mushrooms","player_choice":"Healed and dodged fight","floor":14,"damage_taken":0},{"event_name":"Golden Shrine","player_choice":"Pray","floor":19,"damage_taken":0},{"event_name":"Forgotten Altar","player_choice":"Gave Idol","floor":20,"damage_taken":0}],"boss_relics":[{"not_picked":["Runic Pyramid","Snecko Eye","Astrolabe"]}],"potions_floor_spawned":[1,5,16,22],"seed_played":"8847442197936925206","killed_by":"Gremlin Leader","is_trial":false}