{"path_per_floor":["M","M","$","M","M","E","M","R","T","M","?","M","E","?","R","B",null,"M","$","?","M","M","E","R","M","T","R","M","M","R","E","R","B",null,"M","?","M","$","M","E","$","M","T","M","?","E","R","M","R","B"],"character_chosen":"THE_SILENT","items_purchased":["Du-Vu Doll","Molten Egg 2","Pen Nib","Mind Blast","Vajra"],"gold_per_floor":[114,129,129,144,159,189,204,204,204,219,219,238,276,351,351,476,514,533,233,148,167,186,224,224,243,543,543,562,581,581,619,619,744,744,763,1013,1032,632,651,689,447,466,516,535,535,573,573,592,592,592],"floor_reached":51,"campfire_rested":2,"playtime":1867,"current_hp_per_floor":[64,62,62,51,48,38,22,65,65,65,49,49,47,36,36,30,70,70,70,70,57,45,12,65,65,65,65,55,55,55,41,41,26,65,65,71,71,71,71,71,71,71,71,71,71,71,71,71,71,9],"items_purged":[],"gold":592,"score":1113,"play_id":"7f9b3f4e-7067-425b-a37c-23ff839ac482","local_time":"20180413002136","daily_mods":["Insanity","Night Terrors","Hoarder"],"is_prod":false,"is_daily":true,"chose_seed":false,"is_ascension_mode":false,"campfire_upgraded":6,"timestamp":1523600496,"path_taken":["M","M","$","M","M","E","M","R","T","?","?","M","E","?","R","BOSS","M","$","?","M","M","E","R","M","T","R","M","?","R","E","R","BOSS","M","?","?","$","M","E","$","M","T","M","?","E","R","M","R","BOSS"],"build_version":"2018-04-12","seed_source_timestamp":0,"purchased_purges":0,"victory":true,"master_deck":["Reflex","Setup","Blur","Endless Agony","Catalyst","Outmaneuver","Distraction+1","A Thousand Cuts","Blur","Bouncing Flask","Finisher","Outmaneuver","Finisher","Caltrops","Deadly Poison","Escape Plan","Terror+1","Dagger Throw+1","Terror","Venomology","Infinite Blades+1","Underhanded Strike","Die Die Die","Bullet Time","Concentrate","Poisoned Stab","Prepared","Grand Finale","Blur","Cloak And Dagger","Infinite Blades","Well Laid Plans","Outmaneuver","Blade Dance","Well Laid Plans","Backflip","Escape Plan","Noxious Fumes","Outmaneuver","Cloak And Dagger","Wraith Form v2","Quick Slash","Infinite Blades","Defend_G","Accuracy","Leg Sweep","Escape Plan","Noxious Fumes","Well Laid Plans","Flying Knee+1","Flying Knee","Flying Knee","Blur","Blur","Blur","Adrenaline","Adrenaline","Adrenaline","Backstab+1","Backstab+1","Backstab+1","Blade Dance","Blade Dance","Blade Dance","Die Die Die","Die Die Die","Die Die Die","Accuracy","Accuracy","Accuracy","Blade Dance","Blade Dance","Blade Dance","Backstab+1","Backstab","Backstab","Regret","Regret","Regret","Mind Blast+1","Mind Blast+1","Mind Blast+1","Cloak And Dagger+1","Cloak And Dagger+1","Cloak And Dagger+1","Quick Slash+1","Quick Slash+1","Quick Slash+1","Quick Slash+1","Quick Slash+1","Quick Slash+1","Blur","Blur","Blur"],"max_hp_per_floor":[70,70,70,70,70,70,70,65,65,65,65,65,65,65,65,65,70,70,70,70,70,70,70,65,65,65,65,65,65,65,65,65,65,65,65,71,71,71,71,71,71,71,71,71,71,71,71,71,71,71],"relics":["Ring of the Snake","Bag of Marbles","Toolbox","Golden Idol","Kunai","Tiny House","Du-Vu Doll","Shuriken","Darkstone Periapt","Old Coin","Ginger","Black Star","Molten Egg 2","Pen Nib","Regal Pillow","Anchor","Vajra","Snake Skull","Happy Flower","Whetstone"],"card_choices":[{"not_picked":["Quick Slash","Dagger Throw"],"picked":"Flying Knee","floor":1},{"not_picked":["Underhanded Strike","Distraction"],"picked":"Blur","floor":2},{"not_picked":["Acrobatics","Footwork"],"picked":"Adrenaline","floor":4},{"not_picked":["PiercingWail","Caltrops"],"picked":"Backstab","floor":7},{"not_picked":["Deflect","Outmaneuver"],"picked":"Blade Dance","floor":13},{"not_picked":["Unload","Venomology"],"picked":"Die Die Die","floor":16},{"not_picked":["Riddle With Holes","Dagger Spray"],"picked":"Accuracy","floor":17},{"not_picked":["Flying Knee","Riddle With Holes"],"picked":"Blade Dance","floor":23},{"not_picked":["Dodge and Roll","Malaise"],"picked":"Backstab","floor":35},{"not_picked":["Acrobatics","Deadly Poison"],"picked":"Cloak And Dagger","floor":42},{"not_picked":["Underhanded Strike","Calculated Gamble"],"picked":"Quick Slash","floor":44},{"not_picked":["Underhanded Strike","Noxious Fumes"],"picked":"Quick Slash","floor":46},{"not_picked":["Acrobatics","Outmaneuver"],"picked":"Blur","floor":48}],"player_experience":302290,"potions_floor_usage":[6,13,16,16,21,31,33,33,50,50,50],"damage_taken":[{"damage":6,"enemies":"Cultist","floor":1,"turns":4},{"damage":2,"enemies":"Small Slimes","floor":2,"turns":2},{"damage":11,"enemies":"Jaw Worm","floor":4,"turns":2},{"damage":3,"enemies":"Large Slime","floor":5,"turns":5},{"damage":10,"enemies":"3 Sentries","floor":6,"turns":5},{"damage":16,"enemies":"3 Louse","floor":7,"turns":3},{"damage":0,"enemies":"Blue Slaver","floor":10,"turns":1},{"damage":0,"enemies":"Large Slime","floor":12,"turns":1},{"damage":6,"enemies":"Lagavulin","floor":13,"turns":3},{"damage":18,"enemies":"Hexaghost","floor":16,"turns":4},{"damage":0,"enemies":"Spheric Guardian","floor":18,"turns":2},{"damage":13,"enemies":"3 Byrds","floor":21,"turns":5},{"damage":12,"enemies":"Slaver and Parasite","floor":22,"turns":2},{"damage":33,"enemies":"Slavers","floor":23,"turns":5},{"damage":0,"enemies":"Snecko","floor":25,"turns":2},{"damage":10,"enemies":"Cultist and Chosen","floor":28,"turns":3},{"damage":0,"enemies":"Snake Plant","floor":29,"turns":2},{"damage":18,"enemies":"Book of Stabbing","floor":31,"turns":3},{"damage":15,"enemies":"Champ","floor":33,"turns":5},{"damage":0,"enemies":"3 Darklings","floor":35,"turns":1},{"damage":0,"enemies":"Flame Bruiser 1 Orb","floor":37,"turns":1},{"damage":0,"enemies":"Spire Growth","floor":39,"turns":1},{"damage":0,"enemies":"Nemesis","floor":40,"turns":1},{"damage":0,"enemies":"4 Shapes","floor":42,"turns":1},{"damage":0,"enemies":"Sphere and 2 Shapes","floor":44,"turns":1},{"damage":0,"enemies":"2 Orb Walkers","floor":46,"turns":1},{"damage":0,"enemies":"Flame Bruiser 2 Orb","floor":48,"turns":1},{"damage":71,"enemies":"Awakened One","floor":50,"turns":5}],"event_choices":[{"event_name":"Golden Idol","player_choice":"Take Damage","floor":11,"damage_taken":0},{"event_name":"World of Goop","player_choice":"Gather Gold","floor":14,"damage_taken":0},{"event_name":"Addict","player_choice":"Obtained Relic","floor":20,"damage_taken":0},{"event_name":"Golden Shrine","player_choice":"Desecrate","floor":36,"damage_taken":0},{"event_name":"Purifier","player_choice":"One Purge","floor":45,"damage_taken":0}],"boss_relics":[{"not_picked":["Philosopher\u0027s Stone","Eternal Feather"],"picked":"Tiny House"},{"not_picked":["Velvet Choker","Lizard Tail"],"picked":"Black Star"}],"potions_floor_spawned":[2,6,7,12,16,23,25,28,29,31,37,39,42],"seed_played":"-7209576087114707502","ascension_level":0,"is_trial":false}