{"gold_per_floor":[409,409,409,359,359,376,390,390,390,407,407,433,9,9,9,114,114,131,141,216,233,244,244,276,70,70,86,86],"floor_reached":28,"playtime":1593,"items_purged":["Defend_B"],"score":360,"play_id":"cdfe30fc-340a-4c06-9ab1-52837244086d","local_time":"20190429194912","is_ascension_mode":true,"campfire_choices":[{"floor":8,"key":"REST"},{"floor":11,"key":"REST"},{"data":"Zap","floor":15,"key":"SMITH"},{"floor":23,"key":"REST"}],"neow_cost":"PERCENT_DAMAGE","seed_source_timestamp":1134987409490000,"circlet_count":0,"master_deck":["Strike_B","Strike_B","Strike_B","Defend_B","Zap+1","Dualcast","Undo","Ball Lightning","White Noise","BootSequence","Go for the Eyes+1","Self Repair","Buffer","Barrage+1","Ball Lightning+1","Defragment","Capacitor","Auto Shields"],"relics":["Cracked Core","Old Coin","Ancient Tea Set","Sundial","Molten Egg 2","Nunchaku","Fusion Hammer","Question Card","Toy Ornithopter","Bottled Tornado"],"potions_floor_usage":[21,22,22,24],"damage_taken":[{"damage":0,"enemies":"2 Louse","floor":1,"turns":3},{"damage":0,"enemies":"Small Slimes","floor":6,"turns":2},{"damage":2,"enemies":"Jaw Worm","floor":7,"turns":3},{"damage":8,"enemies":"Blue Slaver","floor":10,"turns":2},{"damage":10,"enemies":"Lagavulin","floor":12,"turns":6},{"damage":0,"enemies":"Slime Boss","floor":16,"turns":6},{"damage":0,"enemies":"Chosen","floor":18,"turns":5},{"damage":0,"enemies":"Spheric Guardian","floor":19,"turns":3},{"damage":29,"enemies":"Chosen and Byrds","floor":21,"turns":6},{"damage":22,"enemies":"Centurion and Healer","floor":22,"turns":4},{"damage":48,"enemies":"Gremlin Leader","floor":24,"turns":8},{"damage":19,"enemies":"3 Cultists","floor":27,"turns":5},{"damage":17,"enemies":"Sentry and Sphere","floor":28,"turns":3}],"seed_played":"7629019215491446296","potions_obtained":[{"floor":1,"key":"SpeedPotion"},{"floor":16,"key":"PowerPotion"},{"floor":18,"key":"Dexterity Potion"},{"floor":21,"key":"Energy Potion"},{"floor":22,"key":"FairyPotion"}],"is_trial":false,"path_per_floor":["M","?","?","?","?","M","M","R","T","M","R","E","$","?","R","B",null,"M","M","?","M","M","R","E","$","T","M","M"],"character_chosen":"DEFECT","items_purchased":["Nunchaku","Self Repair","Toy Ornithopter"],"campfire_rested":3,"item_purchase_floors":[13,13,25],"current_hp_per_floor":[54,47,47,47,35,35,33,55,55,47,69,59,59,59,59,66,73,75,75,68,46,31,53,12,12,12,13,0],"gold":86,"neow_bonus":"ONE_RARE_RELIC","is_prod":false,"is_daily":false,"chose_seed":false,"campfire_upgraded":1,"win_rate":0,"timestamp":1556563752,"path_taken":["M","?","?","?","?","M","M","R","T","?","R","E","$","?","R","BOSS","M","M","?","M","?","R","E","?","T","?","M"],"build_version":"2019-01-23","purchased_purges":1,"victory":false,"max_hp_per_floor":[75,75,75,75,75,75,75,75,75,75,75,75,75,75,75,75,75,75,75,75,75,75,75,75,75,75,75,75],"card_choices":[{"not_picked":["Sweeping Beam","Compile Driver"],"picked":"Undo","floor":1},{"not_picked":["Redo","Turbo"],"picked":"Ball Lightning","floor":6},{"not_picked":["Barrage","Steam"],"picked":"White Noise","floor":7},{"not_picked":["Steam","Reprogram"],"picked":"BootSequence","floor":10},{"not_picked":["Double Energy","Aggregate"],"picked":"Go for the Eyes","floor":12},{"not_picked":["Machine Learning","Multi-Cast"],"picked":"Buffer","floor":16},{"not_picked":["Stack+1","Redo"],"picked":"Barrage+1","floor":18},{"not_picked":["Redo","Stack+1","Sweeping Beam+1"],"picked":"SKIP","floor":19},{"not_picked":["Recycle","Turbo"],"picked":"Ball Lightning+1","floor":21},{"not_picked":["Steam Power","Barrage+1"],"picked":"Defragment","floor":22},{"not_picked":["Multi-Cast","Reprogram"],"picked":"Capacitor","floor":24},{"not_picked":["Streamline+1","Double Energy","Reprogram"],"picked":"Auto Shields","floor":27}],"player_experience":425956,"relics_obtained":[{"floor":9,"key":"Sundial"},{"floor":12,"key":"Molten Egg 2"},{"floor":24,"key":"Question Card"},{"floor":26,"key":"Bottled Tornado"}],"event_choices":[{"cards_removed":["Defend_B"],"damage_healed":0,"gold_gain":0,"player_choice":"Card Removal","damage_taken":7,"max_hp_gain":0,"max_hp_loss":0,"event_name":"Golden Wing","floor":2,"gold_loss":0},{"cards_removed":["Strike_B"],"damage_healed":0,"gold_gain":0,"player_choice":"Forget","damage_taken":0,"max_hp_gain":0,"max_hp_loss":0,"event_name":"Living Wall","floor":3,"gold_loss":0},{"cards_removed":["Defend_B"],"damage_healed":0,"gold_gain":0,"player_choice":"Card Removal","damage_taken":0,"max_hp_gain":0,"max_hp_loss":0,"event_name":"The Cleric","floor":4,"gold_loss":50},{"damage_healed":0,"gold_gain":0,"player_choice":"Success","damage_taken":12,"relics_obtained":["Ancient Tea Set"],"max_hp_gain":0,"max_hp_loss":0,"event_name":"Scrap Ooze","floor":5,"gold_loss":0},{"damage_healed":0,"gold_gain":0,"player_choice":"Ignored","damage_taken":0,"max_hp_gain":0,"max_hp_loss":0,"event_name":"Liars Game","floor":14,"gold_loss":0},{"damage_healed":0,"gold_gain":75,"player_choice":"Touch","damage_taken":7,"max_hp_gain":0,"max_hp_loss":0,"event_name":"FaceTrader","floor":20,"gold_loss":0}],"is_beta":false,"boss_relics":[{"not_picked":["Orrery","Astrolabe"],"picked":"Fusion Hammer"}],"items_purged_floors":[13],"is_endless":false,"potions_floor_spawned":[1,16,18,21,22],"killed_by":"Sentry and Sphere","ascension_level":5}