{"path_per_floor":["M","M","M","?","$","E","M","R","T","M","M","M","$","E","R","B",null,"M","?","M","?","?","R","M","E","T","$","R","E","R","?","R","B",null,"M","?","M","$","?","R","E","R","T","M","M","$","?","?","R","B"],"character_chosen":"THE_SILENT","items_purchased":["Accuracy","Blade Dance","Vajra","Footwork","Infinite Blades","Accuracy"],"gold_per_floor":[12,29,44,44,10,44,55,55,101,117,131,147,0,29,29,133,133,144,144,162,196,121,121,140,167,167,49,49,75,75,75,75,171,171,188,188,200,30,30,30,55,55,105,123,139,139,139,139,139,139],"floor_reached":51,"campfire_rested":3,"playtime":4279,"current_hp_per_floor":[66,65,67,67,67,54,39,60,60,60,66,70,70,66,66,70,70,67,58,47,44,44,44,49,33,33,33,55,60,60,60,60,58,75,75,75,75,75,75,75,73,75,75,29,32,32,32,32,64,5],"items_purged":["Strike_G"],"gold":139,"play_id":"d8b03435-c107-4b65-b593-c28a3dee1952","is_prod":false,"is_daily":false,"is_ascension_mode":false,"campfire_upgraded":6,"path_taken":["M","?","M","?","$","E","M","R","T","M","?","M","$","E","R","BOSS","M","?","M","?","?","R","M","E","T","$","R","E","R","?","R","BOSS","M","?","M","$","?","R","E","R","T","M","M","$","?","?","R","BOSS"],"build_version":"2018-02-01-BETA1","purchased_purges":2,"victory":true,"master_deck":["Defend_G","Defend_G","Defend_G","Defend_G+1","Strike_G","Strike_G","Survivor","Neutralize","Dagger Spray+1","Footwork","Prepared","Accuracy+1","Well Laid Plans","Finisher","Cloak And Dagger+1","Escape Plan","Blade Dance+1","Cloak And Dagger+1","Tactician+1","Distraction+1","Cloak And Dagger","Cloak And Dagger+1","Tools of the Trade","Night Terror+1","Footwork","Infinite Blades+1","Accuracy","Choke+1","Terror+1"],"max_hp_per_floor":[70,70,70,70,70,70,70,70,70,70,70,70,70,70,70,70,70,70,75,75,75,75,75,75,75,75,75,75,75,75,75,75,75,75,75,75,75,75,75,75,75,75,75,75,75,75,75,75,75,75],"relics":["Ring of the Snake","Bird Faced Urn","Prayer Wheel","Lantern","Tough Bandages","White Beast Statue","Red Mask","The Courier","Juzu Bracelet","Vajra","Oddly Smooth Stone","Eternal Feather","Anchor","War Paint"],"card_choices":[{"not_picked":["Prepared","PiercingWail"],"picked":"Dagger Spray"},{"not_picked":["PiercingWail","Calculated Gamble"],"picked":"Footwork"},{"not_picked":["Caltrops","All Out Attack"],"picked":"Prepared"},{"not_picked":["Backflip","Malaise"],"picked":"Well Laid Plans"},{"not_picked":["Dodge and Roll","Poisoned Stab"],"picked":"Finisher"},{"not_picked":["Dagger Throw","Corpse Explosion"],"picked":"Cloak And Dagger"},{"not_picked":["Deflect","Dodge and Roll"],"picked":"Escape Plan"},{"not_picked":["Backflip","Poisoned Stab"],"picked":"Cloak And Dagger"},{"not_picked":["Corpse Explosion","Bullet Time"],"picked":"Tactician"},{"not_picked":["Backflip","Underhanded Strike"],"picked":"Distraction"},{"not_picked":["Sucker Punch","Endless Agony"],"picked":"Cloak And Dagger"},{"not_picked":["Distraction","Sucker Punch"],"picked":"Cloak And Dagger"},{"not_picked":["Outmaneuver","Slice"],"picked":"Tools of the Trade"},{"not_picked":["Venomology","A Thousand Cuts"],"picked":"Night Terror"},{"not_picked":["Bouncing Flask","PiercingWail"],"picked":"Choke"},{"not_picked":["Dagger Spray","Flechettes"],"picked":"Terror"}],"player_experience":132641,"potions_floor_usage":[6,14,14,18,20,21,25,25,29,33,33,33,35,37,41,45,50,50],"damage_taken":[{"damage":4,"enemies":"Blue Slaver","floor":1,"turns":6},{"damage":1,"enemies":"Cultist","floor":2,"turns":5},{"damage":0,"enemies":"Small Slimes","floor":3,"turns":3},{"damage":15,"enemies":"Gremlin Nob","floor":6,"turns":6},{"damage":19,"enemies":"Exordium Thugs","floor":7,"turns":7},{"damage":0,"enemies":"Exordium Wildlife","floor":10,"turns":1},{"damage":0,"enemies":"Looter","floor":11,"turns":4},{"damage":0,"enemies":"3 Louse","floor":12,"turns":2},{"damage":5,"enemies":"Lagavulin","floor":14,"turns":6},{"damage":0,"enemies":"The Guardian","floor":16,"turns":13},{"damage":5,"enemies":"2 Thieves","floor":18,"turns":3},{"damage":17,"enemies":"3 Byrds","floor":20,"turns":6},{"damage":9,"enemies":"Masked Bandits","floor":21,"turns":4},{"damage":1,"enemies":"3 Cultists","floor":24,"turns":4},{"damage":37,"enemies":"Book of Stabbing","floor":25,"turns":7},{"damage":3,"enemies":"Slavers","floor":29,"turns":7},{"damage":17,"enemies":"Champ","floor":33,"turns":14},{"damage":0,"enemies":"3 Shapes","floor":35,"turns":6},{"damage":0,"enemies":"Flame Bruiser 1 Orb","floor":37,"turns":7},{"damage":4,"enemies":"Giant Head","floor":41,"turns":8},{"damage":52,"enemies":"Spire Growth","floor":44,"turns":6},{"damage":9,"enemies":"3 Darklings","floor":45,"turns":4},{"damage":79,"enemies":"Time Eater","floor":50,"turns":14}],"event_choices":[{"event_name":"Upgrade Shrine","player_choice":"Upgraded","floor":4,"damage_taken":0},{"event_name":"Forgotten Altar","player_choice":"Shed Blood","floor":19,"damage_taken":0},{"event_name":"Masked Bandits","player_choice":"Fought over 162 gold","floor":21,"damage_taken":0},{"event_name":"Beggar","player_choice":"Gave Gold","floor":22,"damage_taken":0},{"event_name":"The Lab","player_choice":"Got Potions","floor":31,"damage_taken":0},{"event_name":"Wheel of Change","player_choice":"Card Removal","floor":36,"damage_taken":0},{"event_name":"Transmorgrifier","player_choice":"Transform","floor":39,"damage_taken":0},{"event_name":"Mysterious Sphere","player_choice":"Ignore","floor":47,"damage_taken":0}],"boss_relics":[{"not_picked":["Snecko Eye","The Specimen"],"picked":"White Beast Statue"},{"not_picked":["Calling Bell","Tiny House"],"picked":"Eternal Feather"}],"potions_floor_spawned":[2,7,10,11,12,18,20,21,24,25,29,33,35,37,41,44,45],"seed_played":"680648332018962902","ascension_level":0,"is_trial":false}