{"path_per_floor":["M","?","T","M","?","M","E","M","T","R","M","?","R","?","R","B",null,"M","$","?","?","M","E","R","M","T","R","T","E","M","?","R","B",null,"M","?","?","?","$","R","M","M","T","E","$","R","E","?","R","B"],"character_chosen":"THE_SILENT","items_purchased":["Panache","Thread and Needle","Bag of Preparation","Toolbox","Escape Plan","Flash of Steel"],"gold_per_floor":[11,261,335,346,346,363,391,408,434,434,447,512,512,512,512,616,616,633,431,431,331,351,383,383,396,396,396,396,425,437,437,437,540,570,581,581,581,581,331,331,349,368,415,446,2,2,33,79,79,79],"floor_reached":51,"campfire_rested":8,"playtime":2878,"current_hp_per_floor":[69,69,69,57,50,50,44,38,38,59,59,19,40,28,49,24,74,73,73,73,73,70,52,52,45,45,68,68,56,42,42,68,50,94,72,72,72,60,60,88,83,84,84,54,54,84,75,75,104,61],"items_purged":["Strike_G"],"gold":79,"score":749,"play_id":"6ef59fad-bac3-4697-b5a5-7ef9bf83b872","is_prod":false,"is_daily":false,"is_ascension_mode":true,"campfire_upgraded":1,"path_taken":["M","?","?","M","?","M","E","?","T","R","M","?","R","?","R","BOSS","M","$","?","?","M","E","R","M","T","R","?","E","M","?","R","BOSS","M","?","?","?","$","R","M","M","T","E","$","R","E","?","R","BOSS"],"build_version":"2018-02-23-BETA1","purchased_purges":2,"victory":true,"master_deck":["Defend_G","Defend_G","Defend_G","Strike_G","Survivor","Neutralize+1","Grand Finale","PiercingWail","Infinite Blades+1","Deflect","PiercingWail","Masterful Stab+1","Die Die Die+1","Storm of Steel+1","Panache+1","J.A.X.","Finisher+1","Infinite Blades+1","Distraction+1","Glass Knife+1","Well Laid Plans","Madness","Madness","Escape Plan","Flash of Steel","Blade Dance"],"max_hp_per_floor":[70,70,70,70,70,70,70,70,70,70,70,72,72,72,72,74,74,76,76,76,76,76,76,76,78,78,78,78,87,89,89,89,89,94,96,96,96,96,96,96,98,100,100,102,102,102,104,104,104,104],"relics":["Ring of the Snake","Dead Branch","The Courier","Unceasing Top","Vajra","Singing Bowl","Mercury Hourglass","Astrolabe","Shuriken","Ice Cream","Blood Vial","Strawberry","Tiny House","Thread and Needle","Whetstone","Dodecahedron","Bag of Preparation","Toolbox","Juzu Bracelet","Bird Faced Urn"],"card_choices":[{"not_picked":["Deflect","Concentrate"],"picked":"Grand Finale"},{"not_picked":["Well Laid Plans","Acrobatics"],"picked":"PiercingWail"},{"not_picked":["Slice","Burst"],"picked":"Infinite Blades"},{"not_picked":["Dagger Throw","Dagger Spray"],"picked":"Deflect"},{"not_picked":["Eviscerate","Catalyst"],"picked":"PiercingWail"},{"not_picked":["Noxious Fumes","All Out Attack"],"picked":"Finisher"},{"not_picked":["PiercingWail","Backflip"],"picked":"Infinite Blades"},{"not_picked":["Wraith Form","Grand Finale"],"picked":"Glass Knife"},{"not_picked":["Bane","Crippling Poison"],"picked":"Well Laid Plans"},{"not_picked":["Slice","Catalyst"],"picked":"Blade Dance"}],"player_experience":173068,"potions_floor_usage":[7,8,12,12,16,25,30,33,35,42,44,50,50,50],"damage_taken":[{"damage":1,"enemies":"Small Slimes","floor":1,"turns":4},{"damage":12,"enemies":"Cultist","floor":4,"turns":5},{"damage":0,"enemies":"2 Louse","floor":6,"turns":4},{"damage":6,"enemies":"3 Sentries","floor":7,"turns":8},{"damage":6,"enemies":"Exordium Thugs","floor":8,"turns":5},{"damage":0,"enemies":"3 Louse","floor":11,"turns":2},{"damage":42,"enemies":"Lagavulin Event","floor":12,"turns":6},{"damage":27,"enemies":"Hexaghost","floor":16,"turns":10},{"damage":3,"enemies":"2 Thieves","floor":18,"turns":3},{"damage":3,"enemies":"Chosen","floor":22,"turns":3},{"damage":18,"enemies":"Gremlin Leader","floor":23,"turns":4},{"damage":9,"enemies":"Snake Plant","floor":25,"turns":4},{"damage":23,"enemies":"Book of Stabbing","floor":29,"turns":4},{"damage":18,"enemies":"Centurion and Healer","floor":30,"turns":3},{"damage":20,"enemies":"Champ","floor":33,"turns":4},{"damage":24,"enemies":"3 Shapes","floor":35,"turns":4},{"damage":9,"enemies":"Orb Walker","floor":41,"turns":2},{"damage":3,"enemies":"Flame Bruiser 2 Orb","floor":42,"turns":3},{"damage":34,"enemies":"2 Orb Walkers","floor":44,"turns":3},{"damage":13,"enemies":"Nemesis","floor":47,"turns":3},{"damage":2,"enemies":"Mysterious Sphere","floor":48,"turns":3},{"damage":56,"enemies":"Awakened One","floor":50,"turns":5}],"event_choices":[{"event_name":"Golden Shrine","player_choice":"Desecrate","floor":2,"damage_taken":0},{"event_name":"Golden Wing","player_choice":"Card Removal","floor":5,"damage_taken":0},{"event_name":"Dead Adventurer","player_choice":"Searched \u00273\u0027 times","floor":12,"damage_taken":0},{"event_name":"Scrap Ooze","player_choice":"success","floor":14,"damage_taken":12},{"event_name":"Back to Basics","player_choice":"Elegance","floor":20,"damage_taken":0},{"event_name":"Drug Dealer","player_choice":"Got JAXXED","floor":21,"damage_taken":0},{"event_name":"The Library","player_choice":"Read","floor":31,"damage_taken":0},{"event_name":"Upgrade Shrine","player_choice":"Upgraded","floor":36,"damage_taken":0},{"event_name":"Winding Halls","player_choice":"Embrace Madness","floor":38,"damage_taken":0},{"event_name":"Mysterious Sphere","player_choice":"Fight","floor":48,"damage_taken":0}],"boss_relics":[{"not_picked":["White Beast Statue","Orrery"],"picked":"Astrolabe"},{"not_picked":["Eternal Feather","Question Card"],"picked":"Tiny House"}],"potions_floor_spawned":[4,7,8,12,22,23,30,33,41,42,47,48],"seed_played":"-5854824504894817834","ascension_level":3,"is_trial":false}