{"path_per_floor":["M","M","M","?","$","R","E","M","T","R","?","R","M","?","R","B",null,"M","M","$","?","?","E","M","$","T","?","$","R","M","M","R","B",null,"M","?","?","M","M","R","?"],"character_chosen":"THE_SILENT","items_purchased":["Apotheosis","Flash of Steel","Blade Dance","Prepared","Slice"],"gold_per_floor":[113,132,148,223,9,9,40,51,130,130,130,130,141,141,141,238,238,255,243,79,79,79,104,114,67,135,60,7,7,20,36,36,136,136,146,146,146,162,179,179,179],"floor_reached":42,"campfire_rested":4,"playtime":4167,"current_hp_per_floor":[70,60,53,42,42,63,46,44,44,44,30,51,49,49,49,27,70,70,65,65,65,65,63,55,55,55,55,55,55,37,34,55,44,70,45,45,45,23,23,44,44],"items_purged":[],"gold":179,"play_id":"0e38f7e5-164a-4188-ac86-75f41b1356c7","is_prod":false,"is_daily":false,"campfire_rituals":0,"campfire_upgraded":3,"is_hardmode":false,"path_taken":["M","M","M","?","$","R","E","M","T","R","?","R","M","?","R","BOSS","M","M","$","?","?","E","M","$","T","?","$","R","M","M","R","BOSS","M","?","?","M","M","R","?","M"],"build_version":"2017-12-21-PROD1","purchased_purges":0,"victory":false,"master_deck":["Defend_G","Defend_G","Defend_G","Strike_G","Strike_G","Strike_G","Survivor","Neutralize","Acrobatics","PiercingWail","Finisher","Apotheosis","Endless Agony","After Image","Infinite Blades","Envenom","Backflip","Noxious Fumes","Flash of Steel","Blade Dance","Infinite Blades","Dagger Throw","Prepared","Slice","Deadly Poison","Predator","Unload","Noxious Fumes","Dagger Throw","Quick Slash"],"max_hp_per_floor":[70,70,70,70,70,70,70,70,70,70,70,70,70,70,70,70,70,70,70,70,70,70,70,70,70,70,70,70,70,70,70,70,70,70,70,70,70,70,70,70,70],"relics":["Ring of the Snake","Bag of Preparation","Paper Crane","Runic Pyramid","Gremlin Horn","Oddly Smooth Stone","Kunai","Black Star"],"campfire_meditates":0,"card_choices":[{"not_picked":["Slice","Sucker Punch"],"picked":"Acrobatics"},{"not_picked":["Acrobatics","Blade Dance"],"picked":"PiercingWail"},{"not_picked":["Crippling Poison","Acrobatics"],"picked":"Finisher"},{"not_picked":["Flechettes","Dodge and Roll"],"picked":"Endless Agony"},{"not_picked":["Footwork","Dodge and Roll"],"picked":"After Image"},{"not_picked":["Blur","Terror"],"picked":"Infinite Blades"},{"not_picked":["Unload","Doppelganger"],"picked":"Envenom"},{"not_picked":["Riddle With Holes","Leg Sweep"],"picked":"Backflip"},{"not_picked":["Blade Dance","Sucker Punch"],"picked":"Noxious Fumes"},{"not_picked":["Phantasmal Killer","Deflect"],"picked":"Infinite Blades"},{"not_picked":["PiercingWail","Dodge and Roll"],"picked":"Dagger Throw"},{"not_picked":["Leg Sweep","Skewer"],"picked":"Deadly Poison"},{"not_picked":["Well Laid Plans","Terror"],"picked":"Predator"},{"not_picked":["After Image","Adrenaline"],"picked":"Unload"},{"not_picked":["Acrobatics","Caltrops"],"picked":"Dagger Throw"},{"not_picked":["Doppelganger","Poisoned Stab"],"picked":"Quick Slash"}],"player_experience":35913,"potions_floor_usage":[16,23,23,33,33,35],"damage_taken":[{"damage":0,"enemies":"Cultist","floor":1,"turns":4},{"damage":10,"enemies":"Blue Slaver","floor":2,"turns":5},{"damage":7,"enemies":"Looter","floor":3,"turns":3},{"damage":17,"enemies":"Gremlin Nob","floor":7,"turns":4},{"damage":2,"enemies":"Lots of Slimes","floor":8,"turns":5},{"damage":2,"enemies":"3 Louse","floor":13,"turns":3},{"damage":22,"enemies":"Slime Boss","floor":16,"turns":10},{"damage":0,"enemies":"3 Byrds","floor":18,"turns":5},{"damage":5,"enemies":"2 Thieves","floor":19,"turns":4},{"damage":11,"enemies":"Book of Stabbing","floor":23,"turns":5},{"damage":8,"enemies":"Chosen and Byrds","floor":24,"turns":6},{"damage":18,"enemies":"Sentry and Sphere","floor":30,"turns":4},{"damage":3,"enemies":"Snecko","floor":31,"turns":5},{"damage":11,"enemies":"Collector","floor":33,"turns":9},{"damage":25,"enemies":"Orb Walker","floor":35,"turns":4},{"damage":22,"enemies":"3 Shapes","floor":38,"turns":7},{"damage":0,"enemies":"Maw","floor":39,"turns":6},{"damage":46,"enemies":"Sphere and 2 Shapes","floor":42,"turns":5}],"event_choices":[{"event_name":"World of Goop","player_choice":"Gather Gold","floor":4,"damage_taken":0},{"event_name":"Shining Light","player_choice":"Entered Light","floor":11,"damage_taken":0},{"event_name":"Purifier","player_choice":"One Purge","floor":14,"damage_taken":0},{"event_name":"The Mausoleum","player_choice":"Yes","floor":21,"damage_taken":0},{"event_name":"Drug Dealer","player_choice":"Ignored","floor":22,"damage_taken":0},{"event_name":"Beggar","player_choice":"Gave Gold","floor":27,"damage_taken":0},{"event_name":"Transmorgrifier","player_choice":"Transform","floor":37,"damage_taken":0},{"event_name":"Upgrade Shrine","player_choice":"Upgraded","floor":41,"damage_taken":0}],"boss_relics":[{"not_picked":["Snecko Eye","Lizard Tail"],"picked":"Runic Pyramid"},{"not_picked":["Eternal Feather","Runic Dome"],"picked":"Black Star"}],"potions_floor_spawned":[2,7,13,18,23,30,35,39],"seed_played":"-656239564893030739","killed_by":"Sphere and 2 Shapes","is_trial":false}