{"gold_per_floor":[17,36,56,71,82,82,101,119,119,119,129,129,144,109,109,183,183,200,0,0,16,16,16,26,26,26,26],"floor_reached":27,"playtime":948,"items_purged":[],"score":408,"play_id":"24138bdb-9091-4054-9ad6-d2ec11aa6477","local_time":"20190427185154","is_ascension_mode":true,"campfire_choices":[{"data":"Skewer","floor":6,"key":"SMITH"},{"data":"Noxious Fumes","floor":10,"key":"SMITH"},{"data":"Cloak And Dagger","floor":12,"key":"SMITH"},{"floor":15,"key":"REST"},{"data":"After Image","floor":23,"key":"SMITH"}],"neow_cost":"NO_GOLD","seed_source_timestamp":3477306091809140,"circlet_count":0,"master_deck":["AscendersBane","Defend_G","Defend_G+1","Defend_G","Defend_G","Defend_G","Strike_G","Strike_G","Strike_G","Strike_G","Strike_G","Survivor+1","Neutralize","Dodge and Roll","Cloak And Dagger","Quick Slash","Skewer+1","Cloak And Dagger+1","Noxious Fumes+1","Cloak And Dagger","After Image+1","PiercingWail","Deflect"],"relics":["Ring of the Snake","War Paint","Philosopher\u0027s Stone","Molten Egg 2"],"potions_floor_usage":[8,16,24,27,27],"damage_taken":[{"damage":0,"enemies":"Cultist","floor":1,"turns":3},{"damage":6,"enemies":"Jaw Worm","floor":2,"turns":6},{"damage":2,"enemies":"2 Louse","floor":3,"turns":4},{"damage":2,"enemies":"Looter","floor":4,"turns":4},{"damage":13,"enemies":"Blue Slaver","floor":5,"turns":5},{"damage":9,"enemies":"Red Slaver","floor":7,"turns":5},{"damage":11,"enemies":"Gremlin Gang","floor":8,"turns":4},{"damage":1,"enemies":"Exordium Wildlife","floor":11,"turns":3},{"damage":15,"enemies":"Large Slime","floor":13,"turns":5},{"damage":44,"enemies":"The Guardian","floor":16,"turns":14},{"damage":1,"enemies":"Spheric Guardian","floor":18,"turns":7},{"damage":4,"enemies":"Shell Parasite","floor":21,"turns":8},{"damage":11,"enemies":"Chosen and Byrds","floor":24,"turns":6},{"damage":37,"enemies":"3 Cultists","floor":27,"turns":5}],"seed_played":"4411458472992807555","potions_obtained":[{"floor":5,"key":"PowerPotion"},{"floor":7,"key":"GhostInAJar"},{"floor":13,"key":"EssenceOfSteel"},{"floor":16,"key":"Poison Potion"},{"floor":24,"key":"Fire Potion"}],"is_trial":false,"path_per_floor":["M","M","M","M","M","R","M","M","T","R","M","R","M","?","R","B",null,"M","?","?","M","$","R","M","$","T","M"],"character_chosen":"THE_SILENT","items_purchased":[],"campfire_rested":1,"item_purchase_floors":[],"current_hp_per_floor":[71,65,63,61,48,48,39,28,28,28,27,27,12,31,54,10,61,60,60,38,34,34,34,23,23,23,0],"gold":26,"neow_bonus":"TWENTY_PERCENT_HP_BONUS","is_prod":false,"is_daily":false,"chose_seed":false,"campfire_upgraded":4,"win_rate":0,"timestamp":1556387514,"path_taken":["M","M","M","M","?","R","M","?","T","R","M","R","M","?","R","BOSS","M","?","?","M","$","R","M","?","T","M"],"build_version":"2019-01-23","purchased_purges":0,"victory":false,"max_hp_per_floor":[78,78,78,78,78,78,78,78,78,78,78,78,78,78,78,78,78,78,78,83,83,83,83,83,83,83,83],"card_choices":[{"not_picked":["Slice","Reflex"],"picked":"Dodge and Roll","floor":1},{"not_picked":["Prepared","Dagger Throw"],"picked":"Cloak And Dagger","floor":2},{"not_picked":["Sucker Punch","Setup"],"picked":"Quick Slash","floor":3},{"not_picked":["Blade Dance","Reflex"],"picked":"Skewer","floor":4},{"not_picked":["Flying Knee","Underhanded Strike","A Thousand Cuts"],"picked":"SKIP","floor":5},{"not_picked":["Calculated Gamble","Skewer"],"picked":"Cloak And Dagger","floor":7},{"not_picked":["Flying Knee","Quick Slash"],"picked":"Noxious Fumes","floor":8},{"not_picked":["Poisoned Stab","Heel Hook"],"picked":"Cloak And Dagger","floor":11},{"not_picked":["Outmaneuver","Dagger Spray","Acrobatics"],"picked":"SKIP","floor":13},{"not_picked":["Glass Knife","Night Terror"],"picked":"After Image","floor":16},{"not_picked":["Bane","Reflex"],"picked":"PiercingWail","floor":18},{"not_picked":["Heel Hook","Reflex","Acrobatics"],"picked":"SKIP","floor":21},{"not_picked":["Outmaneuver","Prepared"],"picked":"Deflect","floor":24}],"player_experience":709593,"relics_obtained":[{"floor":9,"key":"War Paint"},{"floor":26,"key":"Molten Egg 2"}],"event_choices":[{"damage_healed":19,"gold_gain":0,"player_choice":"Healed","damage_taken":0,"max_hp_gain":0,"max_hp_loss":0,"event_name":"The Cleric","floor":14,"gold_loss":35},{"damage_healed":0,"gold_gain":0,"player_choice":"Paid Fearfully","damage_taken":0,"max_hp_gain":0,"max_hp_loss":0,"event_name":"Masked Bandits","floor":19,"gold_loss":200},{"damage_healed":0,"gold_gain":0,"player_choice":"Shed Blood","damage_taken":27,"max_hp_gain":5,"max_hp_loss":0,"event_name":"Forgotten Altar","floor":20,"gold_loss":0}],"is_beta":false,"boss_relics":[{"not_picked":["Runic Pyramid","Tiny House"],"picked":"Philosopher\u0027s Stone"}],"items_purged_floors":[],"is_endless":false,"potions_floor_spawned":[5,7,13,16,24],"killed_by":"3 Cultists","ascension_level":19}