{"gold_per_floor":[112,112,132,149,149,149,179,191,227,36,52,52],"floor_reached":12,"playtime":416,"items_purged":["Regret"],"score":156,"play_id":"c5fea693-000f-4d06-9efc-768058866929","local_time":"20190306171256","is_ascension_mode":true,"campfire_choices":[{"data":"Armaments","floor":6,"key":"SMITH"},{"data":"Dramatic Entrance","floor":8,"key":"SMITH"}],"neow_cost":"PERCENT_DAMAGE","seed_source_timestamp":63604193905800,"circlet_count":0,"master_deck":["AscendersBane","Strike_R","Strike_R","Strike_R","Strike_R","Strike_R","Defend_R","Defend_R","Defend_R","Bash","Dramatic Entrance+1","Discovery","Thunderclap","Armaments+1","Flex","Bludgeon","Dropkick"],"relics":["Burning Blood","Ancient Tea Set","MawBank","Vajra","Tiny Chest"],"potions_floor_usage":[12],"damage_taken":[{"damage":4,"enemies":"2 Louse","floor":1,"turns":2},{"damage":9,"enemies":"Jaw Worm","floor":3,"turns":3},{"damage":0,"enemies":"Cultist","floor":4,"turns":2},{"damage":39,"enemies":"Gremlin Nob","floor":7,"turns":4},{"damage":7,"enemies":"Exordium Wildlife","floor":11,"turns":4},{"damage":26,"enemies":"3 Sentries","floor":12,"turns":2}],"seed_played":"1985825797897942135","potions_obtained":[{"floor":7,"key":"SkillPotion"}],"is_trial":false,"path_per_floor":["M","?","M","M","?","R","E","R","T","$","M","?"],"character_chosen":"IRONCLAD","items_purchased":["Tiny Chest"],"campfire_rested":0,"item_purchase_floors":[10],"current_hp_per_floor":[52,52,49,55,55,55,22,22,22,22,21,0],"gold":52,"neow_bonus":"RANDOM_COLORLESS_2","is_prod":false,"is_daily":false,"chose_seed":false,"campfire_upgraded":2,"win_rate":0,"timestamp":1551892376,"path_taken":["M","?","M","M","?","R","E","R","T","?","M","?"],"build_version":"2019-01-23","purchased_purges":1,"victory":false,"max_hp_per_floor":[75,75,75,75,75,75,75,75,75,75,75,75],"card_choices":[{"not_picked":["Pummel","Flex"],"picked":"Thunderclap","floor":1},{"not_picked":["Heavy Blade","Shrug It Off"],"picked":"Armaments","floor":3},{"not_picked":["Ghostly Armor","Second Wind"],"picked":"Flex","floor":4},{"not_picked":["Wild Strike","Searing Blow"],"picked":"Bludgeon","floor":7},{"not_picked":["Wild Strike","Flex"],"picked":"Dropkick","floor":11}],"player_experience":396699,"relics_obtained":[{"floor":7,"key":"MawBank"},{"floor":9,"key":"Vajra"}],"event_choices":[{"cards_removed":["Defend_R"],"damage_healed":0,"gold_gain":0,"player_choice":"Forget","damage_taken":0,"max_hp_gain":0,"max_hp_loss":0,"event_name":"Living Wall","floor":2,"gold_loss":0},{"damage_healed":0,"gold_gain":0,"player_choice":"Box","damage_taken":0,"relics_obtained":["Ancient Tea Set"],"max_hp_gain":0,"max_hp_loss":0,"event_name":"Big Fish","floor":5,"gold_loss":0,"cards_obtained":["Regret"]},{"damage_healed":0,"gold_gain":0,"player_choice":"Searched \u00271\u0027 times","damage_taken":0,"max_hp_gain":0,"max_hp_loss":0,"event_name":"Dead Adventurer","floor":12,"gold_loss":0}],"is_beta":false,"boss_relics":[],"items_purged_floors":[10],"is_endless":false,"potions_floor_spawned":[7],"killed_by":"3 Sentries","ascension_level":20}