{"gold_per_floor":[111,131,131,50,68,98,118,99,124,124,89,105,105,118,118,220,220,238,252,167,19,29,29,29,29,29,29,58,71,97,145,145,245,245,259,279,279,57,0,0,0,10,10,57,57,57,33,45,45,45],"floor_reached":51,"playtime":2048,"items_purged":["Defend_G"],"score":685,"play_id":"0499385b-e81c-4e19-8285-2e5b341a300b","local_time":"20190107151306","is_ascension_mode":false,"campfire_choices":[{"data":"Glass Knife","floor":10,"key":"SMITH"},{"data":"Skewer","floor":13,"key":"SMITH"},{"data":"Noxious Fumes","floor":15,"key":"SMITH"},{"data":"Glass Knife","floor":23,"key":"SMITH"},{"data":"Discovery","floor":25,"key":"SMITH"},{"data":"Noxious Fumes","floor":27,"key":"SMITH"},{"data":"After Image","floor":32,"key":"SMITH"},{"data":"Adrenaline","floor":40,"key":"SMITH"},{"data":"Acrobatics","floor":49,"key":"SMITH"}],"neow_cost":"NONE","seed_source_timestamp":154587556207248,"circlet_count":0,"master_deck":["Defend_G+1","Defend_G","Defend_G","Defend_G+1","Strike_G","Strike_G","Strike_G+1","Strike_G","Survivor","Neutralize+1","Dagger Spray+1","Glass Knife+1","Noxious Fumes+1","Adrenaline+1","Skewer+1","Terror","PiercingWail","After Image+1","Endless Agony+1","Dagger Spray+1","Glass Knife+1","Discovery+1","Noxious Fumes+1","Flying Knee+1","PiercingWail+1","Flying Knee+1","Acrobatics+1","Acrobatics+1","Backflip+1"],"relics":["Ring of the Snake","NeowsBlessing","Mummified Hand","War Paint","Bronze Scales","Coffee Dripper","MawBank","Whetstone","Ornamental Fan","Calipers","Pen Nib","Sozu","Juzu Bracelet","Red Mask","FossilizedHelix","Bird Faced Urn"],"potions_floor_usage":[16,33,33],"damage_taken":[{"damage":0,"enemies":"Cultist","floor":1,"turns":1},{"damage":0,"enemies":"Small Slimes","floor":2,"turns":1},{"damage":0,"enemies":"Jaw Worm","floor":5,"turns":1},{"damage":31,"enemies":"Gremlin Nob","floor":6,"turns":5},{"damage":9,"enemies":"Exordium Wildlife","floor":7,"turns":4},{"damage":2,"enemies":"Exordium Thugs","floor":8,"turns":4},{"damage":0,"enemies":"Large Slime","floor":12,"turns":3},{"damage":0,"enemies":"Looter","floor":14,"turns":2},{"damage":11,"enemies":"Hexaghost","floor":16,"turns":7},{"damage":6,"enemies":"Chosen","floor":18,"turns":3},{"damage":0,"enemies":"3 Byrds","floor":19,"turns":4},{"damage":0,"enemies":"Snecko","floor":22,"turns":4},{"damage":18,"enemies":"Gremlin Leader","floor":28,"turns":4},{"damage":0,"enemies":"3 Cultists","floor":29,"turns":3},{"damage":9,"enemies":"Book of Stabbing","floor":30,"turns":3},{"damage":31,"enemies":"Automaton","floor":33,"turns":7},{"damage":5,"enemies":"3 Darklings","floor":35,"turns":3},{"damage":0,"enemies":"3 Shapes","floor":36,"turns":3},{"damage":0,"enemies":"Maw","floor":42,"turns":4},{"damage":7,"enemies":"2 Orb Walkers","floor":44,"turns":3},{"damage":0,"enemies":"Jaw Worm Horde","floor":48,"turns":2},{"damage":23,"enemies":"Donu and Deca","floor":50,"turns":7}],"seed_played":"-7400206342908574815","potions_obtained":[{"floor":7,"key":"LiquidBronze"},{"floor":8,"key":"GamblersBrew"},{"floor":14,"key":"PowerPotion"},{"floor":18,"key":"SpeedPotion"},{"floor":30,"key":"Poison Potion"}],"is_trial":false,"path_per_floor":["M","M","?","$","M","E","M","M","T","R","?","M","R","M","R","B",null,"M","M","?","$","M","R","$","R","T","R","E","M","E","T","R","B",null,"M","M","?","$","?","R","?","M","T","?","?","?","$","M","R","B",null],"character_chosen":"THE_SILENT","items_purchased":["Glass Knife","Glass Knife","Discovery","Juzu Bracelet","Acrobatics"],"campfire_rested":0,"item_purchase_floors":[4,21,21,38,47],"current_hp_per_floor":[70,70,70,70,70,39,30,28,28,28,45,45,45,45,45,34,70,64,64,64,64,64,64,64,64,64,64,46,46,37,37,37,6,70,65,65,65,65,65,65,65,65,65,58,58,58,58,62,62,43],"gold":45,"neow_bonus":"THREE_ENEMY_KILL","is_prod":false,"is_daily":false,"chose_seed":false,"campfire_upgraded":9,"win_rate":0.0,"timestamp":1546873986,"path_taken":["M","?","?","$","?","E","M","M","T","R","?","M","R","M","R","BOSS","M","M","?","$","M","R","$","R","T","R","E","M","E","?","R","BOSS","M","M","?","$","?","R","?","M","T","?","?","?","?","M","R","BOSS"],"build_version":"2019-01-03v4","purchased_purges":1,"victory":true,"max_hp_per_floor":[70,70,70,70,70,70,70,70,70,70,70,70,70,70,70,70,70,70,70,70,70,70,70,70,70,70,70,70,70,70,70,70,70,70,70,70,66,66,66,66,66,66,66,66,66,66,66,66,66,66],"card_choices":[{"not_picked":["Acrobatics","Eviscerate"],"picked":"Deflect","floor":1},{"not_picked":["Deflect","Deadly Poison"],"picked":"Dagger Spray","floor":2},{"not_picked":["Slice","Infinite Blades"],"picked":"Noxious Fumes","floor":5},{"not_picked":["Acrobatics","Dash"],"picked":"Adrenaline","floor":6},{"not_picked":["Flechettes","Poisoned Stab"],"picked":"Skewer","floor":7},{"not_picked":["Crippling Poison","Deflect"],"picked":"Terror","floor":8},{"not_picked":["Dagger Throw","Dodge and Roll","Prepared"],"picked":"SKIP","floor":12},{"not_picked":["Deflect","Masterful Stab"],"picked":"PiercingWail","floor":14},{"not_picked":["Night Terror","Unload"],"picked":"After Image","floor":16},{"not_picked":["Prepared","Outmaneuver"],"picked":"Endless Agony+1","floor":18},{"not_picked":["Dagger Throw","Underhanded Strike+1"],"picked":"Dagger Spray","floor":19},{"not_picked":["Outmaneuver","Eviscerate"],"picked":"Noxious Fumes","floor":22},{"not_picked":["Blur","Deflect"],"picked":"Flying Knee+1","floor":28},{"not_picked":["Caltrops+1","Prepared","Deadly Poison"],"picked":"SKIP","floor":29},{"not_picked":["Blade Dance","PiercingWail","Distraction+1"],"picked":"SKIP","floor":30},{"not_picked":["Prepared","Blur+1"],"picked":"PiercingWail+1","floor":35},{"not_picked":["Acrobatics","Well Laid Plans+1"],"picked":"Flying Knee+1","floor":36},{"not_picked":["Poisoned Stab","Envenom"],"picked":"Acrobatics+1","floor":42},{"not_picked":["Calculated Gamble+1","Finisher+1"],"picked":"Backflip+1","floor":48}],"player_experience":644595,"relics_obtained":[{"floor":6,"key":"War Paint"},{"floor":9,"key":"Bronze Scales"},{"floor":26,"key":"Whetstone"},{"floor":28,"key":"Ornamental Fan"},{"floor":30,"key":"Calipers"},{"floor":31,"key":"Pen Nib"},{"floor":43,"key":"FossilizedHelix"},{"floor":44,"key":"Bird Faced Urn"}],"event_choices":[{"cards_removed":["Deflect"],"damage_healed":0,"gold_gain":0,"player_choice":"Gave Card","damage_taken":0,"relics_obtained":["Mummified Hand"],"max_hp_gain":0,"max_hp_loss":0,"event_name":"WeMeetAgain","floor":3,"gold_loss":0},{"damage_healed":17,"gold_gain":0,"player_choice":"Healed","damage_taken":0,"max_hp_gain":0,"max_hp_loss":0,"event_name":"The Cleric","floor":11,"gold_loss":35},{"damage_healed":0,"gold_gain":0,"player_choice":"Obtained Relic","damage_taken":0,"relics_obtained":["MawBank"],"max_hp_gain":0,"max_hp_loss":0,"event_name":"Addict","floor":20,"gold_loss":85},{"damage_healed":0,"gold_gain":0,"player_choice":"Max HP","damage_taken":0,"max_hp_gain":0,"max_hp_loss":4,"event_name":"Winding Halls","floor":37,"gold_loss":0},{"damage_healed":0,"gold_gain":0,"player_choice":"Paid","damage_taken":0,"relics_obtained":["Red Mask"],"max_hp_gain":0,"max_hp_loss":0,"event_name":"Tomb of Lord Red Mask","floor":39,"gold_loss":57},{"damage_healed":0,"gold_gain":0,"player_choice":"Forge","damage_taken":0,"max_hp_gain":0,"max_hp_loss":0,"event_name":"Accursed Blacksmith","floor":41,"gold_loss":0,"cards_upgraded":["Dagger Spray"]},{"damage_healed":0,"gold_gain":0,"player_choice":"Fight","damage_taken":0,"max_hp_gain":0,"max_hp_loss":0,"event_name":"Mysterious Sphere","floor":44,"gold_loss":0},{"damage_healed":0,"gold_gain":0,"player_choice":"Upgraded","damage_taken":0,"max_hp_gain":0,"max_hp_loss":0,"event_name":"Upgrade Shrine","floor":45,"gold_loss":0,"cards_upgraded":["Neutralize"]},{"cards_removed":["Strike_G"],"damage_healed":0,"gold_gain":0,"player_choice":"Removed Attack","damage_taken":0,"max_hp_gain":0,"max_hp_loss":0,"event_name":"Falling","floor":46,"gold_loss":0}],"is_beta":false,"boss_relics":[{"not_picked":["Black Star","Snecko Eye"],"picked":"Coffee Dripper"},{"not_picked":["WristBlade","Velvet Choker"],"picked":"Sozu"}],"items_purged_floors":[38],"is_endless":false,"potions_floor_spawned":[7,8,14,18,30,36,44],"ascension_level":0}