{"gold_per_floor":[118,118,14,14,31,31,61,76,76,76,95,95,114,134,134,212,242,261,41,56,56,72,72,100,300,300,300],"floor_reached":27,"playtime":886,"items_purged":["Feel No Pain"],"score":554,"play_id":"2e957be5-259f-4af6-a5fb-e1514940228f","local_time":"20190427202755","is_ascension_mode":true,"campfire_choices":[{"data":"Disarm","floor":6,"key":"SMITH"},{"data":"Immolate","floor":10,"key":"SMITH"},{"data":"Thunderclap","floor":12,"key":"SMITH"},{"data":"Bash","floor":15,"key":"SMITH"},{"floor":23,"key":"REST"}],"neow_cost":"NONE","seed_source_timestamp":3483128384503327,"circlet_count":0,"master_deck":["AscendersBane","Strike_R","Strike_R","Strike_R","Strike_R","Strike_R","Defend_R","Defend_R","Defend_R","Defend_R","Bash+1","Pommel Strike","Sword Boomerang","Thunderclap+1","Disarm+1","Shrug It Off","Immolate+1","Battle Trance","Anger","Offering","Doubt","Decay","Shame","Havoc","Impervious","Pain","Perfected Strike","Warcry+1"],"relics":["Eternal Feather","Happy Flower","Question Card","Calling Bell","Tiny Chest","Self Forming Clay","Incense Burner","ClockworkSouvenir","WarpedTongs","Lantern","Frozen Egg 2"],"potions_floor_usage":[7,7,7,16,16,18,22,27],"damage_taken":[{"damage":10,"enemies":"Small Slimes","floor":1,"turns":4},{"damage":1,"enemies":"Cultist","floor":5,"turns":3},{"damage":17,"enemies":"Lagavulin","floor":7,"turns":6},{"damage":8,"enemies":"Jaw Worm","floor":8,"turns":3},{"damage":0,"enemies":"Gremlin Gang","floor":11,"turns":1},{"damage":6,"enemies":"Looter","floor":13,"turns":2},{"damage":13,"enemies":"Blue Slaver","floor":14,"turns":2},{"damage":18,"enemies":"Hexaghost","floor":16,"turns":8},{"damage":12,"enemies":"2 Thieves","floor":18,"turns":4},{"damage":1,"enemies":"3 Byrds","floor":20,"turns":3},{"damage":50,"enemies":"Sentry and Sphere","floor":22,"turns":9},{"damage":37,"enemies":"Book of Stabbing","floor":24,"turns":5},{"damage":4,"enemies":"Snake Plant","floor":27,"turns":1}],"seed_played":"-2341292039626733895","potions_obtained":[{"floor":5,"key":"EntropicBrew"},{"floor":13,"key":"SkillPotion"},{"floor":14,"key":"Block Potion"},{"floor":16,"key":"SkillPotion"},{"floor":20,"key":"FearPotion"},{"floor":22,"key":"Explosive Potion"},{"floor":24,"key":"SneckoOil"}],"is_trial":false,"path_per_floor":["M","?","$","$","M","R","E","M","T","R","M","R","M","M","R","B",null,"M","$","M","?","M","R","E","?","T","M"],"character_chosen":"IRONCLAD","items_purchased":["Thunderclap","ClockworkSouvenir"],"campfire_rested":1,"item_purchase_floors":[3,19],"current_hp_per_floor":[58,58,58,58,57,66,49,41,41,50,50,59,53,40,49,31,64,52,52,51,51,1,38,1,1,1,0],"gold":300,"neow_bonus":"BOSS_RELIC","is_prod":false,"is_daily":false,"chose_seed":false,"campfire_upgraded":4,"win_rate":0,"timestamp":1556393275,"path_taken":["M","?","?","$","M","R","E","M","T","R","M","R","?","M","R","BOSS","M","$","M","?","?","R","E","?","T","M"],"build_version":"2019-01-23","purchased_purges":1,"victory":false,"max_hp_per_floor":[75,75,75,75,75,75,75,75,75,75,75,75,75,75,75,75,75,75,75,75,75,75,75,75,75,75,75],"card_choices":[{"not_picked":["Carnage","Flex"],"picked":"Pommel Strike","floor":1},{"not_picked":["Wild Strike","Corruption"],"picked":"Disarm","floor":5},{"not_picked":["Burning Pact","Warcry"],"picked":"Shrug It Off","floor":7},{"not_picked":["Searing Blow","Dual Wield"],"picked":"Immolate","floor":8},{"not_picked":["Warcry","Iron Wave","Thunderclap","Pommel Strike"],"picked":"SKIP","floor":11},{"not_picked":["Feel No Pain","Sever Soul","Flex"],"picked":"Battle Trance","floor":13},{"not_picked":["Reckless Charge","Clash","Fire Breathing"],"picked":"Anger","floor":14},{"not_picked":["Limit Break","Fiend Fire","Brutality"],"picked":"Offering","floor":16},{"not_picked":["Flex","Pummel","Warcry+1"],"picked":"Havoc","floor":18},{"not_picked":["Sword Boomerang","Dual Wield","Body Slam"],"picked":"Impervious","floor":20},{"not_picked":["Fire Breathing","Headbutt","Combust"],"picked":"Perfected Strike","floor":22},{"not_picked":["Intimidate","Second Wind","Iron Wave"],"picked":"Warcry+1","floor":24}],"player_experience":715265,"relics_obtained":[{"floor":7,"key":"Happy Flower"},{"floor":9,"key":"Question Card"},{"floor":17,"key":"Tiny Chest"},{"floor":17,"key":"Self Forming Clay"},{"floor":17,"key":"Incense Burner"},{"floor":24,"key":"Lantern"},{"floor":26,"key":"Frozen Egg 2"}],"event_choices":[{"damage_healed":0,"gold_gain":0,"player_choice":"2 cards matched","damage_taken":0,"max_hp_gain":0,"max_hp_loss":0,"event_name":"Match and Keep!","floor":2,"gold_loss":0,"cards_obtained":["Feel No Pain","Sword Boomerang"]},{"damage_healed":0,"gold_gain":0,"player_choice":"Rummage","damage_taken":0,"relics_obtained":["WarpedTongs"],"max_hp_gain":0,"max_hp_loss":0,"event_name":"Accursed Blacksmith","floor":21,"gold_loss":0,"cards_obtained":["Pain"]},{"damage_healed":0,"gold_gain":200,"player_choice":"Gold","damage_taken":0,"max_hp_gain":0,"max_hp_loss":0,"event_name":"Wheel of Change","floor":25,"gold_loss":0}],"is_beta":false,"boss_relics":[{"not_picked":["White Beast Statue","Astrolabe"],"picked":"Calling Bell"}],"items_purged_floors":[3],"is_endless":false,"potions_floor_spawned":[5,13,14,16,20,22,24],"killed_by":"Snake Plant","ascension_level":19}