{"path_per_floor":["M","?","M","$","M","R","?","$","T","M","?","R","M","E","R","B",null,"M","$","?","M","?","R","M","R","T","R","M"],"character_chosen":"DEFECT","items_purchased":["Darkness","Conserve Battery","Capacitor","Turbo"],"gold_per_floor":[117,192,206,25,37,37,37,37,37,60,133,133,146,182,182,303,303,303,177,177,177,177,177,177,177,177,177,177,177],"floor_reached":29,"campfire_rested":4,"playtime":983,"current_hp_per_floor":[70,59,57,57,39,61,61,61,61,62,33,54,42,10,31,31,73,73,73,73,40,40,62,56,56,56,56,43,0],"items_purged":["Strike_B"],"gold":177,"score":273,"play_id":"657cd8f1-fc7c-47d2-8154-d6170328398a","local_time":"20180429190757","is_prod":false,"is_daily":false,"chose_seed":false,"is_ascension_mode":false,"campfire_upgraded":2,"timestamp":1525050477,"path_taken":["M","?","M","$","M","R","?","$","T","M","?","R","M","E","R","BOSS","M","$","?","M","?","R","M","R","T","R","M","E"],"build_version":"2018-04-27v3","seed_source_timestamp":343073146261620,"purchased_purges":1,"victory":false,"master_deck":["Strike_B","Strike_B","Defend_B","Defend_B","Defend_B","Defend_B","Zap","Dualcast","Multi-Cast","Turbo","Genetic Algorithm+1","Darkness+1","Conserve Battery","Capacitor","Impulse","Rebound","Self Repair","Creative AI","Darkness+1","Turbo","Loop+1"],"max_hp_per_floor":[75,75,75,75,75,75,69,69,69,71,71,71,71,73,73,73,73,73,73,73,75,75,75,77,77,77,77,77,77],"relics":["Cracked Core","Golden Idol","Singing Bowl","Ginger","Bottled Lightning","Ectoplasm","Blood Vial"],"card_choices":[{"not_picked":["Leap","Rebound"],"picked":"Turbo","floor":1},{"not_picked":["Heatsinks","Static Discharge"],"picked":"Genetic Algorithm","floor":3},{"not_picked":["Cold Snap","Buffer"],"picked":"Impulse","floor":5},{"not_picked":["Stack","Sweeping Beam"],"picked":"Rebound","floor":11},{"not_picked":["Impulse","Skim"],"picked":"Self Repair","floor":13},{"not_picked":["Prime","Reboot"],"picked":"Creative AI","floor":16},{"not_picked":["Axe Kick","Turbo"],"picked":"Darkness","floor":18},{"not_picked":["Gash","Stack"],"picked":"Loop","floor":28}],"player_experience":362348,"potions_floor_usage":[11,13,16,18,29],"damage_taken":[{"damage":5,"enemies":"Small Slimes","floor":1,"turns":3},{"damage":2,"enemies":"2 Louse","floor":3,"turns":2},{"damage":18,"enemies":"Jaw Worm","floor":5,"turns":4},{"damage":1,"enemies":"2 Fungi Beasts","floor":10,"turns":4},{"damage":29,"enemies":"3 Sentries","floor":11,"turns":6},{"damage":12,"enemies":"3 Louse","floor":13,"turns":4},{"damage":41,"enemies":"3 Sentries","floor":14,"turns":11},{"damage":0,"enemies":"Slime Boss","floor":16,"turns":3},{"damage":3,"enemies":"Spheric Guardian","floor":18,"turns":3},{"damage":42,"enemies":"Shell Parasite","floor":21,"turns":7},{"damage":15,"enemies":"Snecko","floor":24,"turns":4},{"damage":22,"enemies":"Snake Plant","floor":28,"turns":3},{"damage":51,"enemies":"Gremlin Leader","floor":29,"turns":6}],"event_choices":[{"event_name":"World of Goop","player_choice":"Gather Gold","floor":2,"damage_taken":0},{"event_name":"Golden Idol","player_choice":"Lose Max HP","floor":7,"damage_taken":0},{"event_name":"Dead Adventurer","player_choice":"Searched \u00271\u0027 times","floor":11,"damage_taken":0},{"event_name":"Vampires","player_choice":"Ignored","floor":20,"damage_taken":0},{"event_name":"Back to Basics","player_choice":"Elegance","floor":22,"damage_taken":0}],"boss_relics":[{"not_picked":["Runic Dome","Tiny House"],"picked":"Ectoplasm"}],"potions_floor_spawned":[10,11,11,14,16,18],"seed_played":"-5543402825216593208","killed_by":"Gremlin Leader","ascension_level":0,"is_trial":false}