{"gold_per_floor":[19,30,30,45,45,45,55,23,23,35,35,5,5,5,5,5],"floor_reached":16,"playtime":799,"items_purged":[],"score":138,"play_id":"985db0cc-4a83-4bad-872d-c89701bcb36f","local_time":"20190115002801","is_ascension_mode":true,"campfire_choices":[{"data":"Dark Embrace","floor":6,"key":"SMITH"},{"data":"True Grit","floor":11,"key":"SMITH"},{"floor":15,"key":"REST"}],"neow_cost":"NO_GOLD","seed_source_timestamp":1753583650796810,"circlet_count":0,"master_deck":["AscendersBane","Strike_R","Strike_R","Defend_R","Defend_R","Defend_R","Defend_R","Bash","Feel No Pain","Dark Embrace+1","True Grit","Shrug It Off","Panacea","Shrug It Off","True Grit+1","Shrug It Off","Fire Breathing"],"relics":["Burning Blood","Ice Cream"],"potions_floor_usage":[16],"damage_taken":[{"damage":8,"enemies":"Jaw Worm","floor":1,"turns":5},{"damage":7,"enemies":"2 Louse","floor":2,"turns":3},{"damage":15,"enemies":"Cultist","floor":4,"turns":5},{"damage":11,"enemies":"Blue Slaver","floor":7,"turns":6},{"damage":18,"enemies":"Exordium Thugs","floor":8,"turns":5},{"damage":10,"enemies":"2 Fungi Beasts","floor":10,"turns":7},{"damage":0,"enemies":"Looter","floor":12,"turns":4},{"damage":85,"enemies":"Slime Boss","floor":16,"turns":28}],"seed_played":"5810076280341908465","potions_obtained":[{"floor":4,"key":"SpeedPotion"}],"is_trial":false,"path_per_floor":["M","M","?","M","?","R","M","M","T","M","R","M","?","$","R","B"],"character_chosen":"IRONCLAD","items_purchased":[],"campfire_rested":1,"item_purchase_floors":[],"current_hp_per_floor":[70,69,74,65,65,65,60,48,48,44,44,50,50,50,75,0],"gold":5,"neow_bonus":"TRANSFORM_TWO_CARDS","is_prod":false,"is_daily":false,"chose_seed":false,"campfire_upgraded":2,"win_rate":0,"timestamp":1547512081,"path_taken":["M","M","?","M","?","R","M","M","T","M","R","?","?","?","R","BOSS"],"build_version":"2019-01-10","purchased_purges":0,"victory":false,"max_hp_per_floor":[80,80,85,85,85,85,85,85,85,85,85,85,85,85,85,85],"card_choices":[{"not_picked":["Armaments","Rage","Evolve"],"picked":"SKIP","floor":1},{"not_picked":["Pommel Strike","Clash"],"picked":"True Grit","floor":2},{"not_picked":["Clothesline","True Grit"],"picked":"Shrug It Off","floor":4},{"not_picked":["Sword Boomerang","Clash"],"picked":"Shrug It Off","floor":7},{"not_picked":["Thunderclap","Headbutt","Pommel Strike"],"picked":"SKIP","floor":8},{"not_picked":["Thunderclap","Seeing Red"],"picked":"True Grit","floor":10},{"not_picked":["True Grit","Evolve"],"picked":"Shrug It Off","floor":12}],"player_experience":312502,"relics_obtained":[{"floor":9,"key":"Ice Cream"}],"event_choices":[{"damage_healed":0,"gold_gain":0,"player_choice":"Donut","damage_taken":0,"max_hp_gain":5,"max_hp_loss":0,"event_name":"Big Fish","floor":3,"gold_loss":0},{"damage_healed":0,"gold_gain":0,"player_choice":"1 cards matched","damage_taken":0,"max_hp_gain":0,"max_hp_loss":0,"event_name":"Match and Keep!","floor":5,"gold_loss":0,"cards_obtained":["Panacea"]},{"damage_healed":0,"gold_gain":0,"cards_transformed":["Strike_R"],"player_choice":"Transformed","damage_taken":0,"max_hp_gain":0,"max_hp_loss":0,"event_name":"Transmorgrifier","floor":13,"gold_loss":0,"cards_obtained":["Fire Breathing"]}],"is_beta":false,"boss_relics":[],"items_purged_floors":[],"is_endless":false,"potions_floor_spawned":[4],"killed_by":"Slime Boss","ascension_level":10}