{"path_per_floor":["M","M","?","M","$","E","R","M","T","M","R","M","M","?","R","B",null,"M","?","?","M","$","R","M","R","T","R","E","M","$","M","R","B",null,"M","M","M","?","M","R","M","R","T","?","R","?","?","E","R","B"],"character_chosen":"THE_SILENT","items_purchased":["Blade Dance","Kunai","Accuracy","Cloak And Dagger","Accuracy"],"gold_per_floor":[110,123,123,137,24,54,54,71,144,161,161,176,192,192,192,295,295,306,306,486,496,50,50,66,66,66,66,99,114,35,52,52,151,151,170,186,203,203,218,218,234,234,258,258,258,508,508,543,543,543],"floor_reached":51,"campfire_rested":4,"playtime":3695,"current_hp_per_floor":[70,68,73,73,73,44,44,28,28,28,65,65,63,63,63,34,75,75,75,54,54,54,54,54,54,54,54,53,45,45,44,44,7,75,48,26,26,16,13,50,14,51,51,51,51,51,51,39,75,17],"items_purged":["Strike_G","Crippling Poison"],"gold":543,"play_id":"4186037f-f728-417d-8880-54f0f10ea305","is_prod":false,"is_daily":false,"is_ascension_mode":false,"campfire_upgraded":7,"path_taken":["M","?","?","M","?","E","R","M","T","M","R","M","?","?","R","BOSS","M","?","?","M","$","R","M","R","T","R","E","M","$","M","R","BOSS","M","M","M","?","M","R","M","R","T","?","R","?","?","E","R","BOSS"],"build_version":"2018-01-26-BETA1","purchased_purges":2,"victory":true,"master_deck":["Survivor","Neutralize","Cloak And Dagger+1","Calculated Gamble+1","Blade Dance","Prepared","Finisher","Infinite Blades+1","Acrobatics","Finisher","Storm of Steel","Backflip","Sucker Punch","Calculated Gamble","Leg Sweep","Dagger Spray","Cloak And Dagger+1","PiercingWail","Outmaneuver","Blade Dance","Underhanded Strike+1","Accuracy+1","Cloak And Dagger+1","Dagger Throw","Prepared","Accuracy+1","Blade Dance+1","Finisher+1","Cloak And Dagger+1","Madness","Madness","Infinite Blades+1","Adrenaline","Leg Sweep"],"max_hp_per_floor":[70,70,75,75,75,75,75,75,75,75,75,75,75,75,75,75,75,75,75,75,75,75,75,75,75,75,75,75,75,75,75,75,75,75,75,75,75,75,75,75,75,75,75,75,75,75,75,75,75,75],"relics":["Ring of the Snake","Regal Pillow","Bag of Preparation","Ornamental Fan","Pandora\u0027s Box","Kunai","Sundial","Juzu Bracelet","Runic Dome","Omamori","Shuriken"],"card_choices":[{"not_picked":["Sucker Punch","Deadly Poison"],"picked":"Cloak And Dagger"},{"not_picked":["Heel Hook","Bane"],"picked":"Calculated Gamble"},{"not_picked":["Doppelganger","Acrobatics"],"picked":"Prepared"},{"not_picked":["Noxious Fumes","Bane"],"picked":"Finisher"},{"not_picked":["Caltrops","Choke"],"picked":"Infinite Blades"},{"not_picked":["Sucker Punch","Slice"],"picked":"Acrobatics"},{"not_picked":["Dagger Spray","Setup"],"picked":"Finisher"},{"not_picked":["Glass Knife","Phantasmal Killer"],"picked":"Storm of Steel"},{"not_picked":["Skewer","Malaise"],"picked":"Blade Dance"},{"not_picked":["Poisoned Stab","Bouncing Flask"],"picked":"Underhanded Strike"},{"not_picked":["Flying Knee","Dagger Spray"],"picked":"Dagger Throw"},{"not_picked":["Poisoned Stab","Malaise"],"picked":"Prepared"},{"not_picked":["Dodge and Roll","Reflex"],"picked":"Blade Dance"},{"not_picked":["Deflect","Masterful Stab"],"picked":"Finisher"},{"not_picked":["Dash","Endless Agony"],"picked":"Cloak And Dagger"},{"not_picked":["Dagger Spray","Catalyst"],"picked":"Infinite Blades"}],"player_experience":109932,"potions_floor_usage":[6,12,24,33,33,39,41],"damage_taken":[{"damage":0,"enemies":"Blue Slaver","floor":1,"turns":7},{"damage":2,"enemies":"Cultist","floor":2,"turns":6},{"damage":0,"enemies":"Jaw Worm","floor":4,"turns":4},{"damage":29,"enemies":"Lagavulin","floor":6,"turns":7},{"damage":16,"enemies":"Large Slime","floor":8,"turns":8},{"damage":0,"enemies":"Exordium Thugs","floor":10,"turns":4},{"damage":0,"enemies":"Gremlin Gang","floor":12,"turns":6},{"damage":2,"enemies":"3 Louse","floor":13,"turns":4},{"damage":29,"enemies":"The Guardian","floor":16,"turns":12},{"damage":0,"enemies":"3 Byrds","floor":18,"turns":4},{"damage":0,"enemies":"Spheric Guardian","floor":21,"turns":3},{"damage":0,"enemies":"Slaver and Parasite","floor":24,"turns":7},{"damage":1,"enemies":"Book of Stabbing","floor":28,"turns":6},{"damage":8,"enemies":"Snake Plant","floor":29,"turns":5},{"damage":1,"enemies":"Centurion and Healer","floor":31,"turns":6},{"damage":37,"enemies":"Automaton","floor":33,"turns":7},{"damage":27,"enemies":"Flame Bruiser 1 Orb","floor":35,"turns":4},{"damage":22,"enemies":"3 Darklings","floor":36,"turns":3},{"damage":0,"enemies":"Flame Bruiser 2 Orb","floor":37,"turns":3},{"damage":3,"enemies":"Spire Growth","floor":39,"turns":4},{"damage":36,"enemies":"4 Shapes","floor":41,"turns":4},{"damage":12,"enemies":"2 Orb Walkers","floor":48,"turns":4},{"damage":58,"enemies":"Time Eater","floor":50,"turns":8}],"event_choices":[{"event_name":"Big Fish","player_choice":"Donut","floor":3,"damage_taken":0},{"event_name":"Living Wall","player_choice":"Grow","floor":14,"damage_taken":0},{"event_name":"Drug Dealer","player_choice":"Ignored","floor":19,"damage_taken":0},{"event_name":"Knowing Skull","player_choice":"GOLD GOLD ","floor":20,"damage_taken":0},{"event_name":"Winding Halls","player_choice":"Embrace Madness","floor":38,"damage_taken":0},{"event_name":"Match and Keep!","player_choice":"2 cards matched","floor":44,"damage_taken":0},{"event_name":"Golden Shrine","player_choice":"Desecrate","floor":46,"damage_taken":0},{"event_name":"Mysterious Sphere","player_choice":"Ignore","floor":47,"damage_taken":0}],"boss_relics":[{"not_picked":["Question Card","Snecko Eye"],"picked":"Pandora\u0027s Box"},{"not_picked":["Tiny House","Calling Bell"],"picked":"Runic Dome"}],"potions_floor_spawned":[2,10,12,13,18,24,31,36,41,48],"seed_played":"-3634315130145918397","ascension_level":0,"is_trial":false}