{"gold_per_floor":[109,128,141,141,65,65,65,65,65,89,110,124,11,84,84,210,210,228,251,55,71,71,95,95,95,95,56,56,56,75,94,94,215,215,228,244,269,394,17,48,48,112,112,130,146,159,177,208,208,208],"floor_reached":51,"playtime":6309,"items_purged":["Strike_B","Strike_B"],"score":878,"play_id":"f350e3ad-4f9b-4d84-930a-8366cc010034","local_time":"20181120022722","is_ascension_mode":false,"campfire_choices":[{"data":"Redo","floor":6,"key":"SMITH"},{"data":"Defragment","floor":15,"key":"SMITH"},{"data":"Apotheosis","floor":24,"key":"SMITH"},{"data":"Seek","floor":28,"key":"SMITH"},{"data":"Coolheaded","floor":32,"key":"SMITH"},{"data":"Seek","floor":41,"key":"SMITH"},{"data":"Strike_B","floor":49,"key":"PURGE"}],"neow_cost":"TEN_PERCENT_HP_LOSS","seed_source_timestamp":976857176565778,"circlet_count":0,"master_deck":["Defend_B","Defend_B","Defend_B","Defend_B","Zap","Dualcast","Redo+1","Glacier","Cold Snap","Cold Snap","Barrage","Defragment+1","Seek+1","Capacitor","Darkness","Barrage","Darkness","Apotheosis+1","Cold Snap","Darkness","Defragment","Coolheaded+1","Core Surge","Self Repair","RitualDagger","Redo+1","Ball Lightning+1","Barrage","Seek+1","Chill+1","Defragment","Defragment","Redo+1","Blizzard","Hologram","Turbo+1","Redo+1","Defragment+1"],"relics":["Cracked Core","FossilizedHelix","Vajra","Golden Idol","Bag of Preparation","Prayer Wheel","Velvet Choker","MutagenicStrength","Art of War","Black Star","Unceasing Top","OrangePellets","Thread and Needle","Bird Faced Urn","Peace Pipe","Cables","Pen Nib","DataDisk"],"potions_floor_usage":[23,36,50,50,50],"damage_taken":[{"damage":0,"enemies":"2 Louse","floor":1,"turns":1},{"damage":0,"enemies":"Jaw Worm","floor":2,"turns":2},{"damage":0,"enemies":"Cultist","floor":3,"turns":3},{"damage":0,"enemies":"Exordium Thugs","floor":10,"turns":5},{"damage":0,"enemies":"3 Louse","floor":11,"turns":3},{"damage":0,"enemies":"Blue Slaver","floor":12,"turns":4},{"damage":0,"enemies":"Lagavulin Event","floor":14,"turns":6},{"damage":0,"enemies":"Slime Boss","floor":16,"turns":13},{"damage":0,"enemies":"3 Byrds","floor":18,"turns":7},{"damage":0,"enemies":"Chosen","floor":19,"turns":3},{"damage":0,"enemies":"Centurion and Healer","floor":21,"turns":4},{"damage":0,"enemies":"Snake Plant","floor":23,"turns":3},{"damage":0,"enemies":"Chosen and Byrds","floor":30,"turns":7},{"damage":0,"enemies":"Snecko","floor":31,"turns":4},{"damage":7,"enemies":"Automaton","floor":33,"turns":8},{"damage":0,"enemies":"Orb Walker","floor":35,"turns":2},{"damage":1,"enemies":"3 Darklings","floor":36,"turns":6},{"damage":3,"enemies":"Transient","floor":37,"turns":5},{"damage":0,"enemies":"Mind Bloom Boss Battle","floor":38,"turns":5},{"damage":0,"enemies":"Reptomancer","floor":40,"turns":6},{"damage":0,"enemies":"2 Orb Walkers","floor":42,"turns":5},{"damage":0,"enemies":"Spire Growth","floor":44,"turns":7},{"damage":0,"enemies":"4 Shapes","floor":45,"turns":5},{"damage":0,"enemies":"3 Darklings","floor":46,"turns":4},{"damage":0,"enemies":"Transient","floor":47,"turns":5},{"damage":0,"enemies":"Giant Head","floor":48,"turns":5},{"damage":0,"enemies":"Donu and Deca","floor":50,"turns":8}],"seed_played":"-1465848808843201557","potions_obtained":[{"floor":2,"key":"Fire Potion"},{"floor":14,"key":"EssenceOfSteel"},{"floor":16,"key":"Fire Potion"},{"floor":23,"key":"GamblersBrew"},{"floor":30,"key":"FocusPotion"},{"floor":31,"key":"LiquidBronze"},{"floor":37,"key":"AttackPotion"},{"floor":44,"key":"EssenceOfSteel"},{"floor":47,"key":"EssenceOfSteel"}],"is_trial":false,"path_per_floor":["M","M","M","?","$","R","?","?","T","M","M","M","$","?","R","B",null,"M","M","$","M","?","M","R","?","T","$","R","?","M","M","R","B",null,"M","M","M","?","$","E","R","?","T","M","M","M","M","E","R","B",null],"character_chosen":"DEFECT","items_purchased":["Glacier","Defragment","Apotheosis","Self Repair","Defragment","OrangePellets"],"campfire_rested":0,"item_purchase_floors":[5,13,20,27,39,39],"current_hp_per_floor":[68,68,68,65,65,65,48,48,48,48,48,48,48,48,48,48,68,68,68,68,68,68,68,68,68,68,68,68,62,68,68,68,61,68,68,67,64,64,64,68,68,68,68,68,68,68,68,68,68,68],"gold":208,"neow_bonus":"ONE_RARE_RELIC","is_prod":false,"is_daily":false,"chose_seed":false,"campfire_upgraded":6,"win_rate":0,"timestamp":1542698842,"path_taken":["M","M","M","?","$","R","?","?","T","M","?","M","$","?","R","BOSS","M","M","$","M","?","M","R","?","T","$","R","?","M","M","R","BOSS","M","M","M","?","$","E","R","?","T","M","M","M","M","E","R","BOSS"],"build_version":"2018-11-15","purchased_purges":2,"victory":true,"max_hp_per_floor":[68,68,68,68,68,68,68,68,68,68,68,68,68,68,68,68,68,68,68,68,68,68,68,68,68,68,68,68,68,68,68,68,68,68,68,68,68,68,68,68,68,68,68,68,68,68,68,68,68,68],"card_choices":[{"not_picked":["Hologram","Beam Cell"],"picked":"Redo","floor":1},{"not_picked":["FTL","Beam Cell","Conserve Battery"],"picked":"SKIP","floor":2},{"not_picked":["Turbo","Hologram","Beam Cell"],"picked":"SKIP","floor":3},{"not_picked":["Conserve Battery","Streamline"],"picked":"Cold Snap","floor":10},{"not_picked":["Stack","White Noise"],"picked":"Cold Snap","floor":11},{"not_picked":["Melter","Compile Driver"],"picked":"Barrage","floor":12},{"not_picked":["Hyperbeam","Meteor Strike"],"picked":"Seek","floor":16},{"not_picked":["White Noise","Coolheaded"],"picked":"Capacitor","floor":18},{"not_picked":["Gash","Sweeping Beam"],"picked":"Darkness","floor":18},{"not_picked":["Compile Driver+1","Leap"],"picked":"Barrage","floor":19},{"not_picked":["Streamline","Go for the Eyes+1"],"picked":"Darkness","floor":19},{"not_picked":["Stack","Rebound"],"picked":"Cold Snap","floor":21},{"not_picked":["Hyperbeam","Leap+1"],"picked":"Darkness","floor":21},{"not_picked":["Turbo","Steam+1"],"picked":"Defragment","floor":23},{"not_picked":["Tempest","Compile Driver+1"],"picked":"Coolheaded","floor":23},{"not_picked":["Auto Shields+1","Go for the Eyes"],"picked":"Redo+1","floor":30},{"not_picked":["Genetic Algorithm","White Noise"],"picked":"Ball Lightning+1","floor":30},{"not_picked":["Auto Shields","Steam"],"picked":"Barrage","floor":31},{"not_picked":["FTL","Beam Cell","Stack"],"picked":"SKIP","floor":31},{"not_picked":["Thunder Strike","Machine Learning"],"picked":"Seek","floor":33},{"not_picked":["Conserve Battery+1","Rebound","Rip and Tear+1"],"picked":"SKIP","floor":35},{"not_picked":["Static Discharge","Auto Shields+1","FTL+1"],"picked":"SKIP","floor":35},{"not_picked":["Cold Snap","Sweeping Beam"],"picked":"Chill+1","floor":36},{"not_picked":["Beam Cell+1","Conserve Battery","Recycle+1"],"picked":"SKIP","floor":36},{"not_picked":["Turbo+1","Gash+1"],"picked":"Defragment","floor":37},{"not_picked":["Hologram","Conserve Battery+1","Undo"],"picked":"SKIP","floor":37},{"not_picked":["Scrape","Melter"],"picked":"Redo+1","floor":40},{"not_picked":["Amplify","Gash+1"],"picked":"Blizzard","floor":42},{"not_picked":["Conserve Battery+1","Steam"],"picked":"Hologram","floor":44},{"not_picked":["Ball Lightning+1","Steam"],"picked":"Turbo+1","floor":44},{"not_picked":["Cold Snap","White Noise+1"],"picked":"Redo+1","floor":45},{"not_picked":["Streamline+1","Turbo","Beam Cell+1"],"picked":"SKIP","floor":45},{"not_picked":["Creative AI","Rebound"],"picked":"Defragment+1","floor":46},{"not_picked":["White Noise+1","Static Discharge+1","Compile Driver"],"picked":"SKIP","floor":46},{"not_picked":["Cold Snap+1","Gash+1","Genetic Algorithm"],"picked":"SKIP","floor":47},{"not_picked":["Barrage","Compile Driver+1","Redo+1"],"picked":"SKIP","floor":47},{"not_picked":["Rebound","Reinforced Body+1","Ball Lightning+1"],"picked":"SKIP","floor":48}],"player_experience":344984,"relics_obtained":[{"floor":9,"key":"Bag of Preparation"},{"floor":14,"key":"Prayer Wheel"},{"floor":26,"key":"Art of War"},{"floor":38,"key":"Unceasing Top"},{"floor":40,"key":"Thread and Needle"},{"floor":40,"key":"Bird Faced Urn"},{"floor":42,"key":"Peace Pipe"},{"floor":43,"key":"Cables"},{"floor":48,"key":"Pen Nib"},{"floor":48,"key":"DataDisk"}],"event_choices":[{"damage_healed":0,"gold_gain":0,"player_choice":"Success","damage_taken":3,"relics_obtained":["Vajra"],"max_hp_gain":0,"max_hp_loss":0,"event_name":"Scrap Ooze","floor":4,"gold_loss":0},{"damage_healed":0,"gold_gain":0,"player_choice":"Take Damage","damage_taken":17,"relics_obtained":["Golden Idol"],"max_hp_gain":0,"max_hp_loss":0,"event_name":"Golden Idol","floor":7,"gold_loss":0},{"cards_removed":["Strike_B"],"damage_healed":0,"gold_gain":0,"player_choice":"Card Removal","damage_taken":0,"max_hp_gain":0,"max_hp_loss":0,"event_name":"Wheel of Change","floor":8,"gold_loss":0},{"damage_healed":0,"gold_gain":30,"player_choice":"Searched \u00273\u0027 times","damage_taken":0,"max_hp_gain":0,"max_hp_loss":0,"event_name":"Dead Adventurer","floor":14,"gold_loss":0},{"damage_healed":0,"gold_gain":0,"player_choice":"Inject Mutagens","damage_taken":0,"relics_obtained":["MutagenicStrength"],"max_hp_gain":0,"max_hp_loss":0,"event_name":"Drug Dealer","floor":22,"gold_loss":0},{"damage_healed":0,"gold_gain":0,"player_choice":"Read","damage_taken":0,"max_hp_gain":0,"max_hp_loss":0,"event_name":"The Library","floor":25,"gold_loss":0,"cards_obtained":["Core Surge"]},{"damage_healed":0,"gold_gain":0,"player_choice":"Joined the Cult","damage_taken":6,"max_hp_gain":0,"max_hp_loss":0,"event_name":"Nest","floor":29,"gold_loss":0,"cards_obtained":["RitualDagger"]},{"damage_healed":0,"gold_gain":0,"player_choice":"Fight","damage_taken":0,"max_hp_gain":0,"max_hp_loss":0,"event_name":"MindBloom","floor":38,"gold_loss":0},{"damage_healed":0,"gold_gain":0,"player_choice":"Fight","damage_taken":0,"max_hp_gain":0,"max_hp_loss":0,"event_name":"Mysterious Sphere","floor":42,"gold_loss":0}],"is_beta":false,"boss_relics":[{"not_picked":["Orrery","Tiny House"],"picked":"Velvet Choker"},{"not_picked":["White Beast Statue","Eternal Feather"],"picked":"Black Star"}],"items_purged_floors":[13,39],"is_endless":false,"potions_floor_spawned":[2,14,16,23,30,31,37,38,44,45,46,47,48],"ascension_level":0}