{"path_per_floor":["M","?","M","M","?","E","R","E","T","E","M","$","?","M","R","B",null,"M","$","M","M","?","E","M","R","T","M","E","M","?","E","R"],"character_chosen":"THE_SILENT","items_purchased":["Backstab","Pantograph","Bronze Scales","Shuriken","Backflip"],"gold_per_floor":[144,144,189,234,234,324,324,414,414,804,849,412,662,707,707,1007,1037,1082,782,827,872,872,962,1007,1007,1007,1052,1142,1187,1187,1277,1277,1277],"floor_reached":33,"campfire_rested":3,"playtime":1197,"current_hp_per_floor":[70,70,70,70,70,74,77,61,61,61,61,61,61,61,61,55,87,78,78,65,65,49,16,16,42,42,42,19,19,19,11,37,0],"items_purged":[],"gold":1277,"score":452,"play_id":"f3ebb7a0-1b23-494b-b5bf-17d5bad92506","local_time":"20180512135720","daily_mods":["Insanity","Midas","Lethality"],"is_prod":false,"is_daily":true,"chose_seed":false,"is_ascension_mode":false,"campfire_upgraded":0,"timestamp":1526155040,"path_taken":["M","?","M","M","?","E","R","E","T","E","M","$","?","M","R","BOSS","M","$","M","M","?","E","M","R","T","M","E","M","?","E","R","BOSS"],"build_version":"2018-05-10","seed_source_timestamp":0,"purchased_purges":1,"victory":false,"master_deck":["Skewer","Eviscerate","Adrenaline","Flying Knee","Tactician","Survivor","Tools of the Trade","Accuracy","Concentrate","Unload","Unload","Backstab","Doppelganger","Flying Knee","Well Laid Plans","Venomology","Flying Knee","Masterful Stab","Deflect","Wraith Form v2","Blade Dance","Leg Sweep","Dodge and Roll","Masterful Stab","Finisher","Noxious Fumes","Heel Hook","Deadly Poison","Predator","Storm of Steel","Bouncing Flask","Escape Plan","Tactician","Blur","Concentrate","Survivor","Deflect","Acrobatics","Poisoned Stab","Dodge and Roll","Accuracy","A Thousand Cuts","Quick Slash","Defend_G","Dodge and Roll","Heel Hook","Eviscerate","Sucker Punch","Backflip","Sucker Punch","Blind","Skewer","All Out Attack","Quick Slash","Skewer","All Out Attack","Distraction","Backstab","Dagger Spray","Clumsy","Parasite","Clumsy","Backflip","Terror+1","Dash","Glass Knife","Blade Dance+1","Quick Slash","Blur+1"],"max_hp_per_floor":[70,70,70,70,70,77,77,77,77,77,77,77,77,77,77,77,87,87,87,87,87,87,87,87,87,87,87,87,87,87,87,87,87],"relics":["Ring of the Snake","Strawberry","Peace Pipe","Dodecahedron","Old Coin","Pantograph","Bronze Scales","Calling Bell","Tiny Chest","Pear","Shovel","Shuriken","Enchiridion","Blue Candle","Ninja Scroll","Happy Flower","Smiling Mask"],"card_choices":[{"not_picked":["Prepared","Slice"],"picked":"Sucker Punch","floor":1},{"not_picked":["PiercingWail","Poisoned Stab"],"picked":"All Out Attack","floor":3},{"not_picked":["Slice","Backflip"],"picked":"Quick Slash","floor":4},{"not_picked":["A Thousand Cuts","Backflip"],"picked":"All Out Attack","floor":8},{"not_picked":["Backflip","Cloak And Dagger"],"picked":"Distraction","floor":10},{"not_picked":["Noxious Fumes","Slice"],"picked":"Dagger Spray","floor":14},{"not_picked":["Footwork","Underhanded Strike"],"picked":"Terror","floor":20},{"not_picked":["Poisoned Stab","Deflect"],"picked":"Dash","floor":21},{"not_picked":["Bane","Skewer"],"picked":"Glass Knife","floor":23},{"not_picked":["Expertise","Endless Agony"],"picked":"Blade Dance","floor":24},{"not_picked":["Caltrops","Backflip"],"picked":"Quick Slash","floor":27},{"not_picked":["Dagger Throw","Blade Dance"],"picked":"Blur","floor":28}],"player_experience":363754,"potions_floor_usage":[6,16,16,18,23,23,28,31,33,33],"damage_taken":[{"damage":0,"enemies":"Jaw Worm","floor":1,"turns":1},{"damage":0,"enemies":"Cultist","floor":3,"turns":2},{"damage":0,"enemies":"Small Slimes","floor":4,"turns":2},{"damage":3,"enemies":"Gremlin Nob","floor":6,"turns":3},{"damage":16,"enemies":"Lagavulin","floor":8,"turns":3},{"damage":0,"enemies":"Gremlin Nob","floor":10,"turns":2},{"damage":0,"enemies":"Blue Slaver","floor":11,"turns":2},{"damage":0,"enemies":"Lots of Slimes","floor":14,"turns":1},{"damage":22,"enemies":"Hexaghost","floor":16,"turns":6},{"damage":9,"enemies":"2 Thieves","floor":18,"turns":1},{"damage":13,"enemies":"Spheric Guardian","floor":20,"turns":3},{"damage":0,"enemies":"3 Cultists","floor":21,"turns":3},{"damage":33,"enemies":"Gremlin Leader","floor":23,"turns":5},{"damage":0,"enemies":"Snake Plant","floor":24,"turns":1},{"damage":0,"enemies":"Chosen and Byrds","floor":27,"turns":3},{"damage":23,"enemies":"Book of Stabbing","floor":28,"turns":4},{"damage":0,"enemies":"Sentry and Sphere","floor":29,"turns":1},{"damage":27,"enemies":"Slavers","floor":31,"turns":4},{"damage":75,"enemies":"Champ","floor":33,"turns":8}],"event_choices":[{"event_name":"Match and Keep!","player_choice":"2 cards matched","floor":2,"damage_taken":0},{"event_name":"Transmorgrifier","player_choice":"Transform","floor":5,"damage_taken":0},{"event_name":"Golden Shrine","player_choice":"Desecrate","floor":13,"damage_taken":0},{"event_name":"Cursed Tome","player_choice":"Obtained Book","floor":22,"damage_taken":0},{"event_name":"Vampires","player_choice":"Ignored","floor":30,"damage_taken":0}],"boss_relics":[{"not_picked":["Tiny House","Sozu"],"picked":"Calling Bell"}],"potions_floor_spawned":[10,11,14,16,20,21,24,28,31],"seed_played":"-6008848597544292010","killed_by":"Champ","ascension_level":0,"is_trial":false}