{"path_per_floor":["M","T","$","?","M","R","E","R","T","M","M","R","M","$","R","B",null,"M","M","?","?","$","R","E","M","T","M","R","E","M","$","R","B",null,"M","M","$","M","M","R","M","M","T","R","?","M","?","M","R"],"character_chosen":"IRONCLAD","items_purchased":["Shrug It Off","Vajra"],"gold_per_floor":[113,113,38,38,53,53,82,82,105,124,142,142,161,61,61,166,166,182,194,194,194,21,21,46,61,61,78,78,110,121,121,121,219,219,229,249,95,113,128,128,139,151,219,219,219,229,229,247,247],"floor_reached":50,"campfire_rested":5,"playtime":2186,"current_hp_per_floor":[91,91,91,91,88,88,63,63,63,62,64,64,70,70,70,66,83,81,45,29,29,29,56,17,16,16,19,46,45,40,40,70,40,87,95,96,96,91,67,67,53,55,55,90,75,85,85,79,115],"items_purged":["Parasite","Parasite","Decay"],"gold":247,"score":765,"play_id":"c8794110-21fb-4fe8-a86d-25f7b3554af6","local_time":"20180303003209","is_prod":false,"is_daily":false,"is_ascension_mode":true,"campfire_upgraded":5,"timestamp":1520037129,"path_taken":["M","?","$","?","M","R","E","R","T","M","M","R","M","$","R","BOSS","M","M","?","?","$","R","E","M","T","M","R","E","?","$","R","BOSS","M","M","$","?","?","R","M","M","T","R","?","?","?","M","R","BOSS"],"build_version":"2018-03-01-PROD1","purchased_purges":3,"victory":false,"master_deck":["Strike_R","Strike_R","Strike_R","Strike_R","Strike_R","Defend_R","Defend_R+1","Defend_R","Defend_R+1","Bash+1","Spot Weakness+1","Heavy Blade+1","Heavy Blade+1","Feed","Necronomicurse","Shrug It Off","Demon Form","Cleave+1","Flex+1","Madness","Madness","Offering"],"max_hp_per_floor":[94,94,91,91,91,91,91,91,91,91,91,91,91,88,88,88,88,88,91,91,91,91,91,91,91,91,93,93,98,103,103,103,103,103,105,105,105,110,110,110,112,117,117,117,117,117,117,122,122],"relics":["Black Blood","Mango","Bird Faced Urn","Shuriken","Lantern","Necronomicon","Thread and Needle","Singing Bowl","War Paint","Runic Dome","Vajra","Mummified Hand"],"card_choices":[{"not_picked":["Sentinel","Disarm"],"picked":"Spot Weakness"},{"not_picked":["Havoc","Anger"],"picked":"Heavy Blade"},{"not_picked":["Rupture","Uppercut"],"picked":"Heavy Blade"},{"not_picked":["Exhume","Bludgeon"],"picked":"Feed"},{"not_picked":["Pummel","Perfected Strike"],"picked":"Rupture"},{"not_picked":["Impervious","Dark Embrace"],"picked":"Demon Form"},{"not_picked":["Wild Strike","Seeing Red"],"picked":"Cleave"},{"not_picked":["Anger","Iron Wave"],"picked":"Flex"},{"not_picked":["Perfected Strike","Burning Pact"],"picked":"Offering"}],"player_experience":188157,"potions_floor_usage":[7,16,16,24,25,29,41,41,42,42,50],"damage_taken":[{"damage":1,"enemies":"Cultist","floor":1,"turns":4},{"damage":9,"enemies":"Jaw Worm","floor":5,"turns":4},{"damage":31,"enemies":"3 Sentries","floor":7,"turns":7},{"damage":7,"enemies":"Small Slimes","floor":10,"turns":3},{"damage":4,"enemies":"3 Louse","floor":11,"turns":4},{"damage":0,"enemies":"2 Fungi Beasts","floor":13,"turns":2},{"damage":10,"enemies":"Slime Boss","floor":16,"turns":7},{"damage":12,"enemies":"Chosen","floor":18,"turns":4},{"damage":49,"enemies":"Shell Parasite","floor":19,"turns":4},{"damage":49,"enemies":"Slavers","floor":24,"turns":5},{"damage":11,"enemies":"Snake Plant","floor":25,"turns":3},{"damage":9,"enemies":"Snecko","floor":27,"turns":4},{"damage":16,"enemies":"Book of Stabbing","floor":29,"turns":3},{"damage":22,"enemies":"Cultist and Chosen","floor":30,"turns":4},{"damage":40,"enemies":"Automaton","floor":33,"turns":6},{"damage":8,"enemies":"3 Shapes","floor":35,"turns":4},{"damage":11,"enemies":"Orb Walker","floor":36,"turns":2},{"damage":20,"enemies":"Sphere and 2 Shapes","floor":38,"turns":3},{"damage":36,"enemies":"4 Shapes","floor":39,"turns":5},{"damage":28,"enemies":"Maw","floor":41,"turns":5},{"damage":17,"enemies":"Sphere and 2 Shapes","floor":42,"turns":6},{"damage":2,"enemies":"3 Darklings","floor":46,"turns":5},{"damage":21,"enemies":"4 Shapes","floor":48,"turns":6},{"damage":127,"enemies":"Awakened One","floor":50,"turns":8}],"event_choices":[{"event_name":"Liars Game","player_choice":"disagreed","floor":4,"damage_taken":0},{"event_name":"Cursed Tome","player_choice":"Obtained Book","floor":20,"damage_taken":0},{"event_name":"Forgotten Altar","player_choice":"Smashed Altar","floor":21,"damage_taken":0},{"event_name":"Winding Halls","player_choice":"Embrace Madness","floor":45,"damage_taken":0}],"boss_relics":[{"not_picked":["Tiny House","Calling Bell"],"picked":"Black Blood"},{"not_picked":["Mark of Pain","Cursed Key"],"picked":"Runic Dome"}],"potions_floor_spawned":[1,10,11,16,24,25,27,30,38,39,41,42],"seed_played":"-4453309382447556464","killed_by":"Awakened One","ascension_level":11,"is_trial":false}