{"gold_per_floor":[115,135,135,149,165,165,199,199,224,249,249,259,269,68,68,169,169,186,211,63,83,96,96,96],"floor_reached":24,"playtime":817,"items_purged":[],"score":383,"play_id":"f2ed8edd-e40e-488d-9010-d1e5df1d5170","local_time":"20190117185308","is_ascension_mode":true,"campfire_choices":[{"data":"Reckless Charge","floor":6,"key":"SMITH"},{"data":"Bash","floor":8,"key":"SMITH"},{"data":"Shrug It Off","floor":15,"key":"SMITH"},{"floor":23,"key":"REST"}],"neow_cost":"NONE","seed_source_timestamp":1992682876618067,"circlet_count":0,"master_deck":["AscendersBane","Strike_R","Strike_R","Strike_R","Strike_R","Strike_R","Defend_R","Defend_R","Defend_R","Defend_R","Bash+1","Uppercut+1","Sentinel","Reckless Charge+1","Rampage","Shrug It Off","Shrug It Off+1","Uppercut","Shrug It Off","Reaper","Uppercut","Shrug It Off"],"relics":["Burning Blood","Boot","Orichalcum","Pen Nib","Blood Vial","PreservedInsect","Black Star","Strawberry","Bag of Preparation"],"potions_floor_usage":[12,16,22],"damage_taken":[{"damage":10,"enemies":"2 Louse","floor":1,"turns":3},{"damage":0,"enemies":"Cultist","floor":2,"turns":3},{"damage":1,"enemies":"Small Slimes","floor":4,"turns":4},{"damage":10,"enemies":"Red Slaver","floor":5,"turns":3},{"damage":28,"enemies":"Gremlin Nob","floor":7,"turns":4},{"damage":32,"enemies":"Lagavulin","floor":10,"turns":6},{"damage":9,"enemies":"3 Louse","floor":12,"turns":2},{"damage":3,"enemies":"Blue Slaver","floor":13,"turns":2},{"damage":39,"enemies":"The Guardian","floor":16,"turns":14},{"damage":24,"enemies":"Shell Parasite","floor":18,"turns":6},{"damage":30,"enemies":"Spheric Guardian","floor":21,"turns":6},{"damage":31,"enemies":"Snake Plant","floor":22,"turns":5},{"damage":54,"enemies":"3 Cultists","floor":24,"turns":6}],"seed_played":"7242831553457790195","potions_obtained":[{"floor":2,"key":"Strength Potion"},{"floor":5,"key":"SpeedPotion"},{"floor":13,"key":"Weak Potion"},{"floor":21,"key":"GamblersBrew"}],"is_trial":false,"path_per_floor":["M","M","?","M","M","R","E","R","T","E","?","M","M","$","R","B",null,"M","T","$","M","M","R","M"],"character_chosen":"IRONCLAD","items_purchased":["Shrug It Off","PreservedInsect","Bag of Preparation"],"campfire_rested":1,"item_purchase_floors":[14,14,20],"current_hp_per_floor":[76,82,82,87,83,83,61,61,61,35,35,34,39,39,39,8,68,57,64,64,42,24,52,0],"gold":96,"neow_bonus":"TEN_PERCENT_HP_BONUS","is_prod":false,"is_daily":false,"chose_seed":false,"campfire_upgraded":3,"win_rate":0,"timestamp":1547751188,"path_taken":["M","M","?","?","M","R","E","R","T","E","?","M","M","$","R","BOSS","M","?","$","M","M","R","M"],"build_version":"2019-01-10","purchased_purges":0,"victory":false,"max_hp_per_floor":[88,88,88,88,88,88,88,88,88,88,88,88,88,88,88,88,88,88,95,95,95,95,95,95],"card_choices":[{"not_picked":["Body Slam","Thunderclap"],"picked":"Uppercut","floor":1},{"not_picked":["Headbutt","Inflame"],"picked":"Sentinel","floor":2},{"not_picked":["Evolve","Hemokinesis"],"picked":"Reckless Charge","floor":4},{"not_picked":["Body Slam","Sentinel"],"picked":"Rampage","floor":5},{"not_picked":["Hemokinesis","Flame Barrier"],"picked":"Shrug It Off","floor":7},{"not_picked":["Pommel Strike","Inflame","Sword Boomerang"],"picked":"SKIP","floor":10},{"not_picked":["Headbutt","Twin Strike"],"picked":"Shrug It Off","floor":12},{"not_picked":["Wild Strike","Inflame"],"picked":"Uppercut","floor":13},{"not_picked":["Brutality","Fiend Fire"],"picked":"Reaper","floor":16},{"not_picked":["Inflame","Clothesline"],"picked":"Uppercut","floor":18},{"not_picked":["Reckless Charge","Perfected Strike"],"picked":"Shrug It Off","floor":21},{"not_picked":["Perfected Strike+1","Armaments","Dual Wield"],"picked":"SKIP","floor":22}],"player_experience":393443,"relics_obtained":[{"floor":7,"key":"Boot"},{"floor":9,"key":"Orichalcum"},{"floor":10,"key":"Pen Nib"},{"floor":19,"key":"Strawberry"}],"event_choices":[{"damage_healed":0,"gold_gain":0,"player_choice":"Forge","damage_taken":0,"max_hp_gain":0,"max_hp_loss":0,"event_name":"Accursed Blacksmith","floor":3,"gold_loss":0,"cards_upgraded":["Uppercut"]},{"damage_healed":0,"gold_gain":0,"player_choice":"Gave Potion","damage_taken":0,"relics_obtained":["Blood Vial"],"max_hp_gain":0,"max_hp_loss":0,"event_name":"WeMeetAgain","floor":11,"gold_loss":0}],"is_beta":false,"boss_relics":[{"not_picked":["Coffee Dripper","White Beast Statue"],"picked":"Black Star"}],"items_purged_floors":[],"is_endless":false,"potions_floor_spawned":[2,5,7,10,13,21],"killed_by":"3 Cultists","ascension_level":12}