{"path_per_floor":["M","M","?","M","M","E","M","R","T","R","$","?","M","?","R","B",null,"M","M","$","M","?","R","M","R","T","$","E"],"character_chosen":"IRONCLAD","items_purchased":["Apotheosis","Cleave","Double Tap"],"gold_per_floor":[118,138,138,155,168,203,222,222,293,293,39,39,54,54,54,178,178,203,216,147,162,62,62,77,77,77,77,120],"floor_reached":29,"campfire_rested":4,"playtime":1596,"current_hp_per_floor":[80,78,78,74,71,44,39,63,63,80,80,85,85,81,81,51,81,81,70,70,37,37,61,41,65,65,65,14],"items_purged":[],"gold":120,"play_id":"4ec4cebb-84d8-478f-a4d5-6e8dd1ac097c","is_prod":false,"is_daily":false,"campfire_rituals":0,"campfire_upgraded":1,"is_hardmode":false,"path_taken":["M","M","?","M","M","E","M","R","T","R","$","?","M","?","R","BOSS","M","M","$","M","?","R","?","R","T","?","E","M"],"build_version":"2017-12-21-PROD1","purchased_purges":0,"victory":false,"master_deck":["Strike_R","Strike_R","Strike_R","Strike_R","Strike_R","Defend_R","Defend_R","Defend_R","Defend_R","Bash","Iron Wave","Seeing Red","Thunderclap","Shrug It Off","Twin Strike","Iron Wave","Apotheosis","Cleave","Body Slam","Berserk","Heavy Blade","Double Tap","Pommel Strike","J.A.X.","Bludgeon","Injury","Clash"],"max_hp_per_floor":[80,80,80,80,80,80,80,80,80,80,80,85,85,81,81,81,81,81,81,81,81,81,81,81,81,81,81,81],"relics":["Burning Blood","Gremlin Horn","Dodecahedron","Golden Idol","Cursed Key","Omamori","Mummified Hand"],"campfire_meditates":0,"card_choices":[{"not_picked":["Flame Barrier","Shockwave"],"picked":"Iron Wave"},{"not_picked":["Perfected Strike","Body Slam"],"picked":"Headbutt"},{"not_picked":["Heavy Blade","Spot Weakness"],"picked":"Thunderclap"},{"not_picked":["Pommel Strike","Shockwave"],"picked":"Shrug It Off"},{"not_picked":["Dual Wield","Headbutt"],"picked":"Twin Strike"},{"not_picked":["Battle Trance","Burning Pact"],"picked":"Iron Wave"},{"not_picked":["Power Through","Spot Weakness"],"picked":"Body Slam"},{"not_picked":["Offering","Fiend Fire"],"picked":"Berserk"},{"not_picked":["Sever Soul","Body Slam"],"picked":"Heavy Blade"},{"not_picked":["Searing Blow","Battle Trance"],"picked":"Pommel Strike"},{"not_picked":["Clothesline","Thunderclap"],"picked":"Bludgeon"},{"not_picked":["Headbutt","Second Wind"],"picked":"Clash"}],"player_experience":27311,"potions_floor_usage":[6],"damage_taken":[{"damage":1,"enemies":"Cultist","floor":1,"turns":3},{"damage":8,"enemies":"Jaw Worm","floor":2,"turns":4},{"damage":10,"enemies":"Looter","floor":4,"turns":3},{"damage":9,"enemies":"2 Fungi Beasts","floor":5,"turns":3},{"damage":33,"enemies":"3 Sentries","floor":6,"turns":7},{"damage":11,"enemies":"Exordium Wildlife","floor":7,"turns":6},{"damage":0,"enemies":"Gremlin Gang","floor":13,"turns":3},{"damage":36,"enemies":"Hexaghost","floor":16,"turns":8},{"damage":1,"enemies":"Spheric Guardian","floor":18,"turns":4},{"damage":17,"enemies":"Shell Parasite","floor":19,"turns":4},{"damage":39,"enemies":"Sentry and Sphere","floor":21,"turns":6},{"damage":26,"enemies":"Centurion and Healer","floor":24,"turns":4},{"damage":57,"enemies":"Book of Stabbing","floor":28,"turns":5},{"damage":18,"enemies":"Snake Plant","floor":29,"turns":2}],"event_choices":[{"event_name":"Living Wall","player_choice":"Change","floor":3,"damage_taken":0},{"event_name":"Big Fish","player_choice":"Donut","floor":12,"damage_taken":0},{"event_name":"Golden Idol","player_choice":"Lose Max HP","floor":14,"damage_taken":0},{"event_name":"Drug Dealer","player_choice":"Got JAXXED","floor":22,"damage_taken":0}],"boss_relics":[{"not_picked":["Runic Cube","Question Card"],"picked":"Cursed Key"}],"potions_floor_spawned":[2,5,6,13,21,28],"seed_played":"-5896307596900002086","killed_by":"Snake Plant","is_trial":false}