{"gold_per_floor":[117,135,135,154,154,186,186,212,212,224,251,263,275,310,322,334],"floor_reached":16,"playtime":448,"items_purged":[],"score":209,"play_id":"77f0cb73-14bc-4aaf-8284-40cabc7d2daf","local_time":"20180911151304","is_ascension_mode":true,"campfire_choices":[{"floor":7,"key":"REST"},{"floor":13,"key":"REST"},{"data":"Shrug It Off","floor":15,"key":"SMITH"}],"neow_cost":"NONE","seed_source_timestamp":2335809680946708,"circlet_count":0,"master_deck":["Strike_R","Strike_R","Strike_R","Strike_R","Strike_R","Defend_R","Defend_R","Defend_R","Defend_R","Bash","AscendersBane","Combust","Shrug It Off+1","Blood for Blood"],"relics":["Burning Blood","NeowsBlessing","Oddly Smooth Stone","Mercury Hourglass","MawBank","Golden Idol"],"potions_floor_usage":[6,8],"damage_taken":[{"damage":0,"enemies":"Cultist","floor":1,"turns":1},{"damage":0,"enemies":"Jaw Worm","floor":2,"turns":1},{"damage":0,"enemies":"2 Louse","floor":4,"turns":1},{"damage":44,"enemies":"Lagavulin","floor":6,"turns":6},{"damage":32,"enemies":"Gremlin Nob","floor":8,"turns":4},{"damage":7,"enemies":"Looter","floor":11,"turns":3},{"damage":8,"enemies":"Large Slime","floor":14,"turns":4},{"damage":55,"enemies":"Hexaghost","floor":16,"turns":9}],"seed_played":"-1219914977541047699","potions_obtained":[{"floor":1,"key":"Strength Potion"},{"floor":6,"key":"PowerPotion"}],"is_trial":false,"path_per_floor":["M","M","$","M","?","E","R","E","T","?","M","?","R","M","R"],"character_chosen":"IRONCLAD","items_purchased":[],"campfire_rested":2,"item_purchase_floors":[],"current_hp_per_floor":[74,75,75,75,80,42,66,40,40,40,39,35,56,54,54,0],"gold":334,"neow_bonus":"THREE_ENEMY_KILL","is_prod":false,"is_daily":false,"chose_seed":false,"campfire_upgraded":1,"win_rate":0,"timestamp":1536675184,"path_taken":["M","M","$","?","?","E","R","E","T","?","M","?","R","?","R","BOSS"],"build_version":"2018-09-06","purchased_purges":0,"victory":false,"max_hp_per_floor":[75,75,75,75,80,80,80,80,80,72,72,72,72,72,72,72],"card_choices":[{"not_picked":["Perfected Strike","Shrug It Off"],"picked":"Combust","floor":1},{"not_picked":["Rage","Clothesline","Evolve"],"picked":"SKIP","floor":2},{"not_picked":["Anger","Perfected Strike","Disarm"],"picked":"SKIP","floor":4},{"not_picked":["Evolve","Fiend Fire"],"picked":"Shrug It Off","floor":6},{"not_picked":["Fire Breathing","Havoc"],"picked":"Blood for Blood","floor":8},{"not_picked":["Wild Strike","Cleave","Havoc"],"picked":"SKIP","floor":11},{"not_picked":["Heavy Blade","Wild Strike","Twin Strike"],"picked":"SKIP","floor":14}],"player_experience":341674,"relics_obtained":[{"floor":6,"key":"Oddly Smooth Stone"},{"floor":8,"key":"Mercury Hourglass"},{"floor":9,"key":"MawBank"}],"event_choices":[{"event_name":"Big Fish","player_choice":"Donut","floor":5,"damage_taken":0},{"event_name":"Golden Idol","player_choice":"Lose Max HP","floor":10,"damage_taken":0},{"event_name":"The Woman in Blue","player_choice":"Bought 0 Potions","floor":12,"damage_taken":0}],"is_beta":false,"boss_relics":[],"items_purged_floors":[],"is_endless":false,"potions_floor_spawned":[1,6],"killed_by":"Hexaghost","ascension_level":18}