{"path_per_floor":["M","$","M","M","M","R","E","T","T","E","R","E","R","E","R","B",null,"M","$","?","?","M","E"],"character_chosen":"DEFECT","items_purchased":["Leap","Symbiotic Virus","Deep Breath"],"gold_per_floor":[114,91,106,121,136,136,166,166,166,196,196,226,226,256,256,356,356,371,31,59,59,74,104,104],"floor_reached":24,"campfire_rested":3,"playtime":966,"current_hp_per_floor":[74,74,72,65,43,43,42,48,54,9,35,11,37,17,43,27,93,61,61,46,46,48,50,50],"items_purged":[],"gold":104,"score":267,"play_id":"895ec624-39c7-458b-bbcf-b9d0dace4f13","local_time":"20180505105928","daily_mods":["Heirloom","Cursed Run","Elite Swarm"],"is_prod":false,"is_daily":true,"chose_seed":false,"is_ascension_mode":false,"campfire_upgraded":1,"timestamp":1525539568,"path_taken":["M","$","M","M","M","R","E","?","T","E","R","E","R","E","R","BOSS","M","$","?","?","M","E","?"],"build_version":"2018-05-03","seed_source_timestamp":0,"purchased_purges":0,"victory":false,"master_deck":["Strike_B","Strike_B","Strike_B","Strike_B","Defend_B","Defend_B","Defend_B","Defend_B","Zap","Dualcast","Capacitor","Leap","Recycle+1","Rebound","Doom and Gloom","All For One","Clumsy","Parasite","All For One","All For One","Doubt","Recycle","Deep Breath","Rip and Tear+1"],"max_hp_per_floor":[75,75,75,75,75,75,75,81,87,87,87,87,87,87,87,93,93,93,93,93,93,93,93,93],"relics":["Cursed Key","Darkstone Periapt","Du-Vu Doll","Emotion Chip","Sundial","Kunai","Dodecahedron","Frozen Egg 2","Happy Flower","Peace Pipe","Lizard Tail","Symbiotic Virus","Red Mask","Meat on the Bone","The Courier"],"card_choices":[{"not_picked":["Barrage","Coolheaded"],"picked":"Capacitor","floor":1},{"not_picked":["Hologram","Turbo"],"picked":"Recycle","floor":3},{"not_picked":["Coolheaded","Nova"],"picked":"Rebound","floor":4},{"not_picked":["Storm","Streamline"],"picked":"Doom and Gloom","floor":5},{"not_picked":["Echo Form","Prime"],"picked":"All For One","floor":7},{"not_picked":["Rainbow","Reboot"],"picked":"All For One","floor":10},{"not_picked":["Prime","Meteor Strike"],"picked":"All For One","floor":12},{"not_picked":["Blizzard","Double Energy"],"picked":"Recycle","floor":18},{"not_picked":["Storm","Cold Snap"],"picked":"Rip and Tear","floor":22}],"player_experience":368425,"potions_floor_usage":[7,14,14,16,23],"damage_taken":[{"damage":1,"enemies":"Cultist","floor":1,"turns":3},{"damage":2,"enemies":"Jaw Worm","floor":3,"turns":3},{"damage":7,"enemies":"Small Slimes","floor":4,"turns":4},{"damage":22,"enemies":"Exordium Thugs","floor":5,"turns":6},{"damage":13,"enemies":"Lagavulin","floor":7,"turns":5},{"damage":45,"enemies":"Gremlin Nob","floor":10,"turns":5},{"damage":24,"enemies":"3 Sentries","floor":12,"turns":7},{"damage":20,"enemies":"Lagavulin","floor":14,"turns":4},{"damage":22,"enemies":"Hexaghost","floor":16,"turns":9},{"damage":32,"enemies":"3 Byrds","floor":18,"turns":7},{"damage":68,"enemies":"Masked Bandits","floor":20,"turns":6},{"damage":10,"enemies":"2 Thieves","floor":22,"turns":3},{"damage":10,"enemies":"Gremlin Leader","floor":23,"turns":6},{"damage":0,"enemies":"Snake Plant","floor":24,"turns":1}],"event_choices":[{"event_name":"Masked Bandits","player_choice":"Fought over 31 gold","floor":20,"damage_taken":0},{"event_name":"Wheel of Change","player_choice":"Relic","floor":21,"damage_taken":0}],"boss_relics":[{"not_picked":["White Beast Statue","Snecko Eye"],"picked":"Lizard Tail"}],"potions_floor_spawned":[5,10,12,14,20],"seed_played":"-736207879741980722","killed_by":"Snake Plant","ascension_level":0,"is_trial":false}