{"gold_per_floor":[109,121,21,38,49,49,84,84,110,139,139,65,65,81,81,81],"floor_reached":16,"playtime":652,"items_purged":["Regret"],"score":143,"play_id":"10f8ec5c-ce05-490c-b1ab-902cccc996c1","local_time":"20190112210616","is_ascension_mode":true,"campfire_choices":[{"data":"Adrenaline","floor":6,"key":"SMITH"},{"floor":8,"key":"REST"},{"floor":15,"key":"REST"}],"neow_cost":"CURSE","seed_source_timestamp":1568791115004690,"circlet_count":0,"master_deck":["Defend_G","Defend_G","Defend_G","Defend_G","Defend_G","Strike_G","Strike_G","Strike_G","Strike_G","Strike_G","Survivor","Neutralize+1","Dagger Throw","Escape Plan","Flying Knee","Leg Sweep","Adrenaline+1","Slice","Flying Knee","Sucker Punch"],"special_seed":0,"relics":["Ring of the Snake","Unceasing Top","Oddly Smooth Stone","Juzu Bracelet","Snake Skull"],"potions_floor_usage":[16],"damage_taken":[{"damage":3.0,"enemies":"Jaw Worm","floor":1.0,"turns":6.0},{"damage":3.0,"enemies":"2 Louse","floor":2.0,"turns":3.0},{"damage":7.0,"enemies":"Small Slimes","floor":4.0,"turns":4.0},{"damage":7,"enemies":"2 Fungi Beasts","floor":5,"turns":4},{"damage":25,"enemies":"Gremlin Nob","floor":7,"turns":5},{"damage":29,"enemies":"Lagavulin","floor":10,"turns":8},{"damage":2,"enemies":"Exordium Thugs","floor":14,"turns":3},{"damage":39,"enemies":"Slime Boss","floor":16,"turns":11}],"seed_played":"-3496131863834623773","potions_obtained":[{"floor":1.0,"key":"SteroidPotion"},{"floor":5,"key":"LiquidBronze"},{"floor":7,"key":"LiquidBronze"}],"is_trial":false,"path_per_floor":["M","M","$","M","M","R","E","R","T","E","?","$","?","M","R","B"],"character_chosen":"THE_SILENT","items_purchased":["Flying Knee","GhostInAJar"],"campfire_rested":2,"item_purchase_floors":[3,12],"current_hp_per_floor":[60,57,57,50,43,43,18,39,39,10,10,10,10,8,29,0],"gold":81,"neow_bonus":"ONE_RARE_RELIC","is_prod":false,"is_daily":false,"chose_seed":false,"campfire_upgraded":1,"win_rate":0,"timestamp":1547327176,"path_taken":["M","M","$","M","M","R","E","R","T","E","?","$","?","M","R","BOSS"],"build_version":"2019-01-10","purchased_purges":1,"victory":false,"max_hp_per_floor":[70,70,70,70,70,70,70,70,70,70,70,70,70,70,70,70],"card_choices":[{"not_picked":["Deflect","Noxious Fumes"],"picked":"Dagger Throw","floor":1.0},{"not_picked":["Prepared","Blade Dance"],"picked":"Escape Plan","floor":2.0},{"not_picked":["Choke","Outmaneuver"],"picked":"Leg Sweep","floor":4.0},{"not_picked":["Setup","Heel Hook"],"picked":"Adrenaline","floor":5},{"not_picked":["A Thousand Cuts","Calculated Gamble"],"picked":"Slice","floor":7},{"not_picked":["Slice","Dagger Spray"],"picked":"Flying Knee","floor":10},{"not_picked":["Blade Dance","Prepared"],"picked":"Sucker Punch","floor":14}],"player_experience":227768,"relics_obtained":[{"floor":7,"key":"Oddly Smooth Stone"},{"floor":9,"key":"Juzu Bracelet"},{"floor":10,"key":"Snake Skull"}],"event_choices":[{"damage_healed":0,"gold_gain":0,"player_choice":"Grow","damage_taken":0,"max_hp_gain":0,"max_hp_loss":0,"event_name":"Living Wall","floor":11,"gold_loss":0,"cards_upgraded":["Neutralize"]},{"damage_healed":0,"gold_gain":0,"player_choice":"Ignored","damage_taken":0,"max_hp_gain":0,"max_hp_loss":0,"event_name":"Golden Wing","floor":13,"gold_loss":0}],"is_beta":false,"boss_relics":[],"items_purged_floors":[3],"is_endless":false,"potions_floor_spawned":[1,5,7],"killed_by":"Slime Boss","ascension_level":6}