{"gold_per_floor":[115,115,115,125,71,71,99,115,115,115,133,148,183,195,195,195],"floor_reached":16,"playtime":496,"items_purged":[],"score":202,"play_id":"f22ea6e1-3101-4af3-a097-199c4e8f65bc","local_time":"20190201195742","is_ascension_mode":true,"campfire_choices":[{"data":"Body Slam","floor":6,"key":"SMITH"},{"data":"Body Slam","floor":15,"key":"SMITH"}],"neow_cost":"NONE","seed_source_timestamp":92901257765845,"circlet_count":0,"master_deck":["AscendersBane","Strike_R","Strike_R","Strike_R","Strike_R","Strike_R","Defend_R","Defend_R","Defend_R","Defend_R","Bash","Cleave","Shrug It Off","Body Slam+1","Battle Trance","Cleave","Shrug It Off","Body Slam+1","Dropkick"],"relics":["Burning Blood","Strawberry","NlothsMask","Nunchaku","Lantern"],"potions_floor_usage":[11,11,16],"damage_taken":[{"damage":7,"enemies":"Jaw Worm","floor":1,"turns":3},{"damage":1,"enemies":"Cultist","floor":4,"turns":3},{"damage":60,"enemies":"Gremlin Nob","floor":7,"turns":5},{"damage":0,"enemies":"2 Louse","floor":8,"turns":3},{"damage":1,"enemies":"Gremlin Gang","floor":11,"turns":3},{"damage":1,"enemies":"3 Louse","floor":12,"turns":3},{"damage":42,"enemies":"Lagavulin","floor":13,"turns":8},{"damage":0,"enemies":"2 Fungi Beasts","floor":14,"turns":2},{"damage":17,"enemies":"Hexaghost","floor":16,"turns":7}],"seed_played":"-2727086727288530592","potions_obtained":[{"floor":8,"key":"Swift Potion"},{"floor":10,"key":"Fire Potion"},{"floor":10,"key":"Fire Potion"},{"floor":14,"key":"FearPotion"}],"is_trial":false,"path_per_floor":["M","?","?","M","$","R","E","M","T","?","M","M","E","M","R","B"],"character_chosen":"IRONCLAD","items_purchased":["Body Slam"],"campfire_rested":0,"item_purchase_floors":[5],"current_hp_per_floor":[74,79,79,84,84,84,30,36,36,36,41,46,10,16,16,0],"gold":195,"neow_bonus":"RANDOM_COMMON_RELIC","is_prod":false,"is_daily":false,"chose_seed":false,"campfire_upgraded":2,"win_rate":0,"timestamp":1549051062,"path_taken":["M","?","?","?","?","R","E","M","T","?","M","M","E","M","R","BOSS"],"build_version":"2019-01-23","purchased_purges":0,"victory":false,"max_hp_per_floor":[82,87,87,87,87,87,87,87,87,87,87,87,87,87,87,87],"card_choices":[{"not_picked":["Wild Strike","Clash"],"picked":"Cleave","floor":1},{"not_picked":["Pummel","Twin Strike"],"picked":"Shrug It Off","floor":4},{"not_picked":["Combust","Clothesline"],"picked":"Battle Trance","floor":7},{"not_picked":["Clothesline","Reaper"],"picked":"Cleave","floor":8},{"not_picked":["Disarm","Havoc"],"picked":"Shrug It Off","floor":11},{"not_picked":["Perfected Strike","Second Wind"],"picked":"Body Slam","floor":12},{"not_picked":["Offering","Warcry","Rage"],"picked":"SKIP","floor":13},{"not_picked":["Bloodletting","Twin Strike"],"picked":"Dropkick","floor":14}],"player_experience":510160,"relics_obtained":[{"floor":7,"key":"Nunchaku"},{"floor":13,"key":"Lantern"}],"event_choices":[{"damage_healed":0,"gold_gain":0,"player_choice":"Donut","damage_taken":0,"max_hp_gain":5,"max_hp_loss":0,"event_name":"Big Fish","floor":2,"gold_loss":0},{"damage_healed":0,"gold_gain":0,"player_choice":"Trade","damage_taken":0,"relics_obtained":["NlothsMask"],"max_hp_gain":0,"max_hp_loss":0,"event_name":"FaceTrader","floor":3,"gold_loss":0},{"damage_healed":0,"gold_gain":0,"player_choice":"Got Potions","damage_taken":0,"max_hp_gain":0,"max_hp_loss":0,"event_name":"Lab","floor":10,"gold_loss":0}],"is_beta":false,"boss_relics":[],"items_purged_floors":[],"is_endless":false,"potions_floor_spawned":[8,14],"killed_by":"Hexaghost","ascension_level":16}