{"gold_per_floor":[110,110,37,56,131,131,150,176,176,208,208,226,260,274,274,379,379,396,396,396,416,426,426,457,470,519,530,530,53,53,70,70,172,172,192,208,38,55,70,103,103,103],"floor_reached":42,"playtime":2327,"items_purged":["Strike_R","Strike_R"],"score":676,"play_id":"f51b51aa-b397-4f2e-b71f-0154b7188b4b","local_time":"20190322210505","is_ascension_mode":true,"campfire_choices":[{"data":"Uppercut","floor":6,"key":"SMITH"},{"data":"Bash","floor":11,"key":"SMITH"},{"data":"Fire Breathing","floor":15,"key":"SMITH"},{"data":"Anger","floor":23,"key":"SMITH"},{"floor":30,"key":"REST"},{"data":"Whirlwind","floor":32,"key":"SMITH"},{"data":"Metallicize","floor":41,"key":"SMITH"}],"neow_cost":"NONE","seed_source_timestamp":76248428972556,"circlet_count":0,"master_deck":["Strike_R","Defend_R","Defend_R","Defend_R","Defend_R","Bash+1","Perfected Strike","Inflame+1","Uppercut+1","Anger+1","Whirlwind+1","Ghostly Armor+1","Disarm+1","Fire Breathing+1","Offering+1","True Grit+1","Thunderclap","Heavy Blade","Twin Strike+1","Shrug It Off+1","Good Instincts+1","Pummel","Dropkick","Metallicize+1","Pommel Strike+1"],"relics":["Black Blood","Shuriken","Omamori","Sundial","Toxic Egg 2","Matryoshka","Oddly Smooth Stone","Vajra","PreservedInsect","Enchiridion","Chemical X","Empty Cage","Blood Vial"],"potions_floor_usage":[13,16,24,33],"damage_taken":[{"damage":1,"enemies":"Cultist","floor":1,"turns":4},{"damage":0,"enemies":"2 Louse","floor":4,"turns":2},{"damage":2,"enemies":"Jaw Worm","floor":7,"turns":3},{"damage":20,"enemies":"Lagavulin","floor":8,"turns":5},{"damage":14,"enemies":"Gremlin Nob","floor":10,"turns":4},{"damage":9,"enemies":"Blue Slaver","floor":12,"turns":2},{"damage":2,"enemies":"Lagavulin","floor":13,"turns":4},{"damage":14,"enemies":"3 Louse","floor":14,"turns":2},{"damage":0,"enemies":"Slime Boss","floor":16,"turns":6},{"damage":15,"enemies":"Shell Parasite","floor":18,"turns":4},{"damage":6,"enemies":"Chosen","floor":21,"turns":6},{"damage":28,"enemies":"3 Cultists","floor":22,"turns":4},{"damage":31,"enemies":"Gremlin Leader","floor":24,"turns":7},{"damage":6,"enemies":"Cultist and Chosen","floor":25,"turns":4},{"damage":20,"enemies":"Chosen and Byrds","floor":27,"turns":6},{"damage":6,"enemies":"Shelled Parasite and Fungi","floor":31,"turns":3},{"damage":41,"enemies":"Collector","floor":33,"turns":6},{"damage":5,"enemies":"3 Shapes","floor":35,"turns":4},{"damage":6,"enemies":"Orb Walker","floor":36,"turns":2},{"damage":9,"enemies":"3 Darklings","floor":38,"turns":2},{"damage":18,"enemies":"Maw","floor":39,"turns":5},{"damage":30,"enemies":"Reptomancer","floor":40,"turns":5},{"damage":55,"enemies":"Giant Head","floor":42,"turns":6}],"seed_played":"8350016797261290622","potions_obtained":[{"floor":4,"key":"Fire Potion"},{"floor":10,"key":"SpeedPotion"},{"floor":13,"key":"PowerPotion"},{"floor":14,"key":"AttackPotion"},{"floor":16,"key":"Ancient Potion"},{"floor":21,"key":"Strength Potion"},{"floor":24,"key":"Explosive Potion"},{"floor":36,"key":"EssenceOfSteel"}],"is_trial":false,"path_per_floor":["M","T","$","M","?","R","M","E","T","E","R","M","E","M","R","B",null,"M","?","?","M","M","R","E","M","T","M","?","$","R","M","R","B",null,"M","M","$","M","M","E","R","E"],"character_chosen":"IRONCLAD","items_purchased":["Inflame","Shrug It Off+1","Chemical X","Good Instincts+1","Pummel","Metallicize"],"campfire_rested":1,"item_purchase_floors":[3,29,29,29,29,37],"current_hp_per_floor":[85,85,85,88,77,77,81,67,67,59,59,56,60,52,52,58,81,76,76,76,80,62,62,41,45,45,35,19,19,45,49,49,18,71,76,80,80,81,73,53,53,0],"gold":103,"neow_bonus":"TEN_PERCENT_HP_BONUS","is_prod":false,"is_daily":false,"chose_seed":false,"campfire_upgraded":6,"win_rate":0,"timestamp":1553306705,"path_taken":["M","?","?","M","?","R","?","E","T","E","R","M","E","M","R","BOSS","M","?","?","M","M","R","E","M","T","?","?","$","R","M","R","BOSS","M","M","$","M","M","E","R","E"],"build_version":"2019-01-23","purchased_purges":2,"victory":false,"max_hp_per_floor":[88,88,88,88,88,88,88,88,88,88,88,88,88,88,88,88,88,88,88,88,88,88,88,88,88,88,88,88,88,88,88,88,88,88,88,88,88,88,88,88,88,88],"card_choices":[{"not_picked":["Anger","Seeing Red"],"picked":"Perfected Strike","floor":1},{"not_picked":["Havoc","Sentinel"],"picked":"Uppercut","floor":4},{"not_picked":["Sword Boomerang","Armaments"],"picked":"Anger","floor":7},{"not_picked":["Perfected Strike","Burning Pact","Rupture"],"picked":"SKIP","floor":8},{"not_picked":["Clothesline","Body Slam"],"picked":"Whirlwind","floor":10},{"not_picked":["Cleave","Searing Blow"],"picked":"Ghostly Armor+1","floor":12},{"not_picked":["Cleave","Havoc+1"],"picked":"Disarm+1","floor":13},{"not_picked":["Flex+1","Iron Wave"],"picked":"Fire Breathing","floor":14},{"not_picked":["Limit Break+1","Exhume+1"],"picked":"Offering+1","floor":16},{"not_picked":["Cleave","Iron Wave"],"picked":"True Grit+1","floor":18},{"not_picked":["Havoc+1","Sentinel+1","Clothesline"],"picked":"SKIP","floor":21},{"not_picked":["Havoc+1","Sentinel+1","Clothesline"],"picked":"SKIP","floor":21},{"not_picked":["Clash","Seeing Red+1"],"picked":"Thunderclap","floor":22},{"not_picked":["Rampage","Impervious+1"],"picked":"Heavy Blade","floor":24},{"not_picked":["Infernal Blade+1","Power Through+1","Armaments+1"],"picked":"SKIP","floor":25},{"not_picked":["Iron Wave+1","Inflame+1"],"picked":"Twin Strike+1","floor":27},{"not_picked":["Wild Strike","Sever Soul","Armaments+1"],"picked":"SKIP","floor":31},{"not_picked":["Headbutt+1","Clothesline+1","Clash"],"picked":"SKIP","floor":35},{"not_picked":["Clothesline+1","Sword Boomerang"],"picked":"Dropkick","floor":36},{"not_picked":["Sword Boomerang","Rampage"],"picked":"Pommel Strike+1","floor":38},{"not_picked":["Shrug It Off+1","Headbutt","Sentinel+1"],"picked":"SKIP","floor":39},{"not_picked":["Headbutt+1","Anger+1","Sword Boomerang"],"picked":"SKIP","floor":40}],"player_experience":586853,"relics_obtained":[{"floor":2,"key":"Shuriken"},{"floor":8,"key":"Omamori"},{"floor":9,"key":"Sundial"},{"floor":10,"key":"Toxic Egg 2"},{"floor":13,"key":"Matryoshka"},{"floor":24,"key":"Oddly Smooth Stone"},{"floor":26,"key":"Vajra"},{"floor":26,"key":"PreservedInsect"},{"floor":28,"key":"Enchiridion"},{"floor":40,"key":"Blood Vial"}],"event_choices":[{"damage_healed":0,"gold_gain":75,"player_choice":"Gather Gold","damage_taken":11,"max_hp_gain":0,"max_hp_loss":0,"event_name":"World of Goop","floor":5,"gold_loss":0},{"damage_healed":0,"gold_gain":0,"player_choice":"Ignored","damage_taken":0,"max_hp_gain":0,"max_hp_loss":0,"event_name":"The Mausoleum","floor":19,"gold_loss":0},{"damage_healed":0,"gold_gain":0,"player_choice":"Forge","damage_taken":0,"max_hp_gain":0,"max_hp_loss":0,"event_name":"Accursed Blacksmith","floor":20,"gold_loss":0,"cards_upgraded":["Inflame"]},{"damage_healed":0,"gold_gain":0,"player_choice":"Obtained Book","damage_taken":16,"max_hp_gain":0,"max_hp_loss":0,"event_name":"Cursed Tome","floor":28,"gold_loss":0}],"is_beta":false,"boss_relics":[{"not_picked":["Runic Cube","Velvet Choker"],"picked":"Black Blood"},{"not_picked":["Philosopher\u0027s Stone","Tiny House"],"picked":"Empty Cage"}],"items_purged_floors":[29,37],"is_endless":false,"potions_floor_spawned":[4,10,13,14,16,21,22,24,27,36],"killed_by":"Giant Head","ascension_level":6}