{"gold_per_floor":[111,211,222,397,408,408,428,428,428,460,471,471],"floor_reached":12,"playtime":416,"items_purged":[],"score":116,"play_id":"30375341-655f-4e4a-bf1c-d6106e6e0683","local_time":"20190428081015","is_ascension_mode":true,"campfire_choices":[{"data":"Zap","floor":6,"key":"SMITH"},{"data":"Beam Cell","floor":8,"key":"SMITH"}],"neow_cost":"NONE","seed_source_timestamp":346357139593217,"circlet_count":0,"master_deck":["Strike_B","Strike_B","Strike_B","Strike_B","Defend_B","Defend_B","Defend_B","Defend_B","Zap+1","Dualcast","Thunder Strike","Go for the Eyes","Hologram","Doubt","Beam Cell+1","Defragment"],"relics":["Cracked Core","Dream Catcher","Singing Bowl"],"potions_floor_usage":[5,10,12],"damage_taken":[{"damage":0,"enemies":"Small Slimes","floor":1,"turns":4},{"damage":1,"enemies":"Cultist","floor":3,"turns":3},{"damage":7,"enemies":"Jaw Worm","floor":5,"turns":3},{"damage":8,"enemies":"Large Slime","floor":7,"turns":7},{"damage":27,"enemies":"Lagavulin","floor":10,"turns":7},{"damage":7,"enemies":"Looter","floor":11,"turns":3},{"damage":24,"enemies":"Gremlin Gang","floor":12,"turns":3}],"seed_played":"-140537366784782285","potions_obtained":[{"floor":3,"key":"GamblersBrew"},{"floor":7,"key":"PowerPotion"},{"floor":11,"key":"SneckoOil"}],"is_trial":false,"path_per_floor":["M","?","M","?","M","R","M","R","T","E","M","M"],"character_chosen":"DEFECT","items_purchased":[],"campfire_rested":0,"item_purchase_floors":[],"current_hp_per_floor":[68,68,67,67,60,60,52,52,52,25,20,0],"gold":471,"neow_bonus":"ONE_RANDOM_RARE_CARD","is_prod":false,"is_daily":false,"chose_seed":false,"campfire_upgraded":2,"win_rate":0,"timestamp":1556460615,"path_taken":["M","?","?","?","M","R","M","R","T","E","M","M"],"build_version":"2019-04-23","purchased_purges":0,"victory":false,"max_hp_per_floor":[75,75,75,75,75,75,75,75,75,75,77,77],"card_choices":[{"not_picked":["Sweeping Beam","Glacier"],"picked":"Go for the Eyes","floor":1},{"not_picked":["Go for the Eyes","Streamline"],"picked":"Hologram","floor":3},{"not_picked":["Rebound","Go for the Eyes","Skim"],"picked":"SKIP","floor":5},{"not_picked":["Go for the Eyes","Turbo"],"picked":"Beam Cell","floor":7},{"not_picked":["Leap","Scrape"],"picked":"Defragment","floor":10},{"not_picked":["Cold Snap","Leap","Hologram"],"picked":"Singing Bowl","floor":11}],"player_experience":547993,"relics_obtained":[{"floor":9,"key":"Dream Catcher"},{"floor":10,"key":"Singing Bowl"}],"event_choices":[{"damage_healed":0,"gold_gain":100,"player_choice":"Gold","damage_taken":0,"max_hp_gain":0,"max_hp_loss":0,"event_name":"Wheel of Change","floor":2,"gold_loss":0},{"damage_healed":0,"gold_gain":175,"player_choice":"AGREE","damage_taken":0,"max_hp_gain":0,"max_hp_loss":0,"event_name":"Liars Game","floor":4,"gold_loss":0,"cards_obtained":["Doubt"]}],"is_beta":true,"boss_relics":[],"items_purged_floors":[],"is_endless":false,"potions_floor_spawned":[3,7,11],"killed_by":"Gremlin Gang","ascension_level":9}