{"path_per_floor":["M","M","$","?","?","E","M","M","T","R","M","R","E","$","R","B",null,"M","?","$","M","?","E","?"],"character_chosen":"IRONCLAD","items_purchased":["Rage","Flex","Apotheosis"],"gold_per_floor":[115,135,14,89,89,124,137,153,153,153,169,169,200,12,12,112,112,123,123,48,61,61,91,91],"floor_reached":25,"campfire_rested":1,"playtime":1872,"current_hp_per_floor":[45,51,51,40,40,32,38,44,51,51,57,57,52,52,78,84,87,87,87,87,87,87,79,55],"items_purged":["Strike_R"],"gold":91,"score":335,"play_id":"63bb63e2-11af-49f8-aa2d-d319a760fe00","local_time":"20180319184133","is_prod":false,"is_daily":false,"is_ascension_mode":true,"campfire_upgraded":2,"timestamp":1521506493,"path_taken":["M","?","$","?","?","E","M","M","T","R","M","R","E","$","R","BOSS","M","?","$","M","?","E","?","E"],"build_version":"2018-03-16","purchased_purges":1,"victory":false,"master_deck":["Strike_R","Strike_R","Strike_R","Defend_R","Defend_R","Defend_R","Defend_R","Bash","Clash+1","Perfected Strike+1","Rage","Flex","Impervious","Twin Strike","Rage","Apotheosis","Double Tap","Twin Strike","Pommel Strike+1","Anger","Dramatic Entrance","Jack Of All Trades"],"max_hp_per_floor":[80,80,80,80,80,80,80,80,87,87,87,87,87,87,87,87,87,87,87,87,87,87,87,87],"relics":["Burning Blood","Gambling Chip","Omamori","Strawberry","Juzu Bracelet","Philosopher\u0027s Stone","Dream Catcher","Ornamental Fan"],"card_choices":[{"not_picked":["Body Slam","Sword Boomerang"],"picked":"Clash"},{"not_picked":["Pummel","Exhume"],"picked":"Perfected Strike"},{"not_picked":["Thunderclap","Metallicize"],"picked":"Twin Strike"},{"not_picked":["Anger","True Grit"],"picked":"Rage"},{"not_picked":["Feed","Reaper"],"picked":"Double Tap"},{"not_picked":["Blood for Blood","Searing Blow"],"picked":"Twin Strike"},{"not_picked":["Feel No Pain","Entrench"],"picked":"Pommel Strike"},{"not_picked":["Reckless Charge","Entrench"],"picked":"Anger"}],"player_experience":238573,"potions_floor_usage":[7,13,23,23,25],"damage_taken":[{"damage":1,"enemies":"Cultist","floor":1,"turns":4},{"damage":0,"enemies":"Small Slimes","floor":2,"turns":3},{"damage":14,"enemies":"Gremlin Nob","floor":6,"turns":4},{"damage":0,"enemies":"Jaw Worm","floor":7,"turns":3},{"damage":0,"enemies":"Exordium Wildlife","floor":8,"turns":4},{"damage":0,"enemies":"Looter","floor":11,"turns":4},{"damage":11,"enemies":"Lagavulin","floor":13,"turns":6},{"damage":0,"enemies":"Slime Boss","floor":16,"turns":7},{"damage":0,"enemies":"Spheric Guardian","floor":18,"turns":2},{"damage":0,"enemies":"Chosen","floor":21,"turns":2},{"damage":14,"enemies":"Slavers","floor":23,"turns":5},{"damage":63,"enemies":"Gremlin Leader","floor":25,"turns":5}],"event_choices":[{"event_name":"World of Goop","player_choice":"Gather Gold","floor":4,"damage_taken":0},{"event_name":"Living Wall","player_choice":"Change","floor":5,"damage_taken":0},{"event_name":"The Mausoleum","player_choice":"Yes","floor":19,"damage_taken":0},{"event_name":"Addict","player_choice":"Ignored","floor":22,"damage_taken":0},{"event_name":"Knowing Skull","player_choice":"CARD CARD ","floor":24,"damage_taken":0}],"boss_relics":[{"not_picked":["Eternal Feather","Pandora\u0027s Box"],"picked":"Philosopher\u0027s Stone"}],"potions_floor_spawned":[6,7,13,18,21],"seed_played":"-370295661558897040","killed_by":"Gremlin Leader","ascension_level":4,"is_trial":false}