{"gold_per_floor":[112,112,122,132,132,132,166,228,279,279,279,295,305,334,334,439,489,507,507,507,507,606,635,488,458],"floor_reached":25,"playtime":1297,"items_purged":["Strike_B"],"score":354,"play_id":"ec7dea2e-9b05-4c1e-a3ed-cd604ad930fa","local_time":"20190420153601","is_ascension_mode":true,"campfire_choices":[{"data":"Barrage","floor":6.0,"key":"SMITH"},{"floor":11.0,"key":"REST"},{"floor":15.0,"key":"REST"}],"neow_cost":"NONE","seed_source_timestamp":0,"circlet_count":0,"master_deck":["Strike_B","Strike_B","Defend_B","Defend_B+1","Defend_B","Defend_B","Zap+1","Dualcast","Barrage+1","Static Discharge","Hologram","Rebound","Conserve Battery","Echo Form","Undo","Storm"],"special_seed":0,"relics":["Cracked Core","Vajra","Calipers","Centennial Puzzle","Letter Opener","Tiny House","MutagenicStrength","Peace Pipe"],"potions_floor_usage":[23,23],"damage_taken":[{"damage":0.0,"enemies":"2 Louse","floor":1.0,"turns":3.0},{"damage":7.0,"enemies":"Jaw Worm","floor":3.0,"turns":4.0},{"damage":7.0,"enemies":"Small Slimes","floor":4.0,"turns":3.0},{"damage":25.0,"enemies":"Lagavulin","floor":7.0,"turns":7.0},{"damage":25.0,"enemies":"3 Sentries","floor":8.0,"turns":5.0},{"damage":9.0,"enemies":"3 Louse","floor":12.0,"turns":2.0},{"damage":0.0,"enemies":"Exordium Wildlife","floor":13.0,"turns":3.0},{"damage":8.0,"enemies":"3 Sentries","floor":14.0,"turns":6.0},{"damage":26.0,"enemies":"Slime Boss","floor":16.0,"turns":7.0},{"damage":32.0,"enemies":"3 Byrds","floor":18.0,"turns":4.0},{"damage":16,"enemies":"Book of Stabbing","floor":23,"turns":5},{"damage":9,"enemies":"2 Thieves","floor":25,"turns":1}],"seed_played":"5943447027248072913","potions_obtained":[{"floor":1.0,"key":"Poison Potion"},{"floor":8.0,"key":"FearPotion"},{"floor":14.0,"key":"Fire Potion"},{"floor":17.0,"key":"Explosive Potion"}],"is_trial":false,"path_per_floor":["M","?","M","M","?","R","E","?","T","?","R","M","M","E","R","B",null,"M","?","?","?","?","E","$","M"],"character_chosen":"DEFECT","items_purchased":["Storm"],"campfire_rested":2,"item_purchase_floors":[24],"current_hp_per_floor":[68,73,66,59,59,59,34,9,9,2,26,17,17,9,33,7,67,35,35,19,19,19,3,3,0],"gold":458,"neow_bonus":"UPGRADE_CARD","is_prod":false,"is_daily":false,"chose_seed":false,"campfire_upgraded":1,"win_rate":0,"timestamp":1555792561,"path_taken":["M","?","M","M","?","R","E","?","T","?","R","M","?","E","R","BOSS","M","?","?","?","?","E","$","M"],"build_version":"2019-01-23","purchased_purges":1,"victory":false,"max_hp_per_floor":[75,80,80,80,80,80,80,80,80,80,80,80,80,80,80,80,85,85,85,90,90,90,90,90,90],"card_choices":[{"not_picked":["Blizzard","Compile Driver","Gash"],"picked":"SKIP","floor":1.0},{"not_picked":["Compile Driver","Aggregate","Recycle"],"picked":"SKIP","floor":3.0},{"not_picked":["Turbo","Beam Cell"],"picked":"Barrage","floor":4.0},{"not_picked":["Multi-Cast","Compile Driver"],"picked":"Static Discharge","floor":7.0},{"not_picked":["Redo","Reprogram"],"picked":"Hologram","floor":8.0},{"not_picked":["Scrape","Self Repair"],"picked":"Rebound","floor":12.0},{"not_picked":["Gash","Rip and Tear"],"picked":"Conserve Battery","floor":13.0},{"not_picked":["Hologram","Stack","Beam Cell"],"picked":"SKIP","floor":14.0},{"not_picked":["Reboot","All For One"],"picked":"Echo Form","floor":16.0},{"not_picked":["Go for the Eyes","Heatsinks"],"picked":"Undo","floor":18.0},{"not_picked":["Barrage","Compile Driver","Blizzard"],"picked":"SKIP","floor":23}],"player_experience":631835,"relics_obtained":[{"floor":7.0,"key":"Vajra"},{"floor":8.0,"key":"Calipers"},{"floor":9.0,"key":"Centennial Puzzle"},{"floor":14.0,"key":"Letter Opener"},{"floor":23,"key":"Peace Pipe"}],"event_choices":[{"damage_healed":0.0,"max_hp_gain":5.0,"max_hp_loss":0.0,"gold_gain":0.0,"event_name":"Big Fish","player_choice":"Donut","floor":2.0,"gold_loss":0.0,"damage_taken":0.0},{"damage_healed":0.0,"max_hp_gain":0.0,"max_hp_loss":0.0,"gold_gain":0.0,"event_name":"Liars Game","player_choice":"Ignored","floor":5.0,"gold_loss":0.0,"damage_taken":0.0},{"damage_healed":0.0,"max_hp_gain":0.0,"max_hp_loss":0.0,"gold_gain":0.0,"event_name":"Dead Adventurer","player_choice":"Searched \u00271\u0027 times","floor":8.0,"gold_loss":0.0,"damage_taken":0.0},{"cards_removed":["Strike_B"],"damage_healed":0.0,"max_hp_gain":0.0,"max_hp_loss":0.0,"gold_gain":0.0,"event_name":"Golden Wing","player_choice":"Card Removal","floor":10.0,"gold_loss":0.0,"damage_taken":7.0},{"damage_healed":0.0,"max_hp_gain":0.0,"max_hp_loss":0.0,"gold_gain":0.0,"event_name":"Drug Dealer","player_choice":"Inject Mutagens","floor":19.0,"gold_loss":0.0,"damage_taken":0.0,"relics_obtained":["MutagenicStrength"]},{"damage_healed":0,"gold_gain":0,"player_choice":"Shed Blood","damage_taken":21,"max_hp_gain":5,"max_hp_loss":0,"event_name":"Forgotten Altar","floor":20,"gold_loss":0},{"damage_healed":0,"gold_gain":0,"player_choice":"Ignored","damage_taken":0,"max_hp_gain":0,"max_hp_loss":0,"event_name":"Cursed Tome","floor":21,"gold_loss":0},{"damage_healed":0,"gold_gain":99,"player_choice":"Stole From Cult","damage_taken":0,"max_hp_gain":0,"max_hp_loss":0,"event_name":"Nest","floor":22,"gold_loss":0}],"is_beta":false,"boss_relics":[{"not_picked":["Busted Crown","Empty Cage"],"picked":"Tiny House"}],"items_purged_floors":[24],"is_endless":false,"potions_floor_spawned":[1,8,14],"killed_by":"2 Thieves","ascension_level":9}