{"path_per_floor":["M","M","?","$","?","R","E","$","T","$","M","M","?","?","R","B",null,"M","?","M","$","M","R","E","$","T","?","M","R","$","$","R","B",null,"M","M","$","M","$","E","M","E","T","?","M","?","E","?","R"],"character_chosen":"IRONCLAD","items_purchased":["Shrug It Off","Body Slam","True Grit"],"gold_per_floor":[115,127,127,52,52,52,77,26,49,49,61,78,78,78,78,181,181,196,196,186,32,51,51,77,77,104,104,117,117,117,117,117,218,218,237,252,252,266,239,270,288,314,337,337,347,347,373,0,0],"floor_reached":50,"campfire_rested":3,"playtime":2649,"current_hp_per_floor":[80,75,82,82,82,82,44,44,44,44,61,59,59,59,59,43,87,75,75,69,69,57,57,57,57,57,57,39,65,65,65,87,34,87,86,81,81,87,87,78,61,52,52,52,56,45,59,59,85],"items_purged":["Regret","Strike_R"],"gold":0,"score":736,"play_id":"c0e283ce-6345-4854-9d91-9bfc84c9c24a","local_time":"20180316151234","is_prod":false,"is_daily":false,"is_ascension_mode":true,"campfire_upgraded":3,"timestamp":1521234754,"path_taken":["M","M","?","$","?","R","E","?","T","$","?","M","?","?","R","BOSS","M","?","?","?","M","R","E","$","T","?","?","R","?","$","R","BOSS","M","M","$","?","$","E","M","E","T","?","M","?","E","?","R","BOSS"],"build_version":"2018-03-16","purchased_purges":3,"victory":false,"master_deck":["Strike_R","Strike_R","Strike_R","Defend_R","Defend_R","Defend_R","Defend_R","Bash+1","Entrench+1","Headbutt","Spot Weakness","Shrug It Off+1","Iron Wave","Limit Break","Body Slam+1","Shrug It Off","Body Slam+1","Heavy Blade+1","Body Slam+1","Ghostly Armor+1","Offering","Shrug It Off+1","Armaments+1","Infernal Blade+1","True Grit","Havoc","Body Slam+1","Sentinel","Madness","Madness","Intimidate"],"max_hp_per_floor":[80,80,87,87,87,87,87,87,87,87,87,87,87,87,87,87,87,87,87,87,87,87,87,87,87,87,87,87,87,87,87,87,87,87,87,87,87,87,87,87,87,87,87,87,87,87,87,87,87],"relics":["Burning Blood","Happy Flower","Strawberry","Meat on the Bone","Orichalcum","Question Card","Molten Egg 2","Dead Branch","Prayer Wheel","Orrery","Unceasing Top","Ginger","Vajra","Blood Vial","Red Mask"],"card_choices":[{"not_picked":["Second Wind","Metallicize"],"picked":"Entrench"},{"not_picked":["Combust","True Grit"],"picked":"Headbutt"},{"not_picked":["Limit Break","Warcry"],"picked":"Spot Weakness"},{"not_picked":["Rage","Wild Strike"],"picked":"Iron Wave"},{"not_picked":["Demon Form","Fiend Fire"],"picked":"Limit Break"},{"not_picked":["Carnage","Ghostly Armor","True Grit"],"picked":"Body Slam"},{"not_picked":["Flex","Thunderclap","Intimidate"],"picked":"Shrug It Off"},{"not_picked":["Cleave","Anger","Pommel Strike"],"picked":"Heavy Blade"},{"not_picked":["Warcry","Pummel","Shrug It Off"],"picked":"Inflame"},{"not_picked":["Armaments","Anger","Sword Boomerang"],"picked":"Ghostly Armor"},{"not_picked":["Exhume","Brutality","Fiend Fire"],"picked":"Offering"},{"not_picked":["Armaments","Warcry","Sword Boomerang"],"picked":"Shrug It Off"},{"not_picked":["Sword Boomerang","Headbutt","Wild Strike"],"picked":"Armaments"},{"not_picked":["Juggernaut","Warcry","Twin Strike"],"picked":"Infernal Blade"},{"not_picked":["Thunderclap","Searing Blow","Shrug It Off"],"picked":"Havoc"},{"not_picked":["Limit Break","Blood for Blood","Sentinel"],"picked":"Body Slam"},{"not_picked":["Combust","Whirlwind","Shrug It Off"],"picked":"Sentinel"},{"not_picked":["Iron Wave","Clothesline","Shrug It Off"],"picked":"Intimidate"}],"player_experience":219574,"potions_floor_usage":[7,16,24,24,24,36,36,41,42,42,47,50],"damage_taken":[{"damage":0,"enemies":"Small Slimes","floor":1,"turns":3},{"damage":11,"enemies":"2 Louse","floor":2,"turns":3},{"damage":44,"enemies":"Lagavulin","floor":7,"turns":8},{"damage":1,"enemies":"Cultist","floor":11,"turns":5},{"damage":8,"enemies":"Looter","floor":12,"turns":4},{"damage":34,"enemies":"Slime Boss","floor":16,"turns":9},{"damage":18,"enemies":"Shell Parasite","floor":18,"turns":6},{"damage":12,"enemies":"2 Thieves","floor":20,"turns":4},{"damage":30,"enemies":"Snake Plant","floor":22,"turns":4},{"damage":6,"enemies":"Slavers","floor":24,"turns":5},{"damage":36,"enemies":"Snecko","floor":28,"turns":7},{"damage":71,"enemies":"Automaton","floor":33,"turns":10},{"damage":7,"enemies":"Orb Walker","floor":35,"turns":3},{"damage":11,"enemies":"3 Darklings","floor":36,"turns":5},{"damage":8,"enemies":"Flame Bruiser 2 Orb","floor":38,"turns":5},{"damage":15,"enemies":"Giant Head","floor":40,"turns":5},{"damage":23,"enemies":"Sphere and 2 Shapes","floor":41,"turns":4},{"damage":24,"enemies":"2 Orb Walkers","floor":42,"turns":4},{"damage":14,"enemies":"Spire Growth","floor":45,"turns":4},{"damage":11,"enemies":"Nemesis","floor":47,"turns":5},{"damage":102,"enemies":"Awakened One","floor":50,"turns":9}],"event_choices":[{"event_name":"Big Fish","player_choice":"Box","floor":3,"damage_taken":0},{"event_name":"Purifier","player_choice":"One Purge","floor":5,"damage_taken":0},{"event_name":"Living Wall","player_choice":"Grow","floor":13,"damage_taken":0},{"event_name":"Liars Game","player_choice":"disagreed","floor":14,"damage_taken":0},{"event_name":"The Mausoleum","player_choice":"Yes","floor":19,"damage_taken":0},{"event_name":"The Library","player_choice":"Read","floor":27,"damage_taken":0},{"event_name":"Winding Halls","player_choice":"Embrace Madness","floor":46,"damage_taken":0},{"event_name":"Tomb of Lord Red Mask","player_choice":"Paid","floor":48,"damage_taken":0}],"boss_relics":[{"not_picked":["Eternal Feather","Runic Dome"],"picked":"Question Card"},{"not_picked":["Runic Pyramid","Mark of Pain"],"picked":"Orrery"}],"potions_floor_spawned":[1,11,18,20,22,28,33,35,40,41,42,45],"seed_played":"-5508812510872919880","killed_by":"Awakened One","ascension_level":4,"is_trial":false}