{"gold_per_floor":[118,136,146,160,174,204,204,239,310,323,341,376,394,27,27,129,129,139,139,157,256,270,304,304,319,368,34,62,62,92,92,92,187,187,197,97,97,97,0,0,26,38,38,38,52,63,63,100,112,124],"floor_reached":51,"playtime":2785,"items_purged":["Strike_G","Defend_G"],"score":1078,"play_id":"638763f4-8af1-45a5-b8a6-49434a220b2d","local_time":"20190112130237","is_ascension_mode":true,"campfire_choices":[{"data":"Neutralize","floor":7,"key":"SMITH"},{"floor":15,"key":"REST"},{"floor":24,"key":"REST"},{"floor":32,"key":"DIG"},{"floor":40,"key":"DIG"},{"floor":44,"key":"DIG"},{"floor":47,"key":"DIG"},{"floor":49,"key":"DIG"}],"neow_cost":"NONE","seed_source_timestamp":1537650340436509,"circlet_count":0,"master_deck":["Defend_G+1","Defend_G","Defend_G","Defend_G","Survivor","Neutralize+1","Backflip+1","Predator","Masterful Stab","Slice","Corpse Explosion","Dagger Throw","Dagger Throw","Dagger Throw","Sucker Punch","Terror","Leg Sweep","Bullet Time","Riddle With Holes","Bite","Bite","Bite","Bite","Bite","Flying Knee","Dagger Spray+1","Wraith Form v2","Backflip","Quick Slash","Die Die Die","Night Terror","Dash+1","Riddle With Holes","Tactician+1","Quick Slash"],"relics":["White Beast Statue","Potion Belt","Gambling Chip","Sundial","Unceasing Top","Mercury Hourglass","Snecko Eye","Vajra","Boot","WingedGreaves","Pen Nib","Shovel","Dream Catcher","Eternal Feather","Ornamental Fan","Red Mask","Regal Pillow","War Paint","Pocketwatch","Blue Candle","MawBank","Smiling Mask","PreservedInsect"],"potions_floor_usage":[3,4,5,6,8,8,12,13,20,20,22,23,25,25,28,28,33,33,33,33,46,50,50,50,50],"damage_taken":[{"damage":6,"enemies":"Cultist","floor":1,"turns":4},{"damage":0,"enemies":"2 Louse","floor":2,"turns":3},{"damage":0,"enemies":"Small Slimes","floor":3,"turns":3},{"damage":4,"enemies":"Exordium Thugs","floor":4,"turns":4},{"damage":0,"enemies":"2 Fungi Beasts","floor":5,"turns":2},{"damage":15,"enemies":"Gremlin Nob","floor":6,"turns":4},{"damage":6,"enemies":"3 Sentries","floor":8,"turns":6},{"damage":0,"enemies":"3 Louse","floor":10,"turns":1},{"damage":4,"enemies":"Large Slime","floor":11,"turns":3},{"damage":20,"enemies":"Lagavulin","floor":12,"turns":5},{"damage":7,"enemies":"Exordium Thugs","floor":13,"turns":2},{"damage":19,"enemies":"The Guardian","floor":16,"turns":13},{"damage":2,"enemies":"3 Byrds","floor":18,"turns":2},{"damage":1,"enemies":"2 Thieves","floor":20,"turns":4},{"damage":16,"enemies":"Shelled Parasite and Fungi","floor":22,"turns":3},{"damage":25,"enemies":"Slavers","floor":23,"turns":4},{"damage":10,"enemies":"Centurion and Healer","floor":25,"turns":3},{"damage":0,"enemies":"Gremlin Leader","floor":28,"turns":4},{"damage":0,"enemies":"Book of Stabbing","floor":30,"turns":3},{"damage":18,"enemies":"Automaton","floor":33,"turns":6},{"damage":2,"enemies":"Orb Walker","floor":35,"turns":3},{"damage":4,"enemies":"Reptomancer","floor":41,"turns":3},{"damage":0,"enemies":"3 Darklings","floor":42,"turns":3},{"damage":4,"enemies":"Spire Growth","floor":45,"turns":2},{"damage":0,"enemies":"Maw","floor":46,"turns":5},{"damage":43,"enemies":"Donu and Deca","floor":50,"turns":5}],"seed_played":"3424786572331615098","potions_obtained":[{"floor":1,"key":"SpeedPotion"},{"floor":2,"key":"SneckoOil"},{"floor":3,"key":"PowerPotion"},{"floor":4,"key":"SneckoOil"},{"floor":5,"key":"Block Potion"},{"floor":6,"key":"EssenceOfSteel"},{"floor":8,"key":"Strength Potion"},{"floor":10,"key":"Weak Potion"},{"floor":11,"key":"GamblersBrew"},{"floor":12,"key":"LiquidBronze"},{"floor":13,"key":"Explosive Potion"},{"floor":16,"key":"SkillPotion"},{"floor":18,"key":"SpeedPotion"},{"floor":20,"key":"Strength Potion"},{"floor":22,"key":"GamblersBrew"},{"floor":23,"key":"Weak Potion"},{"floor":25,"key":"Fire Potion"},{"floor":28,"key":"EssenceOfSteel"},{"floor":29,"key":"AttackPotion"},{"floor":29,"key":"Strength Potion"},{"floor":29,"key":"FairyPotion"},{"floor":33,"key":"Dexterity Potion"},{"floor":35,"key":"Dexterity Potion"},{"floor":41,"key":"GhostInAJar"},{"floor":42,"key":"PowerPotion"},{"floor":45,"key":"Strength Potion"},{"floor":46,"key":"Fire Potion"}],"is_trial":false,"path_per_floor":["M","M","M","M","M","E","R","E","T","M","M","E","M","$","R","B",null,"M","?","M","?","M","E","R","M","T","$","E","?","E","$","R","B",null,"M","$","T","?","?","R","E","M","T","R","M","M","R","T","R","B",null],"character_chosen":"THE_SILENT","items_purchased":["Mercury Hourglass","Weak Potion","WingedGreaves","Energy Potion"],"campfire_rested":2,"item_purchase_floors":[14,14,27,27],"current_hp_per_floor":[64,64,64,60,60,45,45,39,39,39,35,15,8,8,29,10,55,53,49,49,49,37,20,34,30,30,30,38,38,46,46,46,32,45,47,47,47,47,47,47,45,47,47,47,43,47,47,47,47,6],"gold":136,"neow_bonus":"BOSS_RELIC","is_prod":false,"is_daily":false,"chose_seed":false,"campfire_upgraded":1,"win_rate":0,"timestamp":1547298157,"path_taken":["M","M","M","M","M","E","R","E","T","?","M","E","M","$","R","BOSS","M","?","M","?","M","E","R","M","T","$","E","?","E","$","R","BOSS","M","?","?","?","?","R","E","M","T","R","M","M","R","?","R","BOSS"],"build_version":"2019-01-10","purchased_purges":2,"victory":true,"max_hp_per_floor":[70,70,70,70,70,70,70,70,70,70,70,70,70,70,70,70,70,70,49,49,49,49,49,49,49,49,49,49,49,49,49,49,49,49,49,49,49,47,47,47,47,47,47,47,47,47,47,47,47,47],"card_choices":[{"not_picked":["Underhanded Strike","Acrobatics"],"picked":"Backflip","floor":1},{"not_picked":["Deadly Poison","Skewer"],"picked":"Predator","floor":2},{"not_picked":["Bane","Finisher"],"picked":"Masterful Stab","floor":3},{"not_picked":["Bane","Deflect"],"picked":"Slice","floor":4},{"not_picked":["Backflip","Bane"],"picked":"Corpse Explosion","floor":5},{"not_picked":["Cloak And Dagger","Setup"],"picked":"Dagger Throw","floor":6},{"not_picked":["Reflex","Night Terror"],"picked":"Dagger Throw","floor":8},{"not_picked":["Bane","Reflex"],"picked":"Dagger Throw","floor":10},{"not_picked":["Finisher","Flying Knee"],"picked":"Sucker Punch","floor":11},{"not_picked":["Deadly Poison","Catalyst"],"picked":"Terror","floor":12},{"not_picked":["Endless Agony","Bane"],"picked":"Leg Sweep","floor":13},{"not_picked":["Grand Finale","Venomology"],"picked":"Bullet Time","floor":16},{"not_picked":["Calculated Gamble","All Out Attack"],"picked":"Riddle With Holes","floor":18},{"not_picked":["Deflect","PiercingWail"],"picked":"Flying Knee","floor":20},{"not_picked":["Bouncing Flask","Acrobatics"],"picked":"Dagger Spray+1","floor":22},{"not_picked":["Reflex","Distraction"],"picked":"Wraith Form v2","floor":23},{"not_picked":["Skewer","Dagger Throw"],"picked":"Backflip","floor":25},{"not_picked":["Dodge and Roll","Dagger Spray"],"picked":"Quick Slash","floor":28},{"not_picked":["Dodge and Roll","Footwork"],"picked":"Die Die Die","floor":30},{"not_picked":["Burst","Unload"],"picked":"Night Terror","floor":33},{"not_picked":["Dagger Throw","Predator"],"picked":"Dash+1","floor":35},{"not_picked":["Deflect","Flechettes"],"picked":"Riddle With Holes","floor":41},{"not_picked":["PiercingWail","Poisoned Stab","Slice"],"picked":"SKIP","floor":42},{"not_picked":["Terror+1","Poisoned Stab"],"picked":"Tactician+1","floor":45},{"not_picked":["Terror+1","Infinite Blades"],"picked":"Quick Slash","floor":46}],"player_experience":200258,"relics_obtained":[{"floor":6,"key":"Potion Belt"},{"floor":8,"key":"Gambling Chip"},{"floor":9,"key":"Sundial"},{"floor":12,"key":"Unceasing Top"},{"floor":23,"key":"Vajra"},{"floor":26,"key":"Boot"},{"floor":28,"key":"Pen Nib"},{"floor":30,"key":"Shovel"},{"floor":32,"key":"Dream Catcher"},{"floor":37,"key":"Ornamental Fan"},{"floor":40,"key":"Regal Pillow"},{"floor":41,"key":"War Paint"},{"floor":43,"key":"Pocketwatch"},{"floor":44,"key":"Blue Candle"},{"floor":47,"key":"MawBank"},{"floor":48,"key":"Smiling Mask"},{"floor":49,"key":"PreservedInsect"}],"event_choices":[{"damage_healed":0,"gold_gain":0,"player_choice":"Became a vampire","damage_taken":0,"max_hp_gain":0,"max_hp_loss":21,"event_name":"Vampires","floor":19,"gold_loss":0,"cards_obtained":["Bite","Bite","Bite","Bite","Bite"]},{"damage_healed":0,"gold_gain":99,"player_choice":"Stole From Cult","damage_taken":0,"max_hp_gain":0,"max_hp_loss":0,"event_name":"Nest","floor":21,"gold_loss":0},{"damage_healed":0,"gold_gain":0,"player_choice":"Got Potions","damage_taken":0,"max_hp_gain":0,"max_hp_loss":0,"event_name":"Lab","floor":29,"gold_loss":0},{"damage_healed":0,"gold_gain":0,"player_choice":"Max HP","damage_taken":0,"max_hp_gain":0,"max_hp_loss":2,"event_name":"Winding Halls","floor":38,"gold_loss":0},{"damage_healed":0,"gold_gain":0,"player_choice":"Paid","damage_taken":0,"relics_obtained":["Red Mask"],"max_hp_gain":0,"max_hp_loss":0,"event_name":"Tomb of Lord Red Mask","floor":39,"gold_loss":97}],"is_beta":false,"boss_relics":[{"not_picked":["Velvet Choker","Fusion Hammer"],"picked":"Snecko Eye"},{"not_picked":["HoveringKite","WristBlade"],"picked":"Eternal Feather"}],"items_purged_floors":[14,36],"is_endless":false,"potions_floor_spawned":[1,2,3,4,5,6,8,10,11,12,13,16,18,20,22,23,25,28,30,33,35,41,42,45,46],"ascension_level":5}