{"path_per_floor":["M","?","?","M","M","R","E","M","T","R","?","E","T","E","R","B",null,"M","$","M","$","M","R","?","E","T","R","?","R","M","M","R","B",null,"M","$","M","?","T","?","?","M","T","R","M","$","R","M","R"],"character_chosen":"IRONCLAD","items_purchased":["Mind Blast","Paper Frog"],"gold_per_floor":[117,117,192,202,212,212,246,259,259,259,259,293,293,319,319,415,415,431,260,274,174,191,191,191,222,222,222,222,222,237,253,253,357,357,371,63,82,82,107,107,0,15,15,15,35,35,35,46,46,46],"floor_reached":50,"campfire_rested":0,"playtime":1597,"item_purchase_floors":[19,36],"current_hp_per_floor":[80,80,69,75,73,73,52,58,58,58,42,43,43,49,49,36,80,80,80,74,74,66,66,80,67,67,67,67,67,61,66,66,48,98,98,98,63,59,59,65,65,67,67,67,60,60,60,70,70,0],"items_purged":["Heavy Blade","Seeing Red","Doubt"],"gold":46,"score":728,"play_id":"f43d1f34-9db4-47af-8247-0d734be0a099","local_time":"20180625230407","daily_mods":["Draft"],"is_prod":false,"is_daily":false,"chose_seed":true,"is_ascension_mode":false,"campfire_upgraded":10,"win_rate":0,"timestamp":1529989447,"campfire_choices":[{"data":"Searing Blow","floor":6,"key":"SMITH"},{"data":"Searing Blow+1","floor":10,"key":"SMITH"},{"data":"Searing Blow+2","floor":15,"key":"SMITH"},{"data":"Searing Blow+3","floor":23,"key":"SMITH"},{"data":"Searing Blow+4","floor":27,"key":"SMITH"},{"data":"Searing Blow+5","floor":29,"key":"SMITH"},{"data":"Searing Blow+6","floor":32,"key":"SMITH"},{"data":"Searing Blow+7","floor":44,"key":"SMITH"},{"data":"Searing Blow+8","floor":47,"key":"SMITH"},{"data":"Searing Blow+9","floor":49,"key":"SMITH"}],"path_taken":["M","?","?","?","?","R","E","?","T","R","?","E","?","E","R","BOSS","M","$","M","$","M","R","?","E","T","R","?","R","?","?","R","BOSS","M","$","M","?","?","?","?","M","T","R","M","?","R","M","R","BOSS"],"build_version":"2018-06-21","seed_source_timestamp":84479550491227,"purchased_purges":3,"circlet_count":0,"victory":false,"master_deck":["Clash","Pommel Strike","Seeing Red","Armaments","Shrug It Off","Flex","Rage","Shockwave","Searing Blow+10","Seeing Red+1","Headbutt+1","Inflame","Fiend Fire","Double Tap","Armaments","Armaments","Writhe","Clumsy","Inflame+1","Pain"],"max_hp_per_floor":[80,80,80,80,80,80,80,80,80,80,80,80,80,80,80,80,80,80,80,80,80,80,80,80,80,80,80,80,80,80,80,80,80,98,98,98,98,98,98,104,104,104,104,104,104,104,104,104,104,104],"special_seed":20635678,"relics":["Burning Blood","Blue Candle","Darkstone Periapt","Regal Pillow","Charon\u0027s Ashes","Boot","Black Star","Toolbox","Smiling Mask","Meat on the Bone","Calling Bell","Dream Catcher","Matryoshka","Sundial","Paper Frog","Bird Faced Urn","Blood Vial","Art of War","Red Mask","Oddly Smooth Stone","Bottled Lightning"],"card_choices":[{"not_picked":["Heavy Blade","Anger"],"picked":"Clash","floor":0},{"not_picked":["Hemokinesis","Sever Soul"],"picked":"Heavy Blade","floor":0},{"not_picked":["Armaments","Heavy Blade"],"picked":"Pommel Strike","floor":0},{"not_picked":["Iron Wave","Feel No Pain"],"picked":"Seeing Red","floor":0},{"not_picked":["Metallicize","Iron Wave"],"picked":"Armaments","floor":0},{"not_picked":["Warcry","Twin Strike"],"picked":"Shrug It Off","floor":0},{"not_picked":["Clothesline","Bloodletting"],"picked":"Flex","floor":0},{"not_picked":["Twin Strike","Second Wind"],"picked":"Rage","floor":0},{"not_picked":["Twin Strike","Havoc"],"picked":"Shockwave","floor":0},{"not_picked":["Blood for Blood","Rage"],"picked":"Clash","floor":0},{"not_picked":["Sword Boomerang","Clothesline"],"picked":"Searing Blow","floor":0},{"not_picked":["Headbutt","Bloodletting"],"picked":"Seeing Red","floor":0},{"not_picked":["Shrug It Off","Body Slam"],"picked":"Seeing Red","floor":0},{"not_picked":["Cleave","Heavy Blade"],"picked":"Headbutt","floor":0},{"not_picked":["Corruption","Rupture"],"picked":"Inflame","floor":0},{"not_picked":["Bloodletting","Wild Strike","Hemokinesis"],"picked":"SKIP","floor":1},{"not_picked":["Pommel Strike","Wild Strike","Flex"],"picked":"SKIP","floor":4},{"not_picked":["Power Through","Sword Boomerang","Disarm"],"picked":"SKIP","floor":5},{"not_picked":["Warcry","Flame Barrier"],"picked":"Fiend Fire","floor":7},{"not_picked":["Uppercut","Flex","Headbutt"],"picked":"SKIP","floor":8},{"not_picked":["Whirlwind","Flame Barrier","Bloodletting"],"picked":"SKIP","floor":12},{"not_picked":["Flame Barrier","Infernal Blade","Armaments"],"picked":"SKIP","floor":14},{"not_picked":["Exhume","Bludgeon"],"picked":"Double Tap","floor":16},{"not_picked":["Headbutt+1","Iron Wave","Heavy Blade"],"picked":"SKIP","floor":18},{"not_picked":["Heavy Blade","Reckless Charge","Rampage+1"],"picked":"SKIP","floor":20},{"not_picked":["Wild Strike","Entrench","Fire Breathing+1"],"picked":"SKIP","floor":22},{"not_picked":["Blood for Blood","Wild Strike"],"picked":"Armaments","floor":25},{"not_picked":["Sword Boomerang","True Grit","Pommel Strike"],"picked":"SKIP","floor":30},{"not_picked":["Barricade","Reckless Charge","Corruption+1"],"picked":"SKIP","floor":31},{"not_picked":["Barricade","Reckless Charge","Corruption+1"],"picked":"SKIP","floor":31},{"not_picked":["Clothesline+1","Sword Boomerang","Twin Strike+1"],"picked":"SKIP","floor":35},{"not_picked":["Clothesline+1","Headbutt","Flex"],"picked":"SKIP","floor":37},{"not_picked":["Evolve","Burning Pact+1"],"picked":"Inflame+1","floor":38},{"not_picked":["True Grit","Sword Boomerang","Havoc"],"picked":"SKIP","floor":42},{"not_picked":["Body Slam","Iron Wave+1","Twin Strike+1"],"picked":"SKIP","floor":45},{"not_picked":["Wild Strike+1","Thunderclap+1","Twin Strike+1"],"picked":"SKIP","floor":48}],"player_experience":394794,"potions_floor_usage":[12,16,33,33,33,45,45],"damage_taken":[{"damage":0,"enemies":"Cultist","floor":1,"turns":2},{"damage":0,"enemies":"2 Louse","floor":4,"turns":2},{"damage":8,"enemies":"Jaw Worm","floor":5,"turns":2},{"damage":27,"enemies":"Gremlin Nob","floor":7,"turns":4},{"damage":0,"enemies":"Large Slime","floor":8,"turns":3},{"damage":5,"enemies":"3 Sentries","floor":12,"turns":3},{"damage":0,"enemies":"Gremlin Nob","floor":14,"turns":2},{"damage":19,"enemies":"Hexaghost","floor":16,"turns":6},{"damage":0,"enemies":"Chosen","floor":18,"turns":2},{"damage":12,"enemies":"Shell Parasite","floor":20,"turns":3},{"damage":14,"enemies":"Centurion and Healer","floor":22,"turns":4},{"damage":19,"enemies":"Slavers","floor":25,"turns":4},{"damage":12,"enemies":"Snake Plant","floor":30,"turns":3},{"damage":1,"enemies":"3 Cultists","floor":31,"turns":3},{"damage":39,"enemies":"Automaton","floor":33,"turns":6},{"damage":0,"enemies":"Orb Walker","floor":35,"turns":1},{"damage":53,"enemies":"Flame Bruiser 1 Orb","floor":37,"turns":3},{"damage":22,"floor":38,"turns":6},{"damage":22,"enemies":"Maw","floor":42,"turns":6},{"damage":17,"enemies":"3 Darklings","floor":45,"turns":6},{"damage":0,"enemies":"Flame Bruiser 2 Orb","floor":48,"turns":2},{"damage":79,"enemies":"Awakened One","floor":50,"turns":4}],"relics_obtained":[{"floor":7,"key":"Blue Candle"},{"floor":9,"key":"Darkstone Periapt"},{"floor":12,"key":"Regal Pillow"},{"floor":13,"key":"Charon\u0027s Ashes"},{"floor":14,"key":"Boot"},{"floor":25,"key":"Toolbox"},{"floor":25,"key":"Smiling Mask"},{"floor":26,"key":"Meat on the Bone"},{"floor":34,"key":"Dream Catcher"},{"floor":34,"key":"Matryoshka"},{"floor":34,"key":"Sundial"},{"floor":38,"key":"Bird Faced Urn"},{"floor":39,"key":"Blood Vial"},{"floor":39,"key":"Art of War"},{"floor":43,"key":"Oddly Smooth Stone"},{"floor":43,"key":"Bottled Lightning"}],"event_choices":[{"event_name":"Match and Keep!","player_choice":"0 cards matched","floor":2,"damage_taken":0},{"event_name":"World of Goop","player_choice":"Gather Gold","floor":3,"damage_taken":0},{"event_name":"Shining Light","player_choice":"Entered Light","floor":11,"damage_taken":0},{"event_name":"Bonfire Elementals","player_choice":"UNCOMMON","floor":24,"damage_taken":0},{"event_name":"Transmorgrifier","player_choice":"Transform","floor":28,"damage_taken":0},{"event_name":"MindBloom","player_choice":"Fight","floor":38,"damage_taken":0},{"event_name":"Match and Keep!","player_choice":"1 cards matched","floor":40,"damage_taken":0},{"event_name":"Tomb of Lord Red Mask","player_choice":"Paid","floor":41,"damage_taken":0}],"boss_relics":[{"not_picked":["Astrolabe","Runic Dome"],"picked":"Black Star"},{"not_picked":["Runic Pyramid","Snecko Eye"],"picked":"Calling Bell"}],"items_purged_floors":[19,21,36],"is_endless":true,"potions_floor_spawned":[7,8,14,16,30,31,33,37,48],"seed_played":"-1137545765386624088","killed_by":"Awakened One","ascension_level":0,"potions_obtained":[{"floor":7,"key":"Explosive Potion"},{"floor":8,"key":"Poison Potion"},{"floor":14,"key":"SpeedPotion"},{"floor":16,"key":"Regen Potion"},{"floor":30,"key":"SkillPotion"},{"floor":31,"key":"Strength Potion"},{"floor":33,"key":"Poison Potion"},{"floor":37,"key":"Fire Potion"},{"floor":48,"key":"Ancient Potion"}],"is_trial":true}