{"path_per_floor":["M","M","M","M","?","R","M","M","T","M","R","M","M","?","R","B",null,"M","M","M","M","?","R","?","R","T","M","M","M","$","M","R","B",null,"M","M","M","M","M","R","M","R","T","$","M","M","$","M","R","B"],"character_chosen":"IRONCLAD","items_purchased":["Shrug It Off","Dodecahedron","Blood Vial"],"gold_per_floor":[114,129,144,159,109,109,124,139,139,154,154,169,184,184,184,284,284,299,314,329,344,344,344,344,344,344,359,374,389,289,304,304,404,404,419,434,449,464,479,479,494,494,494,214,229,244,24,39,39,39],"floor_reached":51,"campfire_rested":0,"playtime":4906,"current_hp_per_floor":[80,80,80,78,78,78,78,69,75,74,74,73,83,83,83,88,92,80,78,86,58,58,58,58,58,58,56,54,52,52,62,62,66,108,105,103,108,108,108,108,108,108,114,114,114,113,113,112,112,112],"items_purged":["Strike_R","Strike_R","Defend_R"],"gold":39,"score":832,"play_id":"3b5f931a-39f4-44b7-866f-90156d023790","local_time":"20180314215047","daily_mods":["Diverse","Cursed Run","Vintage"],"is_prod":false,"is_daily":true,"is_ascension_mode":false,"campfire_upgraded":5,"timestamp":1521060647,"path_taken":["M","M","M","M","?","R","M","M","T","M","R","M","M","?","R","BOSS","M","M","M","M","?","R","?","R","T","M","M","M","$","M","R","BOSS","M","M","M","M","M","R","M","R","T","$","M","M","$","M","R","BOSS"],"build_version":"2018-03-09","purchased_purges":4,"victory":true,"master_deck":["Strike_R+1","Strike_R+1","Defend_R+1","Defend_R+1","Bash+1","Poisoned Stab","Blur+1","Regret","Pain","Barricade+1","Body Slam+1","Evolve+1","Shrug It Off+1","Writhe","Reaper","Entrench+1","Rage+1","Iron Wave+1","Anger","Shockwave+1","Clumsy","Body Slam+1","Clumsy"],"max_hp_per_floor":[80,80,80,80,80,80,80,80,86,86,86,86,86,86,86,92,92,92,92,102,102,102,102,102,102,102,102,102,102,102,102,102,108,108,108,108,108,108,108,108,108,108,114,114,114,114,114,114,114,120],"relics":["Cursed Key","Darkstone Periapt","Du-Vu Doll","Toxic Egg 2","Oddly Smooth Stone","Champion Belt","Shovel","Blue Candle","Anchor","Prayer Wheel","Toolbox","Kunai","Mercury Hourglass","Girya","Pen Nib","Sozu","Omamori","Meat on the Bone","Pear","War Paint","Charon\u0027s Ashes","Bottled Tornado","Thread and Needle","Vajra","Matryoshka","Sundial","Shuriken","Orrery","Whetstone","Ice Cream","Mummified Hand","The Courier","Gambling Chip","Bottled Flame","Juzu Bracelet","Dead Branch","Dodecahedron","Frozen Egg 2","Singing Bowl","Blood Vial","Pantograph"],"card_choices":[{"not_picked":["Limit Break","Brutality"],"picked":"Barricade"},{"not_picked":["Searing Blow","Pommel Strike"],"picked":"Evolve"},{"not_picked":["Juggernaut","Demon Form"],"picked":"Reaper"},{"not_picked":["Thunderclap","Cleave"],"picked":"Entrench"},{"not_picked":["Shockwave","Heavy Blade"],"picked":"Rage"},{"not_picked":["Flex","Body Slam"],"picked":"Iron Wave"},{"not_picked":["Evolve","Uppercut"],"picked":"Anger"},{"not_picked":["Perfected Strike","Bloodletting"],"picked":"Shockwave"},{"not_picked":["Anger","Flex"],"picked":"Body Slam"}],"player_experience":156656,"potions_floor_usage":[13,50,50],"damage_taken":[{"damage":0,"enemies":"2 Louse","floor":1,"turns":2},{"damage":0,"enemies":"Small Slimes","floor":2,"turns":3},{"damage":0,"enemies":"Jaw Worm","floor":3,"turns":3},{"damage":2,"enemies":"Looter","floor":4,"turns":3},{"damage":0,"enemies":"Large Slime","floor":7,"turns":7},{"damage":9,"enemies":"Blue Slaver","floor":8,"turns":3},{"damage":1,"enemies":"Exordium Wildlife","floor":10,"turns":5},{"damage":1,"enemies":"2 Fungi Beasts","floor":12,"turns":3},{"damage":2,"enemies":"Exordium Thugs","floor":13,"turns":5},{"damage":1,"enemies":"Slime Boss","floor":16,"turns":9},{"damage":12,"enemies":"3 Byrds","floor":18,"turns":4},{"damage":2,"enemies":"Spheric Guardian","floor":19,"turns":4},{"damage":2,"enemies":"Centurion and Healer","floor":20,"turns":4},{"damage":28,"enemies":"Sentry and Sphere","floor":21,"turns":5},{"damage":2,"enemies":"Snecko","floor":27,"turns":3},{"damage":2,"enemies":"Snake Plant","floor":28,"turns":2},{"damage":2,"enemies":"Slaver and Parasite","floor":29,"turns":4},{"damage":2,"enemies":"Cultist and Chosen","floor":31,"turns":3},{"damage":2,"enemies":"Automaton","floor":33,"turns":6},{"damage":3,"enemies":"Orb Walker","floor":35,"turns":2},{"damage":2,"enemies":"3 Shapes","floor":36,"turns":2},{"damage":4,"enemies":"3 Darklings","floor":37,"turns":5},{"damage":3,"enemies":"Maw","floor":38,"turns":5},{"damage":3,"enemies":"4 Shapes","floor":39,"turns":4},{"damage":1,"enemies":"3 Darklings","floor":41,"turns":4},{"damage":0,"enemies":"Sphere and 2 Shapes","floor":45,"turns":2},{"damage":1,"enemies":"4 Shapes","floor":46,"turns":3},{"damage":2,"enemies":"Maw","floor":48,"turns":3},{"damage":11,"enemies":"Awakened One","floor":50,"turns":7}],"event_choices":[{"event_name":"The Cleric","player_choice":"Card Removal","floor":5,"damage_taken":0},{"event_name":"Living Wall","player_choice":"Forget","floor":14,"damage_taken":0},{"event_name":"The Library","player_choice":"Read","floor":22,"damage_taken":0},{"event_name":"The Mausoleum","player_choice":"Yes","floor":24,"damage_taken":0}],"boss_relics":[{"not_picked":["Runic Dome","Astrolabe"],"picked":"Sozu"},{"not_picked":["Tiny House","Black Star"],"picked":"Orrery"}],"potions_floor_spawned":[1,4,7,12,19,27,29,33,37,41,45,48],"seed_played":"2308081983426786839","ascension_level":0,"is_trial":false}