{"gold_per_floor":[111,111,33,33,51,94,94,115,140,160,160,191,207,238,238,363,363,378,378,293,307,63,63,101,101,101,145,165,90,130,130,130,130],"floor_reached":33,"playtime":1228,"items_purged":["Strike_G"],"score":489,"play_id":"528bb4f6-f8ef-4814-bb07-1b11f459b224","local_time":"20190112010403","is_ascension_mode":true,"campfire_choices":[{"data":"Noxious Fumes","floor":7,"key":"SMITH"},{"data":"Deadly Poison","floor":11,"key":"SMITH"},{"floor":15,"key":"REST"},{"floor":23,"key":"REST"},{"floor":25,"key":"REST"},{"floor":32,"key":"REST"}],"neow_cost":"NONE","seed_source_timestamp":1496104286914157,"circlet_count":0,"master_deck":["Defend_G","Defend_G","Defend_G","Defend_G","Defend_G","Survivor","Neutralize","Deadly Poison+1","Noxious Fumes+1","Bane+1","Flying Knee+1","Backflip","Poisoned Stab","Bane","Die Die Die","Bane+1","Catalyst","Flying Knee+1","Deflect+1","Bite","Bite","Bite","Bite","Bite"],"relics":["Ring of the Snake","NeowsBlessing","Torii","Golden Idol","Happy Flower","Whetstone","Juzu Bracelet","Smiling Mask","Black Star","Pear","Vajra","Membership Card","Blue Candle","Ornamental Fan","Mango","Strawberry","Snake Skull","Anchor","Tingsha"],"potions_floor_usage":[18,21,33],"damage_taken":[{"damage":0,"enemies":"Cultist","floor":1,"turns":1},{"damage":0,"enemies":"Jaw Worm","floor":5,"turns":1},{"damage":0,"enemies":"Lagavulin","floor":6,"turns":1},{"damage":0,"enemies":"2 Louse","floor":8,"turns":2},{"damage":9,"enemies":"Large Slime","floor":10,"turns":3},{"damage":12,"enemies":"Gremlin Nob","floor":12,"turns":4},{"damage":0,"enemies":"Blue Slaver","floor":13,"turns":2},{"damage":22,"enemies":"Lagavulin","floor":14,"turns":4},{"damage":16,"enemies":"Hexaghost","floor":16,"turns":9},{"damage":22,"enemies":"2 Thieves","floor":18,"turns":3},{"damage":2,"enemies":"3 Byrds","floor":21,"turns":3},{"damage":43,"enemies":"Slavers","floor":24,"turns":8},{"damage":36,"enemies":"Book of Stabbing","floor":27,"turns":4},{"damage":33,"enemies":"Sentry and Sphere","floor":28,"turns":6},{"damage":0,"enemies":"Gremlin Leader","floor":30,"turns":7},{"damage":52,"enemies":"Champ","floor":33,"turns":8}],"seed_played":"-1900030861680829874","potions_obtained":[{"floor":1,"key":"GhostInAJar"},{"floor":8,"key":"Block Potion"},{"floor":13,"key":"FairyPotion"},{"floor":18,"key":"Explosive Potion"},{"floor":27,"key":"Ancient Potion"}],"is_trial":false,"path_per_floor":["M","T","$","?","M","E","R","M","T","M","R","E","M","E","R","B",null,"M","?","?","M","$","R","E","R","T","E","M","?","E","?","R","B"],"character_chosen":"THE_SILENT","items_purchased":["Noxious Fumes","Membership Card"],"campfire_rested":4,"item_purchase_floors":[3,22],"current_hp_per_floor":[70,70,70,65,65,65,65,65,65,56,56,44,44,22,41,25,55,33,43,43,41,41,63,20,42,56,27,9,9,9,9,29,0],"gold":130,"neow_bonus":"THREE_ENEMY_KILL","is_prod":false,"is_daily":false,"chose_seed":false,"campfire_upgraded":2,"win_rate":0,"timestamp":1547255043,"path_taken":["M","?","$","?","M","E","R","M","T","M","R","E","M","E","R","BOSS","M","?","?","M","$","R","E","R","T","E","M","?","E","?","R","BOSS"],"build_version":"2019-01-10","purchased_purges":1,"victory":false,"max_hp_per_floor":[70,70,70,65,65,65,65,65,65,65,65,65,65,65,65,65,65,65,75,75,75,75,75,75,75,89,96,96,96,96,67,67,67],"card_choices":[{"not_picked":["All Out Attack","Prepared"],"picked":"Deadly Poison","floor":1},{"not_picked":["Underhanded Strike","Concentrate","Wraith Form v2"],"picked":"SKIP","floor":5},{"not_picked":["Choke","Backflip"],"picked":"Bane","floor":6},{"not_picked":["Dodge and Roll","Deflect"],"picked":"Flying Knee","floor":8},{"not_picked":["Sucker Punch","Skewer"],"picked":"Backflip","floor":10},{"not_picked":["Reflex","PiercingWail"],"picked":"Poisoned Stab","floor":12},{"not_picked":["Slice","Dodge and Roll"],"picked":"Bane","floor":13},{"not_picked":["Caltrops","Blade Dance","Choke"],"picked":"SKIP","floor":14},{"not_picked":["Grand Finale","Wraith Form v2"],"picked":"Die Die Die","floor":16},{"not_picked":["Dagger Spray","Deflect+1"],"picked":"Bane+1","floor":18},{"not_picked":["Slice","All Out Attack"],"picked":"Catalyst","floor":21},{"not_picked":["Accuracy+1","Setup"],"picked":"Flying Knee+1","floor":24},{"not_picked":["Dodge and Roll","Prepared"],"picked":"Deflect+1","floor":27},{"not_picked":["Underhanded Strike","Flying Knee","Venomology"],"picked":"SKIP","floor":28},{"not_picked":["Concentrate","Endless Agony","Predator"],"picked":"SKIP","floor":30}],"player_experience":192455,"relics_obtained":[{"floor":2,"key":"Torii"},{"floor":6,"key":"Happy Flower"},{"floor":9,"key":"Whetstone"},{"floor":12,"key":"Juzu Bracelet"},{"floor":14,"key":"Smiling Mask"},{"floor":19,"key":"Pear"},{"floor":24,"key":"Blue Candle"},{"floor":24,"key":"Ornamental Fan"},{"floor":26,"key":"Mango"},{"floor":27,"key":"Strawberry"},{"floor":27,"key":"Snake Skull"},{"floor":30,"key":"Anchor"},{"floor":30,"key":"Tingsha"}],"event_choices":[{"damage_healed":0,"gold_gain":0,"player_choice":"Lose Max HP","damage_taken":0,"relics_obtained":["Golden Idol"],"max_hp_gain":0,"max_hp_loss":5,"event_name":"Golden Idol","floor":4,"gold_loss":0},{"damage_healed":0,"gold_gain":0,"player_choice":"Relic","damage_taken":0,"max_hp_gain":0,"max_hp_loss":0,"event_name":"Wheel of Change","floor":19,"gold_loss":0},{"damage_healed":0,"gold_gain":0,"player_choice":"Obtained Relic","damage_taken":0,"relics_obtained":["Vajra"],"max_hp_gain":0,"max_hp_loss":0,"event_name":"Addict","floor":20,"gold_loss":85},{"cards_removed":["Strike_G"],"damage_healed":0,"gold_gain":0,"player_choice":"Gave Gold","damage_taken":0,"max_hp_gain":0,"max_hp_loss":0,"event_name":"Beggar","floor":29,"gold_loss":75},{"damage_healed":0,"gold_gain":0,"player_choice":"Became a vampire","damage_taken":0,"max_hp_gain":0,"max_hp_loss":29,"event_name":"Vampires","floor":31,"gold_loss":0,"cards_obtained":["Bite","Bite","Bite","Bite","Bite"]}],"is_beta":false,"boss_relics":[{"not_picked":["Cursed Key","Ring of the Serpent"],"picked":"Black Star"}],"items_purged_floors":[22],"is_endless":false,"potions_floor_spawned":[1,8,13,18,27],"killed_by":"Champ","ascension_level":5}