{"gold_per_floor":[117,129,54,54,66,98,98,173,198,198,208,308,308,324,324,426,426,442,442,320,332,172,172,184,184,260,23,23,23,40,40,40,139,139,150,160,213,225,225,225,244,262,262,273,284,148,148,25,25,25],"floor_reached":51,"playtime":6606,"items_purged":["Strike_R","Strike_R","Strike_R"],"score":771,"play_id":"75de1839-08a5-4e85-979d-74592cfa16dd","local_time":"20180628015131","is_ascension_mode":true,"campfire_choices":[{"data":"Armaments","floor":7.0,"key":"SMITH"},{"data":"Reaper","floor":10.0,"key":"SMITH"},{"data":"Uppercut","floor":13.0,"key":"SMITH"},{"floor":15.0,"key":"REST"},{"data":"Inflame","floor":23.0,"key":"SMITH"},{"data":"Double Tap","floor":28.0,"key":"SMITH"},{"data":"Shrug It Off","floor":32.0,"key":"SMITH"},{"data":"Barricade","floor":40.0,"key":"SMITH"},{"floor":49.0,"key":"REST"}],"neow_cost":"","seed_source_timestamp":0,"circlet_count":0,"master_deck":["Defend_R","Defend_R","Defend_R","Defend_R","Bash","Armaments+1","Uppercut+1","Battle Trance","Reaper+1","Headbutt","Battle Trance","Double Tap+1","Shockwave+1","Shrug It Off+1","Inflame+1","Barricade+1","Carnage","Disarm+1","Body Slam","Shrug It Off","Entrench"],"special_seed":0,"relics":["Burning Blood","NeowsBlessing","Singing Bowl","Art of War","Velvet Choker","Torii","Bottled Flame","The Courier","Thread and Needle","Self Forming Clay","Runic Cube","Ginger","Strawberry","Happy Flower"],"potions_floor_usage":[50,50],"damage_taken":[{"damage":0.0,"enemies":"Jaw Worm","floor":1.0,"turns":1.0},{"damage":0.0,"enemies":"Cultist","floor":2.0,"turns":1.0},{"damage":0.0,"enemies":"2 Louse","floor":5.0,"turns":1.0},{"damage":29.0,"enemies":"Lagavulin","floor":6.0,"turns":9.0},{"damage":13.0,"enemies":"Blue Slaver","floor":11.0,"turns":5.0},{"damage":16.0,"enemies":"2 Fungi Beasts","floor":14.0,"turns":3.0},{"damage":15.0,"enemies":"The Guardian","floor":16.0,"turns":16.0},{"damage":1.0,"enemies":"Spheric Guardian","floor":18.0,"turns":3.0},{"damage":7.0,"enemies":"2 Thieves","floor":21.0,"turns":3.0},{"damage":11.0,"enemies":"Centurion and Healer","floor":24.0,"turns":6.0},{"damage":1.0,"enemies":"Chosen and Byrds","floor":30.0,"turns":8.0},{"damage":46.0,"enemies":"Collector","floor":33.0,"turns":10.0},{"damage":0.0,"enemies":"Orb Walker","floor":35.0,"turns":5.0},{"damage":7.0,"enemies":"3 Darklings","floor":36.0,"turns":7.0},{"damage":44.0,"floor":37.0,"turns":11.0},{"damage":1.0,"enemies":"4 Shapes","floor":38.0,"turns":10.0},{"damage":54.0,"enemies":"Sphere and 2 Shapes","floor":41.0,"turns":5.0},{"damage":0.0,"enemies":"Maw","floor":42.0,"turns":9.0},{"damage":1.0,"enemies":"4 Shapes","floor":44.0,"turns":10.0},{"damage":25.0,"enemies":"3 Darklings","floor":45.0,"turns":5.0},{"damage":94,"enemies":"Awakened One","floor":50,"turns":23}],"seed_played":"300875454847467190","potions_obtained":[{"floor":6.0,"key":"Swift Potion"},{"floor":11.0,"key":"SteroidPotion"},{"floor":18.0,"key":"LiquidBronze"},{"floor":24.0,"key":"FearPotion"},{"floor":30.0,"key":"PowerPotion"},{"floor":35.0,"key":"FairyPotion"},{"floor":36.0,"key":"BloodPotion"}],"is_trial":false,"path_per_floor":["M","M","$","?","M","E","R","?","T","R","M","?","R","M","R","B",null,"M","?","$","M","$","R","M","T","T","$","R","T","M","?","R","B",null,"M","M","?","M","?","R","M","M","T","M","M","$","?","$","R","B"],"character_chosen":"IRONCLAD","items_purchased":["Shrug It Off","Inflame","Thread and Needle","Body Slam","Shrug It Off","Entrench","Happy Flower"],"campfire_rested":2,"item_purchase_floors":[],"current_hp_per_floor":[80,80,80,80,80,57,57,46,46,46,44,44,44,44,68,66,80,80,80,80,81,81,81,84,84,84,84,84,84,86,86,86,70,86,88,90,72,86,86,86,55,85,92,103,86,86,86,86,105,34],"gold":25,"neow_bonus":"","is_prod":false,"is_daily":false,"chose_seed":false,"campfire_upgraded":7,"win_rate":0,"timestamp":1530161491,"path_taken":["M","M","$","?","?","E","R","?","T","R","M","?","R","M","R","BOSS","M","?","?","M","$","R","M","?","T","$","R","?","?","?","R","BOSS","M","M","?","M","?","R","M","M","T","M","M","?","?","$","R","BOSS"],"build_version":"2018-06-21v2","purchased_purges":3,"victory":true,"max_hp_per_floor":[80,80,80,80,80,80,80,80,80,80,80,80,80,80,80,80,80,80,80,80,82,82,82,84,84,84,84,84,84,86,86,86,86,86,88,90,90,92,92,92,94,94,101,103,105,105,105,105,105,105],"card_choices":[{"not_picked":["Sword Boomerang","Reckless Charge"],"picked":"Armaments","floor":1.0},{"not_picked":["Body Slam","Wild Strike"],"picked":"Uppercut","floor":2.0},{"not_picked":["Flex","Sword Boomerang"],"picked":"Battle Trance","floor":5.0},{"not_picked":["Clothesline","Thunderclap"],"picked":"Reaper","floor":6.0},{"not_picked":["Sword Boomerang","Thunderclap"],"picked":"Headbutt","floor":11.0},{"not_picked":["Armaments","Second Wind"],"picked":"Battle Trance","floor":14.0},{"not_picked":["Bludgeon","Juggernaut"],"picked":"Double Tap","floor":16.0},{"not_picked":["Armaments","Headbutt"],"picked":"Shockwave+1","floor":18.0},{"not_picked":["Heavy Blade","Second Wind","Havoc"],"picked":"Singing Bowl","floor":21.0},{"not_picked":["Inflame+1","Sword Boomerang+1","Headbutt"],"picked":"Singing Bowl","floor":24.0},{"not_picked":["Anger","Cleave","Evolve+1"],"picked":"Singing Bowl","floor":30.0},{"not_picked":["Fiend Fire","Juggernaut"],"picked":"Barricade","floor":33.0},{"not_picked":["Sword Boomerang","Inflame+1","True Grit+1"],"picked":"Singing Bowl","floor":35.0},{"not_picked":["Cleave","Clash","Intimidate"],"picked":"Singing Bowl","floor":36.0},{"not_picked":["Spot Weakness+1","Warcry+1"],"picked":"Carnage","floor":37.0},{"not_picked":["Reckless Charge+1","Headbutt+1","Shrug It Off"],"picked":"Singing Bowl","floor":38.0},{"not_picked":["Wild Strike+1","Pommel Strike+1","Power Through"],"picked":"Singing Bowl","floor":41.0},{"not_picked":["Wild Strike","Flex+1"],"picked":"Disarm+1","floor":42.0},{"not_picked":["Searing Blow+1","Thunderclap","Hemokinesis+1"],"picked":"Singing Bowl","floor":44.0},{"not_picked":["Sword Boomerang","Double Tap","Cleave"],"picked":"Singing Bowl","floor":45.0}],"player_experience":271001,"relics_obtained":[{"floor":6.0,"key":"Singing Bowl"},{"floor":9.0,"key":"Art of War"},{"floor":25.0,"key":"Bottled Flame"},{"floor":26.0,"key":"The Courier"},{"floor":29.0,"key":"Self Forming Clay"},{"floor":37.0,"key":"Ginger"},{"floor":43.0,"key":"Strawberry"}],"event_choices":[{"event_name":"Wheel of Change","player_choice":"Full Heal","floor":4.0,"damage_taken":0.0},{"event_name":"World of Goop","player_choice":"Gather Gold","floor":8.0,"damage_taken":0.0},{"event_name":"Golden Shrine","player_choice":"Pray","floor":12.0,"damage_taken":0.0},{"event_name":"The Mausoleum","player_choice":"Yes","floor":19.0,"damage_taken":0.0},{"event_name":"Back to Basics","player_choice":"Elegance","floor":31.0,"damage_taken":0.0},{"event_name":"Mysterious Sphere","player_choice":"Fight","floor":37.0,"damage_taken":0.0},{"event_name":"Bonfire Elementals","player_choice":"BASIC","floor":39.0,"damage_taken":0.0},{"event_name":"Tomb of Lord Red Mask","player_choice":"Ignored","floor":47.0,"damage_taken":0.0}],"boss_relics":[{"not_picked":["Eternal Feather","Sozu"],"picked":"Velvet Choker"},{"not_picked":["Mark of Pain","Astrolabe"],"picked":"Runic Cube"}],"items_purged_floors":[],"is_endless":false,"potions_floor_spawned":[6,11,18,24,30,35,36,44,45],"ascension_level":4}