{"gold_per_floor":[112,112,112,128,146,146,173,173,173,98,98,111,143,76,76,173,173,183,193,118,129,29,29,62,62,135,135],"floor_reached":27,"playtime":2471,"items_purged":["Strike_R","Strike_R"],"score":275,"play_id":"abe9d77f-8f25-48ff-8f16-f19d4a28058c","local_time":"20181219112237","is_ascension_mode":true,"campfire_choices":[{"data":"Bash","floor":6,"key":"SMITH"},{"data":"Anger","floor":8,"key":"SMITH"},{"data":"Shrug It Off","floor":11,"key":"SMITH"},{"data":"Inflame","floor":15,"key":"SMITH"},{"data":"Bludgeon","floor":23,"key":"SMITH"},{"data":"Shrug It Off","floor":25,"key":"SMITH"}],"neow_cost":"NONE","seed_source_timestamp":37010725380191,"circlet_count":0,"master_deck":["Strike_R","Strike_R","Defend_R","Defend_R","Defend_R","Bash+1","Shrug It Off+1","Shrug It Off+1","Twin Strike","Anger+1","Pommel Strike","Battle Trance","Inflame+1","Feed","Sword Boomerang","Twin Strike","Carnage","Bludgeon+1","Iron Wave+1","Inflame","Iron Wave+1"],"relics":["Burning Blood","Mercury Hourglass","Regal Pillow","Ornamental Fan","Pear","Orrery","Boot","Molten Egg 2"],"potions_floor_usage":[21,24,27],"damage_taken":[{"damage":0,"enemies":"Small Slimes","floor":1,"turns":4},{"damage":2,"enemies":"Jaw Worm","floor":4,"turns":3},{"damage":0,"enemies":"2 Louse","floor":5,"turns":3},{"damage":18,"enemies":"3 Sentries","floor":7,"turns":8},{"damage":13,"enemies":"Large Slime","floor":12,"turns":4},{"damage":14,"enemies":"Lagavulin","floor":13,"turns":7},{"damage":1,"enemies":"Slime Boss","floor":16,"turns":5},{"damage":31,"enemies":"2 Thieves","floor":18,"turns":4},{"damage":0,"enemies":"Spheric Guardian","floor":19,"turns":3},{"damage":37,"enemies":"Snake Plant","floor":21,"turns":4},{"damage":34,"enemies":"Book of Stabbing","floor":24,"turns":5},{"damage":19,"enemies":"Shelled Parasite and Fungi","floor":27,"turns":3}],"seed_played":"3676102578033580773","potions_obtained":[{"floor":13,"key":"SkillPotion"},{"floor":16,"key":"Block Potion"},{"floor":19,"key":"Regen Potion"}],"is_trial":false,"path_per_floor":["M","?","?","M","M","R","E","R","T","$","R","M","E","$","R","B",null,"M","M","?","M","$","R","E","R","T","M"],"character_chosen":"IRONCLAD","items_purchased":["Inflame"],"campfire_rested":0,"item_purchase_floors":[14],"current_hp_per_floor":[80,77,70,74,80,80,68,68,68,68,68,61,63,63,63,68,90,65,71,71,40,40,40,12,12,12,0],"gold":135,"neow_bonus":"THREE_CARDS","is_prod":false,"is_daily":false,"chose_seed":false,"campfire_upgraded":6,"win_rate":0,"timestamp":1545240157,"path_taken":["M","?","?","M","M","R","E","R","T","$","R","M","E","?","R","BOSS","M","M","?","M","$","R","E","R","T","M"],"build_version":"2018-12-13","purchased_purges":2,"victory":false,"max_hp_per_floor":[80,80,80,80,80,80,80,80,80,80,80,80,90,90,90,90,90,90,90,90,90,90,90,90,90,90,90],"card_choices":[{"not_picked":["Warcry","Sword Boomerang"],"picked":"Shrug It Off","floor":0},{"not_picked":["Perfected Strike","Flex"],"picked":"Shrug It Off","floor":1},{"not_picked":["Shrug It Off","Havoc","Clash"],"picked":"SKIP","floor":4},{"not_picked":["Shrug It Off","Dropkick"],"picked":"Twin Strike","floor":5},{"not_picked":["Uppercut","Offering"],"picked":"Anger","floor":7},{"not_picked":["Clash","Sword Boomerang"],"picked":"Pommel Strike","floor":12},{"not_picked":["Headbutt","Double Tap"],"picked":"Battle Trance","floor":13},{"not_picked":["Exhume","Dark Embrace"],"picked":"Feed","floor":16},{"not_picked":["Evolve","Perfected Strike"],"picked":"Sword Boomerang","floor":17},{"not_picked":["Havoc","Feel No Pain"],"picked":"Twin Strike","floor":17},{"not_picked":["Fire Breathing","Second Wind"],"picked":"Carnage","floor":17},{"not_picked":["Intimidate","Twin Strike"],"picked":"Bludgeon","floor":18},{"not_picked":["Clothesline+1","Wild Strike"],"picked":"Iron Wave+1","floor":19},{"not_picked":["Uppercut","Whirlwind"],"picked":"Inflame","floor":21},{"not_picked":["Burning Pact+1","Havoc"],"picked":"Iron Wave+1","floor":24}],"player_experience":248778,"relics_obtained":[{"floor":7,"key":"Regal Pillow"},{"floor":9,"key":"Ornamental Fan"},{"floor":13,"key":"Pear"},{"floor":24,"key":"Boot"},{"floor":26,"key":"Molten Egg 2"}],"event_choices":[{"damage_healed":0,"gold_gain":0,"player_choice":"Success","damage_taken":3,"relics_obtained":["Mercury Hourglass"],"max_hp_gain":0,"max_hp_loss":0,"event_name":"Scrap Ooze","floor":2,"gold_loss":0},{"cards_removed":["Defend_R"],"damage_healed":0,"gold_gain":0,"player_choice":"Card Removal","damage_taken":7,"max_hp_gain":0,"max_hp_loss":0,"event_name":"Golden Wing","floor":3,"gold_loss":0},{"cards_removed":["Strike_R"],"damage_healed":0,"gold_gain":0,"player_choice":"Gave Gold","damage_taken":0,"max_hp_gain":0,"max_hp_loss":0,"event_name":"Beggar","floor":20,"gold_loss":75}],"is_beta":false,"boss_relics":[{"not_picked":["Black Blood","White Beast Statue"],"picked":"Orrery"}],"items_purged_floors":[10,22],"is_endless":false,"potions_floor_spawned":[13,16,19],"killed_by":"Shelled Parasite and Fungi","ascension_level":3}