{"gold_per_floor":[110,110,18,31,31,31,60,60,60,60,70,95,111,28,28,107,107,119,133,153,153,170,196,215,51,78,78,78],"floor_reached":28,"playtime":825,"items_purged":["Strike_R"],"score":532,"play_id":"fe56dfdc-3090-4b6b-bea8-d9b3e6097612","local_time":"20190429013050","is_ascension_mode":true,"campfire_choices":[{"data":"Pommel Strike","floor":6,"key":"SMITH"},{"data":"Inflame","floor":8,"key":"SMITH"},{"data":"Shrug It Off","floor":10,"key":"SMITH"},{"data":"Flame Barrier","floor":15,"key":"SMITH"},{"floor":27,"key":"REST"}],"neow_cost":"NONE","seed_source_timestamp":3123150516262282,"circlet_count":0,"master_deck":["AscendersBane","Strike_R","Strike_R","Strike_R","Strike_R","Defend_R","Defend_R","Defend_R","Defend_R+1","Bash","Inflame+1","Shrug It Off+1","Pommel Strike+1","Offering","Rampage","Headbutt","Iron Wave","Flame Barrier+1","Juggernaut","Battle Trance+1","Immolate","Rage","Inflame"],"relics":["Burning Blood","NeowsBlessing","Potion Belt","Shuriken","Bronze Scales","Runic Dome","Letter Opener","Blood Vial"],"potions_floor_usage":[23,23,24,28],"damage_taken":[{"damage":0,"enemies":"Jaw Worm","floor":1,"turns":1},{"damage":0,"enemies":"Cultist","floor":4,"turns":1},{"damage":0,"enemies":"Gremlin Nob","floor":7,"turns":1},{"damage":2,"enemies":"2 Louse","floor":11,"turns":3},{"damage":27,"enemies":"Lagavulin","floor":12,"turns":6},{"damage":7,"enemies":"Lots of Slimes","floor":13,"turns":4},{"damage":33,"enemies":"The Guardian","floor":16,"turns":10},{"damage":16,"enemies":"Shell Parasite","floor":18,"turns":5},{"damage":6,"enemies":"Spheric Guardian","floor":19,"turns":3},{"damage":14,"enemies":"Centurion and Healer","floor":20,"turns":5},{"damage":32,"enemies":"Snake Plant","floor":22,"turns":3},{"damage":2,"enemies":"Book of Stabbing","floor":23,"turns":5},{"damage":10,"enemies":"Snecko","floor":24,"turns":4},{"damage":33,"enemies":"Gremlin Leader","floor":28,"turns":2}],"seed_played":"2769144520753158485","potions_obtained":[{"floor":1,"key":"Ancient Potion"},{"floor":12,"key":"Explosive Potion"},{"floor":13,"key":"EssenceOfSteel"},{"floor":16,"key":"SkillPotion"},{"floor":19,"key":"SteroidPotion"},{"floor":23,"key":"LiquidBronze"},{"floor":24,"key":"SkillPotion"}],"is_trial":false,"path_per_floor":["M","?","$","M","$","R","E","R","T","R","M","E","M","$","R","B",null,"M","M","M","?","M","E","M","$","T","R","E"],"character_chosen":"IRONCLAD","items_purchased":["Inflame","Shrug It Off","Flame Barrier","Inflame"],"campfire_rested":1,"item_purchase_floors":[3,3,14,25],"current_hp_per_floor":[74,74,74,75,75,75,75,75,75,75,75,54,53,53,53,26,63,53,53,45,34,8,12,8,8,8,30,0],"gold":78,"neow_bonus":"THREE_ENEMY_KILL","is_prod":false,"is_daily":false,"chose_seed":false,"campfire_upgraded":4,"win_rate":0,"timestamp":1556497850,"path_taken":["M","?","?","?","$","R","E","R","T","R","M","E","M","?","R","BOSS","M","M","M","?","M","E","?","$","T","R","E"],"build_version":"2019-01-23","purchased_purges":1,"victory":false,"max_hp_per_floor":[75,75,75,75,75,75,75,75,75,75,75,75,75,75,75,75,75,75,75,75,75,75,75,75,75,75,75,75],"card_choices":[{"not_picked":["Evolve","Sword Boomerang","Flex"],"picked":"SKIP","floor":1},{"not_picked":["Rage","Heavy Blade"],"picked":"Pommel Strike","floor":4},{"not_picked":["Blood for Blood","Berserk"],"picked":"Offering","floor":7},{"not_picked":["Searing Blow","Iron Wave"],"picked":"Rampage","floor":11},{"not_picked":["Carnage","Dropkick"],"picked":"Headbutt","floor":12},{"not_picked":["Anger","Hemokinesis"],"picked":"Iron Wave","floor":13},{"not_picked":["Limit Break","Berserk"],"picked":"Juggernaut","floor":16},{"not_picked":["Armaments","Rupture","Heavy Blade"],"picked":"SKIP","floor":18},{"not_picked":["Armaments","Rupture","Heavy Blade"],"picked":"SKIP","floor":18},{"not_picked":["Pummel","Perfected Strike"],"picked":"Battle Trance+1","floor":19},{"not_picked":["Heavy Blade","Power Through"],"picked":"Immolate","floor":20},{"not_picked":["Clash","Uppercut","Evolve+1"],"picked":"SKIP","floor":22},{"not_picked":["Havoc+1","Feel No Pain","Shockwave+1"],"picked":"SKIP","floor":23},{"not_picked":["Rampage","Twin Strike+1"],"picked":"Rage","floor":24}],"player_experience":239776,"relics_obtained":[{"floor":7,"key":"Potion Belt"},{"floor":9,"key":"Shuriken"},{"floor":12,"key":"Bronze Scales"},{"floor":23,"key":"Letter Opener"},{"floor":26,"key":"Blood Vial"}],"event_choices":[{"damage_healed":0,"gold_gain":0,"player_choice":"Grow","damage_taken":0,"max_hp_gain":0,"max_hp_loss":0,"event_name":"Living Wall","floor":2,"gold_loss":0,"cards_upgraded":["Defend_R"]},{"damage_healed":0,"gold_gain":0,"player_choice":"Damaged","damage_taken":11,"max_hp_gain":0,"max_hp_loss":0,"event_name":"Wheel of Change","floor":21,"gold_loss":0}],"is_beta":false,"boss_relics":[{"not_picked":["Runic Cube","Black Blood"],"picked":"Runic Dome"}],"items_purged_floors":[25],"is_endless":false,"potions_floor_spawned":[1,12,13,16,18,19,23,24],"killed_by":"Gremlin Leader","ascension_level":19}