{"gold_per_floor":[112,131,146,146,146,178,178,234,302,302,313,340,353,208,208,307,307,322,125,138,157,157,184,184,201,201,201,218,229,43,72,72,167,167,183,199,199,212,212,212,237,255,255,12,12,44,44,56,56,56],"floor_reached":51,"playtime":4957,"items_purged":["Underhanded Strike","Predator"],"score":814,"play_id":"a1f32a85-f0f8-4ae3-9bce-5a6d6cd51850","local_time":"20190108235529","is_ascension_mode":true,"campfire_choices":[{"floor":10,"key":"REST"},{"floor":15,"key":"REST"},{"floor":24,"key":"REST"},{"floor":27,"key":"REST"},{"floor":32,"key":"REST"},{"floor":40,"key":"REST"},{"floor":47,"key":"REST"},{"floor":49,"key":"REST"}],"neow_cost":"NONE","seed_source_timestamp":1229029246758235,"circlet_count":0,"master_deck":["Defend_G+1","Defend_G","Defend_G","Defend_G","Defend_G","Strike_G","Strike_G","Strike_G","Strike_G","Survivor","Neutralize+1","Slice","Flying Knee","Terror","Infinite Blades","Blur","Dagger Throw","Cloak And Dagger+1","Infinite Blades","Dodge and Roll","Dagger Throw+1","Cloak And Dagger+1","Riddle With Holes+1","Blade Dance","Flash of Steel","Slice+1","After Image","Blade Dance+1","Blade Dance+1","Cloak And Dagger","Footwork+1","Accuracy+1","Storm of Steel+1","Prepared+1","Skewer+1"],"relics":["Runic Pyramid","Thread and Needle","Tiny Chest","Sundial","Calipers","Anchor","Black Star","Shuriken","Vajra","The Courier","Prayer Wheel","Bird Faced Urn","Lizard Tail","Oddly Smooth Stone","Letter Opener","Paper Crane","Strawberry","Ice Cream","Bottled Flame"],"potions_floor_usage":[16,21,21,23,31,38,46,48],"damage_taken":[{"damage":2,"enemies":"Jaw Worm","floor":1,"turns":4},{"damage":7,"enemies":"2 Louse","floor":2,"turns":3},{"damage":0,"enemies":"Cultist","floor":3,"turns":3},{"damage":19,"enemies":"3 Sentries","floor":6,"turns":11},{"damage":4,"enemies":"Gremlin Nob","floor":8,"turns":4},{"damage":0,"enemies":"Looter","floor":11,"turns":4},{"damage":6,"enemies":"Lagavulin","floor":12,"turns":6},{"damage":3,"enemies":"Gremlin Gang","floor":13,"turns":5},{"damage":29,"enemies":"The Guardian","floor":16,"turns":10},{"damage":0,"enemies":"3 Byrds","floor":18,"turns":6},{"damage":27,"enemies":"Spheric Guardian","floor":20,"turns":8},{"damage":0,"enemies":"Chosen and Byrds","floor":21,"turns":8},{"damage":24,"enemies":"Gremlin Leader","floor":23,"turns":10},{"damage":0,"enemies":"Shelled Parasite and Fungi","floor":25,"turns":5},{"damage":14,"enemies":"Sentry and Sphere","floor":28,"turns":6},{"damage":10,"enemies":"Snake Plant","floor":29,"turns":4},{"damage":17,"enemies":"Slavers","floor":31,"turns":4},{"damage":23,"enemies":"Collector","floor":33,"turns":7},{"damage":0,"enemies":"Orb Walker","floor":35,"turns":3},{"damage":19,"enemies":"3 Darklings","floor":36,"turns":5},{"damage":27,"enemies":"Writhing Mass","floor":38,"turns":5},{"damage":18,"enemies":"Nemesis","floor":41,"turns":5},{"damage":10,"enemies":"Transient","floor":42,"turns":5},{"damage":6,"enemies":"Reptomancer","floor":46,"turns":6},{"damage":11,"enemies":"Jaw Worm Horde","floor":48,"turns":3},{"damage":67,"enemies":"Donu and Deca","floor":50,"turns":8}],"seed_played":"1099444968730684725","potions_obtained":[{"floor":3,"key":"Poison Potion"},{"floor":11,"key":"LiquidBronze"},{"floor":13,"key":"Ancient Potion"},{"floor":16,"key":"Explosive Potion"},{"floor":20,"key":"SkillPotion"},{"floor":21,"key":"GamblersBrew"},{"floor":25,"key":"SpeedPotion"},{"floor":31,"key":"Fruit Juice"},{"floor":35,"key":"SteroidPotion"},{"floor":41,"key":"Weak Potion"},{"floor":46,"key":"Poison Potion"}],"is_trial":false,"path_per_floor":["M","M","M","?","?","E","?","E","T","R","M","E","M","$","R","B",null,"M","$","M","M","?","E","R","M","T","R","M","M","$","E","R","B",null,"M","M","?","M","?","R","E","M","T","$","?","E","R","M","R","B",null],"character_chosen":"THE_SILENT","items_purchased":["Anchor","Infinite Blades","Dodge and Roll","Blade Dance","Flash of Steel","Strawberry","Storm of Steel"],"campfire_rested":8,"item_purchase_floors":[14,19,19,30,30,44,44],"current_hp_per_floor":[68,61,61,61,47,28,28,24,24,45,45,39,36,36,57,28,70,70,70,43,43,43,19,40,40,40,61,47,37,37,25,47,28,75,75,56,56,29,29,51,37,29,29,36,36,38,62,53,77,20],"gold":56,"neow_bonus":"BOSS_RELIC","is_prod":false,"is_daily":false,"chose_seed":false,"campfire_upgraded":0,"win_rate":0,"timestamp":1546991729,"path_taken":["M","M","M","?","?","E","?","E","T","R","M","E","?","$","R","BOSS","M","$","M","M","?","E","R","?","T","R","M","M","$","E","R","BOSS","M","M","?","?","?","R","E","M","T","$","?","E","R","?","R","BOSS"],"build_version":"2019-01-03v4","purchased_purges":2,"victory":true,"max_hp_per_floor":[70,70,70,70,70,70,70,70,70,70,70,70,70,70,70,70,70,70,70,70,70,70,70,70,70,70,70,70,70,70,75,75,75,75,75,75,75,75,75,75,75,75,75,82,82,82,82,82,82,82],"card_choices":[{"not_picked":["Predator","Footwork"],"picked":"Underhanded Strike","floor":1},{"not_picked":["Cloak And Dagger","Blur"],"picked":"Slice","floor":2},{"not_picked":["Catalyst","Escape Plan"],"picked":"Flying Knee","floor":3},{"not_picked":["Poisoned Stab","Deadly Poison"],"picked":"Infinite Blades","floor":6},{"not_picked":["Acrobatics","Prepared"],"picked":"Blur","floor":8},{"not_picked":["Accuracy","Distraction","Terror"],"picked":"SKIP","floor":11},{"not_picked":["Noxious Fumes","Underhanded Strike"],"picked":"Dagger Throw","floor":12},{"not_picked":["Slice","Malaise","Well Laid Plans"],"picked":"SKIP","floor":13},{"not_picked":["Underhanded Strike","Backflip+1"],"picked":"Cloak And Dagger+1","floor":18},{"not_picked":["Slice+1","Underhanded Strike+1"],"picked":"Predator","floor":20},{"not_picked":["Prepared+1","Tactician+1"],"picked":"Dagger Throw+1","floor":21},{"not_picked":["Dodge and Roll","Malaise","PiercingWail"],"picked":"SKIP","floor":23},{"not_picked":["PiercingWail","Deadly Poison+1","Quick Slash"],"picked":"SKIP","floor":25},{"not_picked":["PiercingWail","Sucker Punch","Flying Knee+1"],"picked":"SKIP","floor":28},{"not_picked":["Deadly Poison","Acrobatics"],"picked":"Riddle With Holes+1","floor":29},{"not_picked":["Predator","Blade Dance"],"picked":"Slice+1","floor":31},{"not_picked":["Burst","Unload"],"picked":"After Image","floor":33},{"not_picked":["Blur","Quick Slash+1"],"picked":"Blade Dance+1","floor":35},{"not_picked":["Outmaneuver","Flying Knee","Caltrops+1"],"picked":"SKIP","floor":35},{"not_picked":["Underhanded Strike+1","Deadly Poison+1","Outmaneuver"],"picked":"SKIP","floor":36},{"not_picked":["Deflect","PiercingWail","Choke+1"],"picked":"SKIP","floor":36},{"not_picked":["Flying Knee","PiercingWail+1"],"picked":"Blade Dance+1","floor":38},{"not_picked":["Glass Knife","Underhanded Strike+1"],"picked":"Cloak And Dagger","floor":38},{"not_picked":["Distraction","Deflect"],"picked":"Footwork+1","floor":41},{"not_picked":["Crippling Poison+1","Bane+1"],"picked":"Accuracy+1","floor":42},{"not_picked":["Quick Slash+1","Underhanded Strike","Expertise"],"picked":"SKIP","floor":42},{"not_picked":["Backflip","Slice","Deflect"],"picked":"SKIP","floor":46},{"not_picked":["PiercingWail","Masterful Stab"],"picked":"Prepared+1","floor":48},{"not_picked":["Deflect","Unload"],"picked":"Skewer+1","floor":48}],"player_experience":97824,"relics_obtained":[{"floor":6,"key":"Thread and Needle"},{"floor":8,"key":"Tiny Chest"},{"floor":9,"key":"Sundial"},{"floor":12,"key":"Calipers"},{"floor":23,"key":"Shuriken"},{"floor":23,"key":"Vajra"},{"floor":26,"key":"The Courier"},{"floor":31,"key":"Prayer Wheel"},{"floor":31,"key":"Bird Faced Urn"},{"floor":41,"key":"Oddly Smooth Stone"},{"floor":41,"key":"Letter Opener"},{"floor":43,"key":"Paper Crane"},{"floor":46,"key":"Ice Cream"},{"floor":46,"key":"Bottled Flame"}],"event_choices":[{"damage_healed":0,"gold_gain":0,"cards_transformed":["Strike_G"],"player_choice":"Change","damage_taken":0,"max_hp_gain":0,"max_hp_loss":0,"event_name":"Living Wall","floor":4,"gold_loss":0,"cards_obtained":["Terror"]},{"damage_healed":0,"gold_gain":0,"player_choice":"Entered Light","damage_taken":14,"max_hp_gain":0,"max_hp_loss":0,"event_name":"Shining Light","floor":5,"gold_loss":0,"cards_upgraded":["Defend_G","Neutralize"]},{"damage_healed":0,"gold_gain":0,"player_choice":"Ignored","damage_taken":0,"max_hp_gain":0,"max_hp_loss":0,"event_name":"Liars Game","floor":7,"gold_loss":0},{"damage_healed":0,"gold_gain":0,"player_choice":"Copied","damage_taken":0,"max_hp_gain":0,"max_hp_loss":0,"event_name":"Duplicator","floor":22,"gold_loss":0,"cards_obtained":["Cloak And Dagger"]},{"damage_healed":0,"gold_gain":0,"player_choice":"Ignored","damage_taken":0,"max_hp_gain":0,"max_hp_loss":0,"event_name":"SecretPortal","floor":37,"gold_loss":0},{"damage_healed":0,"gold_gain":0,"player_choice":"Ignored","damage_taken":0,"max_hp_gain":0,"max_hp_loss":0,"event_name":"Mysterious Sphere","floor":39,"gold_loss":0},{"damage_healed":0,"gold_gain":0,"player_choice":"Upgraded","damage_taken":0,"max_hp_gain":0,"max_hp_loss":0,"event_name":"Upgrade Shrine","floor":45,"gold_loss":0,"cards_upgraded":["Storm of Steel"]}],"is_beta":false,"boss_relics":[{"not_picked":["Cursed Key","WristBlade"],"picked":"Black Star"},{"not_picked":["HoveringKite","Sozu"],"picked":"Lizard Tail"}],"items_purged_floors":[19,30],"is_endless":false,"potions_floor_spawned":[3,11,13,16,20,21,25,31,35,41,42,46],"ascension_level":2}