{"path_per_floor":["M","?","M","?","$","R","?","?","T","M","R","E","$","M","R","B",null,"M","M","?","T","?","E","M","R","T","R","M","R","?","E","R","B",null,"M","M","$","?","M","R","E","R","T","M","M","M","T","$","R"],"character_chosen":"THE_SILENT","items_purchased":["Infinite Blades","Blade Dance","Panache","Bird Faced Urn","War Paint"],"gold_per_floor":[115,115,132,132,58,58,113,113,168,184,184,213,69,86,86,183,183,200,213,213,240,165,197,215,215,238,238,255,255,255,281,281,382,382,399,411,117,417,436,436,462,462,535,552,567,583,583,17,17],"floor_reached":50,"campfire_rested":6,"playtime":3437,"current_hp_per_floor":[70,67,67,67,67,67,58,70,70,70,70,67,67,67,67,55,67,61,59,47,47,47,31,13,34,34,55,50,71,71,69,69,44,72,62,62,62,62,51,72,36,57,57,29,16,16,16,16,37],"items_purged":["Parasite","Decay","Decay"],"gold":17,"score":483,"play_id":"f50d77ba-1b06-4e17-85a8-4fe40f003bda","is_prod":false,"is_daily":false,"is_ascension_mode":false,"campfire_upgraded":4,"path_taken":["M","?","M","?","$","R","?","?","T","?","R","E","$","M","R","BOSS","M","M","?","?","?","E","M","R","T","R","M","R","?","E","R","BOSS","M","M","$","?","M","R","E","R","T","M","M","M","?","$","R","BOSS"],"build_version":"2018-02-12-PROD1","purchased_purges":3,"victory":false,"master_deck":["Defend_G+1","Defend_G","Defend_G","Defend_G","Strike_G","Strike_G","Strike_G","Strike_G","Strike_G","Survivor+1","Neutralize+1","Skewer+1","Prepared","Infinite Blades","Choke","Choke+1","Backstab","Blade Dance","Infinite Blades","Die Die Die","Distraction+1","Tools of the Trade","Dagger Spray+1","Backflip","Blade Dance","Adrenaline","Panache","Clumsy","Terror+1","Well Laid Plans","Quick Slash+1"],"max_hp_per_floor":[70,70,70,70,70,70,70,70,70,70,70,70,67,67,67,67,67,67,67,72,72,72,72,72,72,72,72,72,72,72,72,72,72,72,72,72,72,72,72,72,72,72,72,72,72,72,72,72,72],"relics":["Ring of the Snake","Orichalcum","Thread and Needle","Tiny Chest","Juzu Bracelet","Cursed Key","Bronze Scales","Pen Nib","Ancient Tea Set","Gremlin Horn","Sozu","Centennial Puzzle","Bottled Lightning","Shovel","Bird Faced Urn","War Paint"],"card_choices":[{"not_picked":["Heel Hook","Crippling Poison"],"picked":"Skewer"},{"not_picked":["Caltrops","PiercingWail"],"picked":"Prepared"},{"not_picked":["PiercingWail","Terror"],"picked":"Choke"},{"not_picked":["Flying Knee","PiercingWail"],"picked":"Choke"},{"not_picked":["Dodge and Roll","Quick Slash"],"picked":"Backstab"},{"not_picked":["Dagger Throw","Footwork"],"picked":"Infinite Blades"},{"not_picked":["Doppelganger","Bullet Time"],"picked":"Die Die Die"},{"not_picked":["Underhanded Strike","Finisher"],"picked":"Distraction"},{"not_picked":["Dodge and Roll","Blur"],"picked":"Tools of the Trade"},{"not_picked":["Underhanded Strike","Flying Knee"],"picked":"Dagger Spray"},{"not_picked":["Eviscerate","PiercingWail"],"picked":"Backflip"},{"not_picked":["Crippling Poison","Sucker Punch"],"picked":"Blade Dance"},{"not_picked":["Die Die Die","Envenom"],"picked":"Adrenaline"},{"not_picked":["Deflect","Tactician"],"picked":"Terror"},{"not_picked":["Quick Slash","Acrobatics"],"picked":"Well Laid Plans"},{"not_picked":["Poisoned Stab","Leg Sweep"],"picked":"Quick Slash"}],"player_experience":55075,"potions_floor_usage":[12,16,23,23,33],"damage_taken":[{"damage":0,"enemies":"2 Louse","floor":1,"turns":3},{"damage":0,"enemies":"Small Slimes","floor":3,"turns":2},{"damage":9,"enemies":"Gremlin Nob","floor":7,"turns":4},{"damage":0,"enemies":"Cultist","floor":10,"turns":2},{"damage":3,"enemies":"Gremlin Nob","floor":12,"turns":4},{"damage":0,"enemies":"Looter","floor":14,"turns":2},{"damage":24,"enemies":"Slime Boss","floor":16,"turns":8},{"damage":6,"enemies":"Spheric Guardian","floor":18,"turns":4},{"damage":2,"enemies":"Chosen","floor":19,"turns":3},{"damage":16,"enemies":"Slavers","floor":23,"turns":3},{"damage":18,"enemies":"Centurion and Healer","floor":24,"turns":4},{"damage":5,"enemies":"Snake Plant","floor":28,"turns":3},{"damage":2,"enemies":"Book of Stabbing","floor":31,"turns":4},{"damage":37,"enemies":"Automaton","floor":33,"turns":8},{"damage":10,"enemies":"3 Shapes","floor":35,"turns":3},{"damage":0,"enemies":"Orb Walker","floor":36,"turns":1},{"damage":11,"enemies":"Sphere and 2 Shapes","floor":39,"turns":3},{"damage":36,"enemies":"Giant Head","floor":41,"turns":7},{"damage":28,"enemies":"Maw","floor":44,"turns":5},{"damage":13,"enemies":"4 Shapes","floor":45,"turns":2},{"damage":0,"enemies":"3 Darklings","floor":46,"turns":2},{"damage":49,"enemies":"Awakened One","floor":50,"turns":4}],"event_choices":[{"event_name":"Scrap Ooze","player_choice":"success","floor":2,"damage_taken":3},{"event_name":"Living Wall","player_choice":"Forget","floor":4,"damage_taken":0},{"event_name":"Dead Adventurer","player_choice":"Searched \u00272\u0027 times","floor":7,"damage_taken":0},{"event_name":"Mushrooms","player_choice":"Healed and dodged fight","floor":8,"damage_taken":0},{"event_name":"Forgotten Altar","player_choice":"Shed Blood","floor":20,"damage_taken":0},{"event_name":"Beggar","player_choice":"Gave Gold","floor":22,"damage_taken":0},{"event_name":"The Lab","player_choice":"Got Potions","floor":30,"damage_taken":0},{"event_name":"Wheel of Change","player_choice":"Gold","floor":38,"damage_taken":0}],"boss_relics":[{"not_picked":["Runic Pyramid","Lizard Tail"],"picked":"Cursed Key"},{"not_picked":["Question Card","Philosopher\u0027s Stone"],"picked":"Sozu"}],"potions_floor_spawned":[1,3,7,19,24,36,39,41,44],"seed_played":"-5424609930494593427","killed_by":"Awakened One","ascension_level":0,"is_trial":false}