{"gold_per_floor":[110,185,197,162,162,162,181,207,207,232,232,304,10,24,24,101,101,11,11,11,11,11,11,11,11,11,11,11,11,11,11,11,11,11,11,11,11,11,11,11,11,11,11,11,11,11,11,11,11,11],"floor_reached":51,"playtime":2948,"items_purged":[],"score":1174,"play_id":"233baa95-0778-4fcd-a99f-4c3ce315767b","local_time":"20190120212736","is_ascension_mode":true,"campfire_choices":[{"data":"Noxious Fumes","floor":6.0,"key":"SMITH"},{"floor":11.0,"key":"REST"},{"data":"Backflip","floor":15.0,"key":"SMITH"},{"floor":25.0,"key":"REST"},{"data":"After Image","floor":27.0,"key":"SMITH"},{"data":"Well Laid Plans","floor":32.0,"key":"SMITH"},{"floor":40.0,"key":"REST"},{"floor":42,"key":"DIG"},{"data":"Burst","floor":47,"key":"SMITH"},{"floor":49,"key":"REST"}],"neow_cost":"NONE","seed_source_timestamp":1298705155986876,"circlet_count":0,"master_deck":["AscendersBane","Defend_G","Defend_G","Defend_G","Defend_G","Defend_G","Strike_G","Strike_G","Strike_G","Strike_G","Strike_G","Survivor","Neutralize+1","Backflip+1","Noxious Fumes+1","Skewer","PiercingWail","PiercingWail","After Image+1","Well Laid Plans+1","Backflip+1","Burst+1","Deadly Poison","Good Instincts","Backflip"],"special_seed":0,"relics":["Ring of the Snake","FaceOfCleric","Sundial","Gremlin Horn","Odd Mushroom","Letter Opener","Paper Crane","Ectoplasm","Oddly Smooth Stone","Unceasing Top","Bag of Marbles","Snake Skull","Philosopher\u0027s Stone","Shovel","Kunai","Boot","Toxic Egg 2"],"potions_floor_usage":[],"damage_taken":[{"damage":2.0,"enemies":"Jaw Worm","floor":1.0,"turns":6.0},{"damage":0.0,"enemies":"2 Louse","floor":3.0,"turns":5.0},{"damage":2.0,"enemies":"Cultist","floor":7.0,"turns":4.0},{"damage":21.0,"enemies":"Lagavulin","floor":8.0,"turns":8.0},{"damage":35.0,"enemies":"The Mushroom Lair","floor":10.0,"turns":8.0},{"damage":0.0,"enemies":"2 Fungi Beasts","floor":14.0,"turns":4.0},{"damage":14.0,"enemies":"The Guardian","floor":16.0,"turns":13.0},{"damage":10.0,"enemies":"2 Thieves","floor":18.0,"turns":5.0},{"damage":12.0,"enemies":"Chosen","floor":21.0,"turns":6.0},{"damage":3.0,"enemies":"Shelled Parasite and Fungi","floor":22.0,"turns":7.0},{"damage":2.0,"enemies":"Gremlin Leader","floor":23.0,"turns":9.0},{"damage":12.0,"enemies":"Snake Plant","floor":24.0,"turns":5.0},{"damage":13.0,"enemies":"Slavers","floor":28.0,"turns":6.0},{"damage":4.0,"enemies":"Cultist and Chosen","floor":29.0,"turns":7.0},{"damage":26.0,"enemies":"Champ","floor":33.0,"turns":17.0},{"damage":19.0,"enemies":"Orb Walker","floor":35.0,"turns":5.0},{"damage":0.0,"enemies":"3 Shapes","floor":39.0,"turns":6.0},{"damage":13,"enemies":"Giant Head","floor":41,"turns":11},{"damage":0,"enemies":"Sphere and 2 Shapes","floor":44,"turns":4},{"damage":0,"enemies":"3 Darklings","floor":46,"turns":5},{"damage":15,"enemies":"Time Eater","floor":50,"turns":19}],"seed_played":"-256095651162111774","potions_obtained":[{"floor":10.0,"key":"Swift Potion"},{"floor":18.0,"key":"SkillPotion"},{"floor":21.0,"key":"SpeedPotion"},{"floor":41,"key":"Block Potion"},{"floor":44,"key":"Poison Potion"}],"is_trial":false,"path_per_floor":["M","?","M","?","?","R","M","E","T","?","R","T","$","M","R","B",null,"M","?","T","M","M","E","M","R","T","R","E","M","?","$","R","B",null,"M","?","?","?","M","R","E","R","T","M","T","M","R","$","R","B",null],"character_chosen":"THE_SILENT","items_purchased":["Paper Crane","PowerPotion"],"campfire_rested":4,"item_purchase_floors":[13,13],"current_hp_per_floor":[57,46,46,62,62,62,61,41,41,7,27,27,27,28,28,15,57,48,72,72,61,59,58,47,69,69,69,57,54,54,54,54,29,67,49,49,49,49,50,73,61,61,61,62,62,63,63,63,80,66],"gold":11,"neow_bonus":"UPGRADE_CARD","is_prod":false,"is_daily":false,"chose_seed":false,"campfire_upgraded":5,"win_rate":0,"timestamp":1548019656,"path_taken":["M","?","M","?","?","R","?","E","T","?","R","?","?","M","R","BOSS","M","?","?","?","M","E","M","R","T","R","E","?","?","?","R","BOSS","M","?","?","?","M","R","E","R","T","M","?","M","R","$","R","BOSS"],"build_version":"2019-01-17v2","purchased_purges":0,"victory":true,"max_hp_per_floor":[66,66,66,66,66,66,67,68,68,69,69,69,69,70,70,71,71,72,72,72,73,74,75,76,76,76,76,77,78,78,78,78,79,79,80,80,80,76,77,77,78,78,78,79,79,80,80,80,80,81],"card_choices":[{"not_picked":["Quick Slash","Underhanded Strike"],"picked":"Backflip","floor":1.0},{"not_picked":["Outmaneuver","Choke"],"picked":"Noxious Fumes","floor":3.0},{"not_picked":["Underhanded Strike","Blade Dance"],"picked":"Skewer","floor":7.0},{"not_picked":["Backflip","Bane"],"picked":"PiercingWail","floor":8.0},{"not_picked":["Blade Dance","Deadly Poison"],"picked":"PiercingWail","floor":14.0},{"not_picked":["Doppelganger","Tools of the Trade"],"picked":"After Image","floor":16.0},{"not_picked":["Terror","Endless Agony","Prepared"],"picked":"SKIP","floor":18.0},{"not_picked":["Underhanded Strike","Accuracy","Masterful Stab"],"picked":"SKIP","floor":21.0},{"not_picked":["Slice","Cloak And Dagger","Finisher"],"picked":"SKIP","floor":22.0},{"not_picked":["Night Terror","Acrobatics","Catalyst"],"picked":"SKIP","floor":23.0},{"not_picked":["Accuracy","Heel Hook","Terror"],"picked":"SKIP","floor":24.0},{"not_picked":["Skewer","Outmaneuver"],"picked":"Well Laid Plans","floor":28.0},{"not_picked":["Prepared","Skewer"],"picked":"Backflip+1","floor":29.0},{"not_picked":["Grand Finale","Night Terror"],"picked":"Burst","floor":33.0},{"not_picked":["Expertise+1","Deadly Poison","Heel Hook"],"picked":"SKIP","floor":35.0},{"not_picked":["Expertise+1","Heel Hook"],"picked":"Deadly Poison","floor":35.0},{"not_picked":["Violence","Swift Strike"],"picked":"Good Instincts","floor":37.0},{"not_picked":["Quick Slash","Slice"],"picked":"Backflip","floor":39.0},{"not_picked":["Flying Knee+1","Terror","Endless Agony+1"],"picked":"SKIP","floor":41},{"not_picked":["Underhanded Strike","Infinite Blades","Slice"],"picked":"SKIP","floor":44},{"not_picked":["Accuracy","Slice","Quick Slash"],"picked":"SKIP","floor":46}],"player_experience":153228,"relics_obtained":[{"floor":8.0,"key":"Sundial"},{"floor":9.0,"key":"Gremlin Horn"},{"floor":10.0,"key":"Odd Mushroom"},{"floor":12.0,"key":"Letter Opener"},{"floor":20.0,"key":"Oddly Smooth Stone"},{"floor":23.0,"key":"Unceasing Top"},{"floor":26.0,"key":"Bag of Marbles"},{"floor":28.0,"key":"Snake Skull"},{"floor":41,"key":"Shovel"},{"floor":42,"key":"Kunai"},{"floor":43,"key":"Boot"},{"floor":45,"key":"Toxic Egg 2"}],"event_choices":[{"damage_healed":0.0,"max_hp_gain":0.0,"max_hp_loss":0.0,"gold_gain":75.0,"event_name":"World of Goop","player_choice":"Gather Gold","floor":2.0,"gold_loss":0.0,"damage_taken":11.0},{"damage_healed":16.0,"max_hp_gain":0.0,"max_hp_loss":0.0,"gold_gain":0.0,"event_name":"The Cleric","player_choice":"Healed","floor":4.0,"gold_loss":35.0,"damage_taken":0.0},{"damage_healed":0.0,"max_hp_gain":0.0,"max_hp_loss":0.0,"gold_gain":0.0,"event_name":"FaceTrader","player_choice":"Trade","floor":5.0,"gold_loss":0.0,"damage_taken":0.0,"relics_obtained":["FaceOfCleric"]},{"damage_healed":0.0,"max_hp_gain":0.0,"max_hp_loss":0.0,"gold_gain":0.0,"event_name":"Mushrooms","player_choice":"Fought Mushrooms","floor":10.0,"gold_loss":0.0,"damage_taken":0.0},{"damage_healed":24.0,"max_hp_gain":0.0,"max_hp_loss":0.0,"gold_gain":0.0,"event_name":"The Library","player_choice":"Heal","floor":19.0,"gold_loss":0.0,"damage_taken":0.0},{"damage_healed":0.0,"max_hp_gain":0.0,"max_hp_loss":0.0,"gold_gain":0.0,"event_name":"Ghosts","player_choice":"Ignored","floor":30.0,"gold_loss":0.0,"damage_taken":0.0},{"damage_healed":0.0,"max_hp_gain":0.0,"max_hp_loss":0.0,"gold_gain":0.0,"event_name":"Mysterious Sphere","player_choice":"Ignored","floor":36.0,"gold_loss":0.0,"damage_taken":0.0},{"damage_healed":0.0,"max_hp_gain":0.0,"max_hp_loss":0.0,"gold_gain":0.0,"event_name":"SensoryStone","player_choice":"Memory 1","floor":37.0,"gold_loss":0.0,"damage_taken":0.0},{"damage_healed":0.0,"max_hp_gain":0.0,"max_hp_loss":4.0,"gold_gain":0.0,"event_name":"Winding Halls","player_choice":"Max HP","floor":38.0,"gold_loss":0.0,"damage_taken":0.0}],"is_beta":false,"boss_relics":[{"not_picked":["Ring of the Serpent","White Beast Statue"],"picked":"Ectoplasm"},{"not_picked":["Eternal Feather","Orrery"],"picked":"Philosopher\u0027s Stone"}],"items_purged_floors":[],"is_endless":false,"potions_floor_spawned":[10,14,18,21,41,44],"ascension_level":14}