{"path_per_floor":["M","?","?","?","$","R","T","R","T","M","M","?","?","M","R","B",null,"M","M","?","M","M","R","E","R","T","R","M","M","R","M","R"],"character_chosen":"IRONCLAD","items_purchased":[],"gold_per_floor":[110,110,110,188,113,113,113,113,165,178,197,197,197,211,211,310,310,250,250,0,0,0,0,0,0,0,0,0,0,0,0,0],"floor_reached":33,"campfire_rested":1,"playtime":1196,"current_hp_per_floor":[80,80,80,80,80,80,80,80,80,74,74,74,74,78,78,43,80,66,63,63,63,65,65,43,43,50,76,82,76,76,69,69],"items_purged":["Defend_R"],"gold":0,"play_id":"9afba562-0f3d-47e1-806f-eda3652c73b1","is_prod":false,"is_daily":false,"is_ascension_mode":false,"campfire_upgraded":7,"path_taken":["M","?","?","?","$","R","?","R","T","?","M","?","?","M","R","BOSS","M","M","?","M","M","R","E","R","T","R","M","M","R","M","R","BOSS"],"build_version":"2018-01-25-BETA1","purchased_purges":1,"victory":false,"master_deck":["Strike_R","Strike_R","Strike_R","Defend_R+1","Defend_R","Defend_R","Bash+1","Headbutt","Shrug It Off+1","Heavy Blade","Searing Blow+5","Rampage+1","Offering","Dropkick","Pommel Strike"],"max_hp_per_floor":[80,80,80,80,80,80,80,80,80,80,80,80,80,80,80,80,80,80,80,80,80,80,80,80,80,87,87,87,87,87,87,87],"relics":["Burning Blood","Toxic Egg","Vajra","Ectoplasm","Orichalcum","Strawberry"],"card_choices":[{"not_picked":["Sword Boomerang","Armaments"],"picked":"Headbutt"},{"not_picked":["Flame Barrier","Second Wind"],"picked":"Shrug It Off"},{"not_picked":["Warcry","Thunderclap"],"picked":"Searing Blow"},{"not_picked":["Warcry","Combust"],"picked":"Rampage"},{"not_picked":["Barricade","Impervious"],"picked":"Offering"},{"not_picked":["Iron Wave","Havoc"],"picked":"Dropkick"},{"not_picked":["Flex","Armaments"],"picked":"Pommel Strike"}],"player_experience":106168,"potions_floor_usage":[16,19,22,24,24,31,31],"damage_taken":[{"damage":5,"enemies":"2 Louse","floor":1,"turns":3},{"damage":12,"enemies":"Blue Slaver","floor":10,"turns":2},{"damage":6,"enemies":"Jaw Worm","floor":11,"turns":2},{"damage":2,"enemies":"Red Slaver","floor":14,"turns":3},{"damage":41,"enemies":"Hexaghost","floor":16,"turns":9},{"damage":20,"enemies":"2 Thieves","floor":18,"turns":4},{"damage":9,"enemies":"3 Byrds","floor":19,"turns":5},{"damage":6,"enemies":"3 Cultists","floor":21,"turns":5},{"damage":4,"enemies":"Centurion and Healer","floor":22,"turns":4},{"damage":34,"enemies":"Book of Stabbing","floor":24,"turns":3},{"damage":0,"enemies":"Snecko","floor":28,"turns":3},{"damage":12,"enemies":"3 Cultists","floor":29,"turns":5},{"damage":13,"enemies":"Centurion and Healer","floor":31,"turns":4},{"damage":74,"enemies":"Champ","floor":33,"turns":6}],"event_choices":[{"event_name":"Bonfire Elementals","player_choice":"BASIC","floor":2,"damage_taken":0},{"event_name":"Transmorgrifier","player_choice":"Transform","floor":3,"damage_taken":0},{"event_name":"Golden Wing","player_choice":"Gained Gold","floor":4,"damage_taken":0},{"event_name":"The Lab","player_choice":"Got Potions","floor":12,"damage_taken":0},{"event_name":"Accursed Blacksmith","player_choice":"Forge","floor":13,"damage_taken":0},{"event_name":"Masked Bandits","player_choice":"Paid Bandits 250 gold","floor":20,"damage_taken":0}],"boss_relics":[{"not_picked":["Calling Bell","Snecko Eye"],"picked":"Ectoplasm"}],"potions_floor_spawned":[1,10,19,21,24,28],"seed_played":"5138772020689016756","killed_by":"Champ","ascension_level":0,"is_trial":false}