{"path_per_floor":["M","M","?","M","M","R","M","?","T","T","R","E","R","$","R","B",null,"M","M","?","?","M","M","T","$","T","R","E","M","R","M","R","B",null,"M","$","M","M","?","E","?","R","T","R","E","R","M","?","R","B"],"character_chosen":"IRONCLAD","items_purchased":["Anchor","Bottled Flame"],"gold_per_floor":[116,132,207,217,231,231,242,342,342,342,342,371,371,144,144,243,243,258,278,193,193,207,223,249,6,31,31,63,79,79,99,99,194,194,212,112,130,147,147,175,275,275,275,275,304,304,317,317,317,317],"floor_reached":51,"campfire_rested":5,"playtime":2706,"current_hp_per_floor":[80,80,69,71,77,77,62,62,62,62,62,56,56,56,56,12,80,80,59,59,59,50,52,52,52,52,52,13,19,43,49,49,43,80,79,79,67,50,40,10,10,34,34,58,9,33,34,34,58,55],"items_purged":["Strike_R","Strike_R"],"gold":317,"play_id":"a7010734-687b-46c3-9abf-46847d6df032","is_prod":false,"is_daily":false,"campfire_rituals":0,"campfire_upgraded":6,"is_hardmode":false,"path_taken":["M","M","?","M","?","R","M","?","T","?","R","E","R","$","R","BOSS","M","M","?","?","M","M","?","$","T","R","E","M","R","M","R","BOSS","M","$","M","M","?","E","?","R","T","R","E","R","M","?","R","BOSS"],"build_version":"2018-01-18-PROD4","purchased_purges":2,"victory":true,"master_deck":["Strike_R","Strike_R","Defend_R","Defend_R","Defend_R","Defend_R","Bash","Spot Weakness","Armaments","Pommel Strike","Searing Blow","Armaments","Whirlwind","Reaper","Bloodletting","Iron Wave","Twin Strike","Battle Trance","Shrug It Off","Inflame","Madness","Madness","Flex","Parasite","Pummel","Sword Boomerang"],"max_hp_per_floor":[80,80,80,80,80,80,80,80,80,80,80,80,80,80,80,80,80,80,80,80,80,80,80,80,80,80,80,80,80,80,80,80,80,80,80,80,80,80,80,80,80,80,80,80,80,80,80,80,80,80],"relics":["Burning Blood","War Paint","Sundial","Omamori","Anchor","Cursed Key","Orichalcum","Lantern","Bottled Flame","Ancient Tea Set","Bag of Marbles","Lizard Tail","Dream Catcher","Bronze Scales","Bottled Tornado"],"campfire_meditates":0,"card_choices":[{"not_picked":["Flex","Blood for Blood"],"picked":"Spot Weakness"},{"not_picked":["Bloodletting","Anger"],"picked":"Armaments"},{"not_picked":["Perfected Strike","Clothesline"],"picked":"Pommel Strike"},{"not_picked":["Sword Boomerang","Anger"],"picked":"Searing Blow"},{"not_picked":["Disarm","Thunderclap"],"picked":"Armaments"},{"not_picked":["Reckless Charge","Dropkick"],"picked":"Whirlwind"},{"not_picked":["Berserk","Immolate"],"picked":"Reaper"},{"not_picked":["Anger","Ghostly Armor"],"picked":"Bloodletting"},{"not_picked":["Perfected Strike","Wild Strike"],"picked":"Iron Wave"},{"not_picked":["Burning Pact","Clash"],"picked":"Twin Strike"},{"not_picked":["Armaments","Power Through"],"picked":"Battle Trance"},{"not_picked":["Sword Boomerang","Body Slam"],"picked":"Shrug It Off"},{"not_picked":["Cleave","Twin Strike"],"picked":"Inflame"},{"not_picked":["Clothesline","Infernal Blade"],"picked":"Flex"},{"not_picked":["Shrug It Off","Fire Breathing"],"picked":"Pummel"},{"not_picked":["Clash","Iron Wave"],"picked":"Sword Boomerang"}],"player_experience":299907,"potions_floor_usage":[50],"damage_taken":[{"damage":1.0,"enemies":"Jaw Worm","floor":1.0,"turns":3.0},{"damage":5.0,"enemies":"Small Slimes","floor":2.0,"turns":4.0},{"damage":4.0,"enemies":"Blue Slaver","floor":4.0,"turns":5.0},{"damage":0.0,"enemies":"3 Louse","floor":5.0,"turns":3.0},{"damage":21.0,"enemies":"Gremlin Gang","floor":7.0,"turns":6.0},{"damage":24.0,"enemies":"Gremlin Nob","floor":12.0,"turns":5.0},{"damage":50.0,"enemies":"Hexaghost","floor":16.0,"turns":8.0},{"damage":4.0,"enemies":"Shell Parasite","floor":18.0,"turns":4.0},{"damage":27.0,"enemies":"Chosen","floor":19.0,"turns":6.0},{"damage":18.0,"enemies":"Sentry and Sphere","floor":22.0,"turns":5.0},{"damage":10.0,"enemies":"Snecko","floor":23.0,"turns":3.0},{"damage":45.0,"enemies":"Book of Stabbing","floor":28.0,"turns":6.0},{"damage":0.0,"enemies":"Snake Plant","floor":29.0,"turns":2.0},{"damage":0.0,"enemies":"Sentry and Sphere","floor":31.0,"turns":3.0},{"damage":26.0,"enemies":"Automaton","floor":33.0,"turns":6.0},{"damage":7.0,"enemies":"3 Shapes","floor":35.0,"turns":4.0},{"damage":25.0,"enemies":"3 Darklings","floor":37.0,"turns":6.0},{"damage":23.0,"enemies":"Sphere and 2 Shapes","floor":38.0,"turns":5.0},{"damage":36.0,"enemies":"Nemesis","floor":40.0,"turns":7.0},{"damage":71.0,"enemies":"Giant Head","floor":45.0,"turns":8.0},{"damage":12.0,"enemies":"4 Shapes","floor":47.0,"turns":4.0},{"damage":0,"enemies":"Awakened One","floor":50,"turns":8}],"event_choices":[{"event_name":"World of Goop","player_choice":"Gather Gold","floor":3.0,"damage_taken":0.0},{"event_name":"Golden Shrine","player_choice":"Pray","floor":8.0,"damage_taken":0.0},{"event_name":"Addict","player_choice":"Obtained Relic","floor":20.0,"damage_taken":0.0},{"event_name":"Transmorgrifier","player_choice":"Transform","floor":21.0,"damage_taken":0.0},{"event_name":"Winding Halls","player_choice":"Embrace Madness","floor":39.0,"damage_taken":0.0},{"event_name":"Golden Shrine","player_choice":"Pray","floor":41.0,"damage_taken":0.0}],"boss_relics":[],"potions_floor_spawned":[1,5,7,28,29,33,38,47],"seed_played":"-9074020504401821540","is_trial":false}