{"gold_per_floor":[114,114,129,129,148,186,186,224,274,312,331,350,388,388,388,513,513,532,532,8,27,152,152],"floor_reached":23,"playtime":1406,"items_purged":[],"score":519,"play_id":"8c4f0593-dee7-40ea-b3da-27a7fd9ce692","local_time":"20180827144707","daily_mods":["Insanity","Binary","Hoarder"],"is_ascension_mode":false,"campfire_choices":[{"floor":7,"key":"REST"},{"floor":15,"key":"REST"}],"neow_cost":"","seed_source_timestamp":0,"circlet_count":0,"master_deck":["Conserve Battery","Recycle","Fission","Go for the Eyes","FTL","Biased Cognition","Reprogram","Hologram","Rebound","Hyperbeam","Rip and Tear","Gash","Coolheaded","Compile Driver","Thunder Strike","Echo Form","Blizzard","Undo","BootSequence","Machine Learning","Stack","Hologram","Fission","BootSequence","Hologram","Buffer","Cold Snap","Blizzard","Meteor Strike","Leap","Hello World","Hologram","Rainbow","Defragment","Self Repair","Loop","Rainbow","Cold Snap","Rip and Tear","Steam","Dualcast","Leap","Fission","Hello World","Leap","All For One","Machine Learning","Gash","Skim","Defend_B","Steam Power","Steam Power","Steam Power","Normality","Defragment","Defragment","Defragment","Gash","Gash","Gash","Rebound","Rebound","Rebound","Hologram","Hologram","Hologram","White Noise","White Noise","White Noise","Beam Cell","Beam Cell","Beam Cell","Ball Lightning","Ball Lightning","Ball Lightning","Parasite","Parasite","Parasite","Stack+1","Stack+1","Stack+1","All For One","All For One","All For One","Rip and Tear","Rip and Tear","Rip and Tear","Stack+1","Stack+1","Stack+1","Gash","Gash","Gash","Stack+1","Stack+1","Stack+1","Gash+1","Gash+1","Gash+1"],"special_seed":17770,"relics":["Cracked Core","Juzu Bracelet","Golden Idol","Dream Catcher","Ornamental Fan","Regal Pillow","Pear","Toxic Egg 2","Empty Cage","Mummified Hand","ClockworkSouvenir","Bird Faced Urn","Letter Opener"],"potions_floor_usage":[6,13,21,21,22,23],"damage_taken":[{"damage":0,"enemies":"Small Slimes","floor":1,"turns":4},{"damage":0,"enemies":"Cultist","floor":3,"turns":4},{"damage":9,"enemies":"Jaw Worm","floor":5,"turns":4},{"damage":0,"enemies":"Gremlin Nob","floor":6,"turns":3},{"damage":26,"enemies":"Lagavulin","floor":8,"turns":7},{"damage":16,"enemies":"3 Sentries","floor":10,"turns":4},{"damage":10,"enemies":"Lots of Slimes","floor":11,"turns":7},{"damage":9,"enemies":"Blue Slaver","floor":12,"turns":3},{"damage":16,"enemies":"Gremlin Nob","floor":13,"turns":4},{"damage":0,"enemies":"Slime Boss","floor":16,"turns":8},{"damage":0,"enemies":"Chosen","floor":18,"turns":4},{"damage":15,"enemies":"Shell Parasite","floor":21,"turns":8},{"damage":2,"enemies":"Colosseum Slavers","floor":22,"turns":4},{"damage":61,"enemies":"Colosseum Nobs","floor":22,"turns":9},{"damage":16,"enemies":"Book of Stabbing","floor":23,"turns":5}],"seed_played":"-6941415905369443409","potions_obtained":[{"floor":3,"key":"SteroidPotion"},{"floor":5,"key":"Dexterity Potion"},{"floor":11,"key":"Energy Potion"},{"floor":16,"key":"SkillPotion"},{"floor":18,"key":"Block Potion"},{"floor":22,"key":"FocusPotion"}],"is_trial":false,"path_per_floor":["M","?","M","?","M","E","R","E","T","E","M","M","E","?","R","B",null,"M","?","$","M","?"],"character_chosen":"DEFECT","items_purchased":["Mummified Hand","Gash","ClockworkSouvenir","Stack+1"],"campfire_rested":2,"item_purchase_floors":[20,20,20,20],"current_hp_per_floor":[75,75,75,57,48,48,70,44,44,38,28,19,3,24,64,71,85,85,85,85,70,7,0],"gold":152,"neow_bonus":"","is_prod":false,"is_daily":true,"chose_seed":false,"campfire_upgraded":0,"win_rate":0,"timestamp":1535402827,"path_taken":["M","?","M","?","M","E","R","E","T","E","M","M","E","?","R","BOSS","M","?","$","M","?","E"],"build_version":"2018-08-23v2","purchased_purges":0,"victory":false,"max_hp_per_floor":[75,75,75,75,75,75,75,75,75,85,85,85,85,85,85,85,85,85,85,85,85,85,85],"card_choices":[{"not_picked":["Coolheaded"],"picked":"Steam Power","floor":1},{"not_picked":["Compile Driver"],"picked":"Defragment","floor":3},{"not_picked":["Sunder"],"picked":"Gash","floor":5},{"not_picked":["Chill","Multi-Cast"],"picked":"SKIP","floor":6},{"not_picked":["Lockon"],"picked":"Rebound","floor":7},{"not_picked":["Undo"],"picked":"Hologram","floor":8},{"not_picked":["Sunder"],"picked":"White Noise","floor":10},{"not_picked":["Leap"],"picked":"Beam Cell","floor":11},{"not_picked":["Rebound","Steam"],"picked":"SKIP","floor":12},{"not_picked":["Rebound"],"picked":"Ball Lightning","floor":13},{"not_picked":["Capacitor"],"picked":"Stack+1","floor":15},{"not_picked":["Multi-Cast+1"],"picked":"All For One","floor":16},{"not_picked":["Sweeping Beam"],"picked":"Rip and Tear","floor":18},{"not_picked":["Stack+1","Barrage"],"picked":"SKIP","floor":21},{"not_picked":["Recycle+1"],"picked":"Gash+1","floor":22}],"player_experience":514607,"relics_obtained":[{"floor":6,"key":"Dream Catcher"},{"floor":8,"key":"Ornamental Fan"},{"floor":9,"key":"Regal Pillow"},{"floor":10,"key":"Pear"},{"floor":13,"key":"Toxic Egg 2"},{"floor":22,"key":"Bird Faced Urn"},{"floor":22,"key":"Letter Opener"}],"event_choices":[{"event_name":"Accursed Blacksmith","player_choice":"Rummage","floor":2,"damage_taken":0},{"event_name":"Golden Idol","player_choice":"Take Damage","floor":4,"damage_taken":0},{"event_name":"Mushrooms","player_choice":"Healed and dodged fight","floor":14,"damage_taken":0},{"event_name":"Duplicator","player_choice":"One dupe","floor":19,"damage_taken":0},{"event_name":"Colosseum","player_choice":"Fight","floor":22,"damage_taken":0},{"event_name":"Colosseum","player_choice":"Fought Nobs","floor":22,"damage_taken":0}],"is_beta":true,"boss_relics":[{"not_picked":["Tiny House","Inserter"],"picked":"Empty Cage"}],"items_purged_floors":[],"is_endless":false,"potions_floor_spawned":[3,5,11,16,18,22],"killed_by":"Book of Stabbing","ascension_level":0}