{"gold_per_floor":[117,135,135,36,49,84,84,110,110,135,135,135,11,34,34,34],"floor_reached":16,"playtime":693,"items_purged":["Strike_G","Injury"],"score":159,"play_id":"9cf8267f-6bab-4544-8c64-f06baaad66cd","local_time":"20190113172516","is_ascension_mode":true,"campfire_choices":[{"data":"Terror","floor":7,"key":"SMITH"},{"floor":15,"key":"REST"}],"neow_cost":"NONE","seed_source_timestamp":1641921467076019,"circlet_count":0,"master_deck":["Defend_G","Defend_G","Defend_G","Defend_G","Defend_G","Strike_G","Strike_G+1","Strike_G","Strike_G","Survivor","Neutralize","Backflip+1","Terror+1","Flying Knee","PiercingWail","Dagger Throw","Burst","Flying Knee","Dodge and Roll"],"relics":["Sozu","Bottled Lightning","WingedGreaves","Thread and Needle","Blue Candle","Golden Idol"],"potions_floor_usage":[],"damage_taken":[{"damage":0,"enemies":"Small Slimes","floor":1,"turns":4},{"damage":0,"enemies":"Jaw Worm","floor":2,"turns":6},{"damage":0,"enemies":"2 Louse","floor":5,"turns":2},{"damage":16,"enemies":"Lagavulin","floor":6,"turns":6},{"damage":8,"enemies":"Gremlin Nob","floor":8,"turns":4},{"damage":11,"enemies":"Lagavulin","floor":10,"turns":5},{"damage":0,"enemies":"Red Slaver","floor":14,"turns":3},{"damage":41,"enemies":"Slime Boss","floor":16,"turns":8}],"seed_played":"6496330404418001738","potions_obtained":[],"is_trial":false,"path_per_floor":["M","M","?","$","M","E","R","E","T","E","?","?","$","M","R","B"],"character_chosen":"THE_SILENT","items_purchased":["Flying Knee","Flying Knee"],"campfire_rested":1,"item_purchase_floors":[4,13],"current_hp_per_floor":[63,63,49,49,49,33,33,25,25,14,14,14,14,14,35,0],"gold":34,"neow_bonus":"BOSS_RELIC","is_prod":false,"is_daily":false,"chose_seed":false,"campfire_upgraded":1,"win_rate":0,"timestamp":1547400316,"path_taken":["M","M","?","$","M","E","R","E","T","E","?","?","$","M","R","BOSS"],"build_version":"2019-01-10","purchased_purges":2,"victory":false,"max_hp_per_floor":[70,70,70,70,70,70,70,70,70,70,70,70,70,70,70,70],"card_choices":[{"not_picked":["Dodge and Roll","Accuracy"],"picked":"Backflip","floor":1},{"not_picked":["Dagger Spray","Choke"],"picked":"Terror","floor":2},{"not_picked":["Deadly Poison","Infinite Blades"],"picked":"PiercingWail","floor":5},{"not_picked":["Bullet Time","Deadly Poison"],"picked":"Dagger Throw","floor":6},{"not_picked":["Terror","Deflect","Prepared"],"picked":"SKIP","floor":8},{"not_picked":["Underhanded Strike","All Out Attack"],"picked":"Burst","floor":10},{"not_picked":["Poisoned Stab","Prepared"],"picked":"Dodge and Roll","floor":14}],"player_experience":248945,"relics_obtained":[{"floor":6,"key":"Bottled Lightning"},{"floor":8,"key":"WingedGreaves"},{"floor":9,"key":"Thread and Needle"},{"floor":10,"key":"Blue Candle"}],"event_choices":[{"damage_healed":0,"gold_gain":0,"player_choice":"Entered Light","damage_taken":14,"max_hp_gain":0,"max_hp_loss":0,"event_name":"Shining Light","floor":3,"gold_loss":0,"cards_upgraded":["Backflip","Strike_G"]},{"damage_healed":0,"gold_gain":0,"player_choice":"Take Wound","damage_taken":0,"relics_obtained":["Golden Idol"],"max_hp_gain":0,"max_hp_loss":0,"event_name":"Golden Idol","floor":11,"gold_loss":0,"cards_obtained":["Injury"]},{"damage_healed":0,"gold_gain":0,"player_choice":"Got Potions","damage_taken":0,"max_hp_gain":0,"max_hp_loss":0,"event_name":"Lab","floor":12,"gold_loss":0}],"is_beta":false,"boss_relics":[],"items_purged_floors":[4,13],"is_endless":false,"potions_floor_spawned":[2,5,10],"killed_by":"Slime Boss","ascension_level":7}