{"gold_per_floor":[110,123,123,139,157,182,182,182,209,18,18,18,18,18,18,18],"floor_reached":16,"playtime":552,"items_purged":[],"score":147,"play_id":"2590b594-9434-4156-beb7-e1c09a6a9ea4","local_time":"20190114201352","is_ascension_mode":true,"campfire_choices":[{"floor":7,"key":"REST"},{"floor":15,"key":"REST"}],"neow_cost":"NONE","seed_source_timestamp":1738581575116840,"circlet_count":0,"master_deck":["AscendersBane","Defend_G","Defend_G","Defend_G","Defend_G","Defend_G","Strike_G","Strike_G","Strike_G","Strike_G","Strike_G","Survivor","Neutralize","Terror","Deflect"],"relics":["Runic Pyramid","GremlinMask","Juzu Bracelet","Boot","ClockworkSouvenir","Golden Idol","Anchor"],"potions_floor_usage":[6,16],"damage_taken":[{"damage":4,"enemies":"2 Louse","floor":1,"turns":4},{"damage":2,"enemies":"Cultist","floor":2,"turns":4},{"damage":1,"enemies":"Jaw Worm","floor":4,"turns":6},{"damage":4,"enemies":"Blue Slaver","floor":5,"turns":5},{"damage":31,"enemies":"3 Sentries","floor":6,"turns":13},{"damage":56,"enemies":"Slime Boss","floor":16,"turns":12}],"seed_played":"7982851436209845169","potions_obtained":[{"floor":1,"key":"Regen Potion"},{"floor":4,"key":"PowerPotion"},{"floor":6,"key":"Strength Potion"}],"is_trial":false,"path_per_floor":["M","M","?","M","M","E","R","?","T","$","?","$","?","?","R","B"],"character_chosen":"THE_SILENT","items_purchased":["ClockworkSouvenir"],"campfire_rested":2,"item_purchase_floors":[10],"current_hp_per_floor":[59,57,57,56,52,21,42,42,42,42,25,25,18,18,39,0],"gold":18,"neow_bonus":"BOSS_RELIC","is_prod":false,"is_daily":false,"chose_seed":false,"campfire_upgraded":0,"win_rate":0,"timestamp":1547496832,"path_taken":["M","M","?","?","M","E","R","?","T","?","?","$","?","?","R","BOSS"],"build_version":"2019-01-10","purchased_purges":0,"victory":false,"max_hp_per_floor":[70,70,70,70,70,70,70,70,70,70,70,70,70,70,70,70],"card_choices":[{"not_picked":["Outmaneuver","Distraction","Tactician"],"picked":"SKIP","floor":1},{"not_picked":["Reflex","Deadly Poison","Outmaneuver"],"picked":"SKIP","floor":2},{"not_picked":["Blade Dance","Bane"],"picked":"Terror","floor":4},{"not_picked":["Finisher","Reflex"],"picked":"Deflect","floor":5},{"not_picked":["Prepared","Catalyst","Tactician"],"picked":"SKIP","floor":6}],"player_experience":303518,"relics_obtained":[{"floor":6,"key":"Juzu Bracelet"},{"floor":9,"key":"Boot"}],"event_choices":[{"damage_healed":0,"gold_gain":0,"player_choice":"Trade","damage_taken":0,"relics_obtained":["GremlinMask"],"max_hp_gain":0,"max_hp_loss":0,"event_name":"FaceTrader","floor":3,"gold_loss":0},{"damage_healed":0,"gold_gain":0,"player_choice":"0 cards matched","damage_taken":0,"max_hp_gain":0,"max_hp_loss":0,"event_name":"Match and Keep!","floor":8,"gold_loss":0,"cards_obtained":[]},{"damage_healed":0,"gold_gain":0,"player_choice":"Take Damage","damage_taken":17,"relics_obtained":["Golden Idol"],"max_hp_gain":0,"max_hp_loss":0,"event_name":"Golden Idol","floor":11,"gold_loss":0},{"damage_healed":0,"gold_gain":0,"player_choice":"Success","damage_taken":7,"relics_obtained":["Anchor"],"max_hp_gain":0,"max_hp_loss":0,"event_name":"Scrap Ooze","floor":13,"gold_loss":0},{"damage_healed":0,"gold_gain":0,"player_choice":"Ignored","damage_taken":0,"max_hp_gain":0,"max_hp_loss":0,"event_name":"Shining Light","floor":14,"gold_loss":0}],"is_beta":false,"boss_relics":[],"items_purged_floors":[],"is_endless":false,"potions_floor_spawned":[1,4,6],"killed_by":"Slime Boss","ascension_level":10}