{"path_per_floor":["M","?","?","M","M","R","M","$","T","?","$","M","E","$","R","B",null,"M","?","M","?","M"],"character_chosen":"IRONCLAD","items_purchased":["Apotheosis","Rampage","Vajra"],"gold_per_floor":[110,285,535,555,573,573,588,513,513,513,0,13,38,38,38,138,138,150,150,164,164,177],"floor_reached":23,"campfire_rested":1,"playtime":845,"current_hp_per_floor":[79,79,79,67,58,58,57,57,57,57,57,40,11,11,35,31,80,69,54,49,49,55],"items_purged":["Doubt","Regret"],"gold":177,"score":229,"play_id":"22944702-4460-4599-a35a-310d31c81557","local_time":"20180318213500","is_prod":false,"is_daily":false,"is_ascension_mode":true,"campfire_upgraded":1,"timestamp":1521430500,"path_taken":["M","?","?","M","M","R","?","?","T","?","$","M","E","?","R","BOSS","M","?","?","?","M","E"],"build_version":"2018-03-16","purchased_purges":2,"victory":false,"master_deck":["Strike_R","Strike_R","Strike_R","Strike_R","Defend_R","Defend_R","Defend_R","Defend_R","Bash","Uppercut","Whirlwind+1","Headbutt","Clothesline","Apotheosis","Rampage","Clash","Double Tap","Dual Wield+1","Clash","Clash"],"max_hp_per_floor":[80,80,80,80,80,80,80,80,80,80,80,80,80,80,80,80,80,80,85,85,85,85],"relics":["Burning Blood","Kunai","Vajra","Art of War","Velvet Choker"],"card_choices":[{"not_picked":["Cleave","Heavy Blade"],"picked":"Uppercut"},{"not_picked":["Power Through","Armaments"],"picked":"Whirlwind"},{"not_picked":["Twin Strike","Body Slam"],"picked":"Headbutt"},{"not_picked":["Heavy Blade","Uppercut"],"picked":"Clash"},{"not_picked":["Inflame","Sword Boomerang"],"picked":"Double Tap"},{"not_picked":["Perfected Strike","Iron Wave"],"picked":"Dual Wield"},{"not_picked":["Pommel Strike","Wild Strike"],"picked":"Clash"}],"player_experience":232008,"potions_floor_usage":[13,22,22],"damage_taken":[{"damage":7,"enemies":"Jaw Worm","floor":1,"turns":3},{"damage":18,"enemies":"Cultist","floor":4,"turns":5},{"damage":15,"enemies":"Small Slimes","floor":5,"turns":4},{"damage":7,"enemies":"3 Louse","floor":7,"turns":2},{"damage":23,"enemies":"Gremlin Gang","floor":12,"turns":3},{"damage":35,"enemies":"Lagavulin","floor":13,"turns":4},{"damage":10,"enemies":"Slime Boss","floor":16,"turns":4},{"damage":17,"enemies":"2 Thieves","floor":18,"turns":3},{"damage":11,"enemies":"Spheric Guardian","floor":20,"turns":3},{"damage":0,"enemies":"3 Cultists","floor":22,"turns":2},{"damage":58,"enemies":"Gremlin Leader","floor":23,"turns":5}],"event_choices":[{"event_name":"Liars Game","player_choice":"agreed","floor":2,"damage_taken":0},{"event_name":"Golden Shrine","player_choice":"Desecrate","floor":3,"damage_taken":0},{"event_name":"Transmorgrifier","player_choice":"Transform","floor":10,"damage_taken":0},{"event_name":"Forgotten Altar","player_choice":"Shed Blood","floor":19,"damage_taken":0},{"event_name":"The Library","player_choice":"Read","floor":21,"damage_taken":0}],"boss_relics":[{"not_picked":["Eternal Feather","Pandora\u0027s Box"],"picked":"Velvet Choker"}],"potions_floor_spawned":[12,13,18],"seed_played":"1642007363701585289","killed_by":"Gremlin Leader","ascension_level":4,"is_trial":false}