{"gold_per_floor":[115,134,134,59,59,59,89,99,99,99,112,112,126,3,3,104,104,121,135,135,145,145,145,145,145,145,162,162,162,173,173,173,273,273,285,295,295,65,77,108,108,128,128,128,128,128,3,13,13,13],"floor_reached":51,"playtime":5077,"items_purged":["Strike_B","Strike_B","Defend_B"],"score":1113,"play_id":"666f6fe3-d2cb-48a6-96a8-53021aa11557","local_time":"20180724020606","is_ascension_mode":true,"campfire_choices":[{"data":"Zap","floor":6,"key":"SMITH"},{"data":"Chaos","floor":10,"key":"SMITH"},{"data":"Dualcast","floor":15,"key":"SMITH"},{"data":"Blizzard","floor":23,"key":"SMITH"},{"data":"Go for the Eyes","floor":25,"key":"SMITH"},{"data":"Chill","floor":29,"key":"SMITH"},{"data":"Bite","floor":32,"key":"SMITH"},{"data":"Consume","floor":41,"key":"SMITH"},{"data":"Bite","floor":44,"key":"SMITH"},{"data":"Cold Snap","floor":46,"key":"SMITH"},{"data":"Rebound","floor":49,"key":"SMITH"}],"neow_cost":"NONE","seed_source_timestamp":1079158365336305,"circlet_count":0,"master_deck":["Defend_B","Defend_B","Defend_B","Zap+1","Dualcast+1","Redo+1","Rebound+1","Reboot","Chaos+1","Genetic Algorithm+1","Go for the Eyes+1","Cold Snap+1","Creative AI+1","Auto Shields","Static Discharge+1","Blizzard+1","Bite+1","Bite+1","Bite","Bite","Bite","Stack+1","Chill+1","Defragment+1","Electrodynamics+1","Consume+1","Storm+1","Capacitor+1","Heatsinks+1"],"relics":["Cracked Core","NeowsBlessing","Ginger","Frozen Egg 2","Inserter","Turnip","Bird Faced Urn","Gremlin Horn","Cursed Key","Emotion Chip","Lantern","Letter Opener"],"potions_floor_usage":[16,18,33,35,35,50,50,50],"damage_taken":[{"damage":0,"enemies":"Cultist","floor":1,"turns":1},{"damage":0,"enemies":"Small Slimes","floor":2,"turns":1},{"damage":0,"enemies":"Lagavulin","floor":7,"turns":1},{"damage":0,"enemies":"2 Louse","floor":8,"turns":2},{"damage":2,"enemies":"2 Fungi Beasts","floor":11,"turns":3},{"damage":0,"enemies":"Exordium Wildlife","floor":13,"turns":2},{"damage":18,"enemies":"The Guardian","floor":16,"turns":14},{"damage":4,"enemies":"Shell Parasite","floor":18,"turns":5},{"damage":3,"enemies":"Spheric Guardian","floor":19,"turns":6},{"damage":18,"enemies":"Snake Plant","floor":21,"turns":3},{"damage":15,"enemies":"Snecko","floor":27,"turns":7},{"damage":16,"enemies":"3 Cultists","floor":30,"turns":4},{"damage":29,"enemies":"Champ","floor":33,"turns":13},{"damage":0,"enemies":"Flame Bruiser 1 Orb","floor":35,"turns":4},{"damage":5,"enemies":"Orb Walker","floor":36,"turns":3},{"damage":21,"floor":37,"turns":8},{"damage":11,"enemies":"Sphere and 2 Shapes","floor":39,"turns":3},{"damage":37,"enemies":"Nemesis","floor":40,"turns":7},{"damage":14,"enemies":"Maw","floor":42,"turns":6},{"damage":7,"enemies":"Flame Bruiser 2 Orb","floor":48,"turns":4},{"damage":18,"enemies":"Awakened One","floor":50,"turns":9}],"seed_played":"2838563163005975431","potions_obtained":[{"floor":1,"key":"AttackPotion"},{"floor":7,"key":"Energy Potion"},{"floor":13,"key":"FearPotion"},{"floor":19,"key":"AttackPotion"},{"floor":30,"key":"Weak Potion"},{"floor":33,"key":"Swift Potion"},{"floor":39,"key":"FocusPotion"},{"floor":40,"key":"Strength Potion"}],"is_trial":false,"path_per_floor":["M","M","?","$","$","R","E","M","T","R","M","?","M","$","R","B",null,"M","M","?","M","?","R","?","R","T","M","?","R","M","T","R","B",null,"M","M","?","$","M","E","R","M","T","R","T","R","$","M","R","B"],"character_chosen":"DEFECT","items_purchased":["Cold Snap","Lantern","Storm+1"],"campfire_rested":0,"item_purchase_floors":[14,38,38],"current_hp_per_floor":[75,75,75,75,75,75,75,75,75,75,73,73,73,73,73,55,70,66,63,63,45,45,45,45,45,45,48,48,48,38,38,38,52,52,52,52,52,52,52,34,34,43,43,43,43,43,43,52,52,52],"gold":13,"neow_bonus":"THREE_ENEMY_KILL","is_prod":false,"is_daily":false,"chose_seed":false,"campfire_upgraded":11,"win_rate":0,"timestamp":1532408766,"path_taken":["M","?","?","?","$","R","E","M","T","R","M","?","M","$","R","BOSS","M","M","?","M","?","R","?","R","T","M","?","R","M","?","R","BOSS","M","?","?","$","?","E","R","M","T","R","?","R","?","?","R","BOSS"],"build_version":"2018-07-19v2","purchased_purges":3,"victory":true,"max_hp_per_floor":[75,75,75,75,75,75,75,75,75,75,75,75,75,75,75,75,75,75,75,75,75,75,75,52,52,52,52,52,52,52,52,52,52,52,52,52,52,52,52,52,52,52,52,52,52,52,52,52,52,52],"card_choices":[{"not_picked":["Consume","Turbo"],"picked":"Redo","floor":1},{"not_picked":["Compile Driver","Steam"],"picked":"Rebound","floor":2},{"not_picked":["Compile Driver","Fusion"],"picked":"Reboot","floor":7},{"not_picked":["Steam","Turbo"],"picked":"Chaos","floor":8},{"not_picked":["Steam","Coolheaded"],"picked":"Genetic Algorithm","floor":11},{"not_picked":["Streamline","Beam Cell"],"picked":"Go for the Eyes","floor":13},{"not_picked":["Machine Learning+1","Buffer+1"],"picked":"Creative AI+1","floor":16},{"not_picked":["Gash","Ball Lightning"],"picked":"Auto Shields","floor":18},{"not_picked":["FTL","Double Energy"],"picked":"Static Discharge+1","floor":19},{"not_picked":["Recycle+1","Hello World+1"],"picked":"Blizzard","floor":21},{"not_picked":["Steam+1","Hologram"],"picked":"Stack+1","floor":27},{"not_picked":["Reprogram","Ball Lightning+1"],"picked":"Defragment+1","floor":30},{"not_picked":["Amplify","Fission"],"picked":"Electrodynamics+1","floor":33},{"not_picked":["Gash+1","Genetic Algorithm","Undo+1"],"picked":"SKIP","floor":35},{"not_picked":["Darkness","Heatsinks+1"],"picked":"Consume","floor":36},{"not_picked":["Rebound+1","Beam Cell+1","Stack"],"picked":"SKIP","floor":39},{"not_picked":["Creative AI+1","Cold Snap+1"],"picked":"Capacitor+1","floor":40},{"not_picked":["Chaos","Sweeping Beam+1","Streamline+1"],"picked":"SKIP","floor":42},{"not_picked":["Sweeping Beam","Streamline+1"],"picked":"Heatsinks+1","floor":48}],"player_experience":306612,"relics_obtained":[{"floor":7,"key":"Ginger"},{"floor":9,"key":"Frozen Egg 2"},{"floor":26,"key":"Bird Faced Urn"},{"floor":31,"key":"Gremlin Horn"},{"floor":37,"key":"Emotion Chip"},{"floor":40,"key":"Letter Opener"}],"event_choices":[{"event_name":"Living Wall","player_choice":"Grow","floor":3,"damage_taken":0},{"event_name":"Upgrade Shrine","player_choice":"Upgraded","floor":12,"damage_taken":0},{"event_name":"The Mausoleum","player_choice":"Yes","floor":20,"damage_taken":0},{"event_name":"Back to Basics","player_choice":"Elegance","floor":22,"damage_taken":0},{"event_name":"Vampires","player_choice":"Became a vampire","floor":24,"damage_taken":0},{"event_name":"The Library","player_choice":"Read","floor":28,"damage_taken":0},{"event_name":"MindBloom","player_choice":"Fight","floor":37,"damage_taken":0}],"is_beta":false,"boss_relics":[{"not_picked":["Black Star","FrozenCore"],"picked":"Inserter"},{"not_picked":["Pandora\u0027s Box","Empty Cage"],"picked":"Cursed Key"}],"items_purged_floors":[4,14,47],"is_endless":false,"potions_floor_spawned":[1,7,13,19,30,33,39,40,42],"ascension_level":5}