{"gold_per_floor":[109,127,145,163,113,113,147,165,188,206,206],"floor_reached":11,"playtime":556,"items_purged":[],"score":100,"play_id":"5c29399b-8335-45ee-aad1-cd28f32c7abf","local_time":"20190420170806","is_ascension_mode":true,"campfire_choices":[],"neow_cost":"NONE","seed_source_timestamp":800481967360412,"circlet_count":0,"master_deck":["Strike_R","Strike_R","Strike_R","Strike_R","Defend_R","Defend_R","Defend_R","Defend_R","Bash+1","Feel No Pain","Headbutt","Shockwave","Shrug It Off","Spot Weakness"],"relics":["Burning Blood","Ornamental Fan","PreservedInsect"],"potions_floor_usage":[4],"damage_taken":[{"damage":13,"enemies":"Jaw Worm","floor":1,"turns":4},{"damage":7,"enemies":"Small Slimes","floor":2,"turns":4},{"damage":9,"enemies":"2 Louse","floor":3,"turns":2},{"damage":6,"enemies":"Large Slime","floor":4,"turns":8},{"damage":24,"enemies":"Gremlin Nob","floor":7,"turns":5},{"damage":9,"enemies":"3 Louse","floor":8,"turns":5},{"damage":35,"enemies":"Gremlin Gang","floor":10,"turns":5},{"damage":17,"enemies":"Lagavulin","floor":11,"turns":5}],"seed_played":"6387474397991784358","potions_obtained":[{"floor":1,"key":"FearPotion"},{"floor":2,"key":"SkillPotion"},{"floor":3,"key":"Fruit Juice"},{"floor":10,"key":"Explosive Potion"}],"is_trial":false,"path_per_floor":["M","M","M","M","?","?","E","M","T","M","E"],"character_chosen":"IRONCLAD","items_purchased":[],"campfire_rested":0,"item_purchase_floors":[],"current_hp_per_floor":[65,64,61,61,61,66,48,45,45,16,0],"gold":206,"neow_bonus":"UPGRADE_CARD","is_prod":false,"is_daily":false,"chose_seed":false,"campfire_upgraded":0,"win_rate":0,"timestamp":1555798086,"path_taken":["M","M","M","M","?","?","E","M","T","M","E"],"build_version":"2019-01-23","purchased_purges":0,"victory":false,"max_hp_per_floor":[80,80,80,80,80,85,85,85,85,85,85],"card_choices":[{"not_picked":["Clash","Sentinel"],"picked":"Feel No Pain","floor":1},{"not_picked":["Hemokinesis","Fire Breathing"],"picked":"Headbutt","floor":2},{"not_picked":["Clash","Metallicize"],"picked":"Shockwave","floor":3},{"not_picked":["Shockwave","Body Slam","Flex"],"picked":"SKIP","floor":4},{"not_picked":["Burning Pact","Clothesline","Heavy Blade"],"picked":"SKIP","floor":7},{"not_picked":["Rupture","True Grit"],"picked":"Shrug It Off","floor":8},{"not_picked":["Armaments","Berserk"],"picked":"Spot Weakness","floor":10}],"player_experience":638041,"relics_obtained":[{"floor":7,"key":"Ornamental Fan"},{"floor":9,"key":"PreservedInsect"}],"event_choices":[{"cards_removed":["Strike_R"],"damage_healed":0,"gold_gain":0,"player_choice":"Card Removal","damage_taken":0,"max_hp_gain":0,"max_hp_loss":0,"event_name":"The Cleric","floor":5,"gold_loss":50},{"damage_healed":0,"gold_gain":0,"player_choice":"Donut","damage_taken":0,"max_hp_gain":5,"max_hp_loss":0,"event_name":"Big Fish","floor":6,"gold_loss":0}],"is_beta":false,"boss_relics":[],"items_purged_floors":[],"is_endless":false,"potions_floor_spawned":[1,2,3,10],"killed_by":"Lagavulin","ascension_level":6}