{"path_per_floor":["M","$","?","M","$","E","R","M","T","R","M","T","R","M","R","B",null,"M","?","M","M","$","?","M","R","T","R","T","R","M","M","R","B",null,"M","$","M","?","$","R","M","?","T","E","R","?","R","M","R","B"],"character_chosen":"IRONCLAD","items_purchased":["Spot Weakness","Shuriken","Mummified Hand"],"gold_per_floor":[112,44,44,59,59,91,91,108,186,186,204,204,204,220,220,325,325,344,344,357,377,40,40,54,54,78,78,130,130,141,155,155,255,255,265,24,34,0,0,0,12,12,39,70,70,70,70,84,84,84],"floor_reached":51,"campfire_rested":4,"playtime":2958,"current_hp_per_floor":[68,68,65,71,71,52,52,54,54,54,47,47,47,48,72,80,80,70,70,74,49,49,49,37,61,61,61,61,61,41,43,67,80,80,80,80,80,80,80,80,80,70,70,57,57,57,57,42,66,56],"items_purged":["Strike_R"],"gold":84,"play_id":"d5b4c261-91b3-4704-a676-885bff4dd289","is_prod":false,"is_daily":false,"is_ascension_mode":false,"campfire_upgraded":8,"path_taken":["M","$","?","?","$","E","R","M","T","R","M","?","R","?","R","BOSS","M","?","?","M","$","?","M","R","T","R","?","R","M","M","R","BOSS","M","$","M","?","$","R","?","?","T","E","R","?","R","M","R","BOSS"],"build_version":"2018-01-25-BETA1","purchased_purges":2,"victory":true,"master_deck":["Strike_R","Strike_R","Strike_R","Defend_R","Defend_R","Defend_R","Defend_R","Bash+1","Dual Wield+1","Spot Weakness+1","Metallicize+1","Pommel Strike+1","Entrench+1","Pommel Strike+1","Double Tap+1","Iron Wave+1","Shrug It Off+1","Dual Wield+1","Inflame+1","Demon Form+1","Whirlwind+1","Spot Weakness+1","Madness","Madness","Injury","Infernal Blade+1"],"max_hp_per_floor":[80,80,80,80,80,80,80,80,80,80,80,80,80,80,80,80,80,80,80,80,80,80,80,80,80,80,80,80,80,80,80,80,80,80,80,80,80,80,80,80,80,80,80,80,80,80,80,80,80,80],"relics":["Burning Blood","Art of War","Bag of Preparation","Pantograph","Centennial Puzzle","Calipers","Sozu","Shuriken","Toxic Egg","Anchor","Cursed Key","Mummified Hand","Red Mask","Whetstone","Oddly Smooth Stone"],"card_choices":[{"not_picked":["Headbutt","Sever Soul"],"picked":"Dual Wield"},{"not_picked":["Twin Strike","Thunderclap"],"picked":"Metallicize"},{"not_picked":["Entrench","Rage"],"picked":"Pommel Strike"},{"not_picked":["Disarm","Warcry"],"picked":"Entrench"},{"not_picked":["Bloodletting","Burning Pact"],"picked":"Pommel Strike"},{"not_picked":["Berserk","Feed"],"picked":"Double Tap"},{"not_picked":["Burning Pact","Blood for Blood"],"picked":"Iron Wave"},{"not_picked":["Combust","Shockwave"],"picked":"Shrug It Off"},{"not_picked":["Cleave","Sentinel"],"picked":"Dual Wield"},{"not_picked":["Anger","Clash"],"picked":"Inflame"},{"not_picked":["Juggernaut","Double Tap"],"picked":"Demon Form"},{"not_picked":["Burning Pact","True Grit"],"picked":"Whirlwind"},{"not_picked":["Hemokinesis","Anger"],"picked":"Spot Weakness"},{"not_picked":["Armaments","Headbutt"],"picked":"Infernal Blade"}],"player_experience":98360,"potions_floor_usage":[6,14,16],"damage_taken":[{"damage":18,"enemies":"Blue Slaver","floor":1,"turns":7},{"damage":0,"enemies":"2 Louse","floor":4,"turns":2},{"damage":25,"enemies":"3 Sentries","floor":6,"turns":9},{"damage":4,"enemies":"Cultist","floor":8,"turns":5},{"damage":13,"enemies":"Gremlin Gang","floor":11,"turns":4},{"damage":5,"enemies":"Exordium Thugs","floor":14,"turns":6},{"damage":4,"enemies":"The Guardian","floor":16,"turns":13},{"damage":16,"enemies":"3 Byrds","floor":18,"turns":6},{"damage":2,"enemies":"Shell Parasite","floor":20,"turns":6},{"damage":31,"enemies":"Sentry and Sphere","floor":21,"turns":7},{"damage":18,"enemies":"Slaver and Parasite","floor":24,"turns":8},{"damage":26,"enemies":"Chosen and Byrds","floor":30,"turns":11},{"damage":4,"enemies":"Centurion and Healer","floor":31,"turns":9},{"damage":0,"enemies":"Champ","floor":33,"turns":18},{"damage":3,"enemies":"Orb Walker","floor":35,"turns":3},{"damage":0,"enemies":"3 Shapes","floor":37,"turns":3},{"damage":0,"enemies":"3 Darklings","floor":41,"turns":2},{"damage":19,"enemies":"Giant Head","floor":44,"turns":6},{"damage":21,"enemies":"Flame Bruiser 2 Orb","floor":48,"turns":4},{"damage":30,"enemies":"Awakened One","floor":50,"turns":7}],"event_choices":[{"event_name":"Scrap Ooze","player_choice":"success","floor":3,"damage_taken":3},{"event_name":"The Lab","player_choice":"Got Potions","floor":19,"damage_taken":0},{"event_name":"Drug Dealer","player_choice":"Ignored","floor":23,"damage_taken":0},{"event_name":"Tomb of Lord Red Mask","player_choice":"Paid","floor":38,"damage_taken":0},{"event_name":"Winding Halls","player_choice":"Embrace Madness","floor":42,"damage_taken":0}],"boss_relics":[{"not_picked":["Lizard Tail","Runic Cube"],"picked":"Sozu"},{"not_picked":["Tiny House","Question Card"],"picked":"Cursed Key"}],"potions_floor_spawned":[4,6,11,14,20,24,30,31,35,37,48],"seed_played":"3056028665753327049","ascension_level":0,"is_trial":false}