{"path_per_floor":["M","?","M","?","M","R"],"character_chosen":"IRONCLAD","items_purchased":[],"gold_per_floor":[116,116,135,135,150,150,150],"floor_reached":7,"campfire_rested":0,"playtime":528,"item_purchase_floors":[],"current_hp_per_floor":[80,60,62,55,60,60,59],"items_purged":[],"gold":150,"score":41,"play_id":"7eeebaa6-7746-416a-b29b-e929f268a6b0","local_time":"20180625223713","daily_mods":["Draft"],"is_prod":false,"is_daily":false,"chose_seed":true,"is_ascension_mode":false,"campfire_upgraded":1,"win_rate":0,"timestamp":1529987833,"campfire_choices":[{"data":"Corruption","floor":6,"key":"SMITH"}],"path_taken":["M","?","M","?","M","R","E"],"build_version":"2018-06-21","seed_source_timestamp":83937428483514,"purchased_purges":0,"circlet_count":0,"victory":false,"master_deck":["Thunderclap","Inflame","Pommel Strike","True Grit","Twin Strike","Cleave","Disarm","Flex","Pommel Strike","Feel No Pain","Headbutt","True Grit","Flex","Flex","Iron Wave","Corruption+1"],"max_hp_per_floor":[80,80,80,80,80,80,80],"special_seed":20635678,"relics":["Burning Blood","Golden Idol","Frozen Egg 2"],"card_choices":[{"not_picked":["Perfected Strike","Sever Soul"],"picked":"Thunderclap","floor":0},{"not_picked":["Blood for Blood","Thunderclap"],"picked":"Inflame","floor":0},{"not_picked":["Heavy Blade","Flex"],"picked":"Pommel Strike","floor":0},{"not_picked":["Heavy Blade","Anger"],"picked":"True Grit","floor":0},{"not_picked":["Corruption","Clash"],"picked":"Twin Strike","floor":0},{"not_picked":["Wild Strike","Anger"],"picked":"Cleave","floor":0},{"not_picked":["Clash","Body Slam"],"picked":"Disarm","floor":0},{"not_picked":["Rupture","Warcry"],"picked":"Flex","floor":0},{"not_picked":["Warcry","Sword Boomerang"],"picked":"Pommel Strike","floor":0},{"not_picked":["Bloodletting","Anger"],"picked":"Feel No Pain","floor":0},{"not_picked":["Wild Strike","Anger"],"picked":"Headbutt","floor":0},{"not_picked":["Pommel Strike","Metallicize"],"picked":"True Grit","floor":0},{"not_picked":["Thunderclap","Armaments"],"picked":"Flex","floor":0},{"not_picked":["Entrench","Combust"],"picked":"Flex","floor":0},{"not_picked":["Burning Pact","Dual Wield"],"picked":"Iron Wave","floor":0},{"not_picked":["Evolve","Bloodletting","Sever Soul"],"picked":"SKIP","floor":1},{"not_picked":["Infernal Blade","Thunderclap"],"picked":"Corruption","floor":3},{"not_picked":["Clothesline","Body Slam","Twin Strike"],"picked":"SKIP","floor":5}],"player_experience":394266,"potions_floor_usage":[7],"damage_taken":[{"damage":4,"enemies":"Jaw Worm","floor":1,"turns":2},{"damage":4,"enemies":"2 Louse","floor":3,"turns":2},{"damage":1,"enemies":"Cultist","floor":5,"turns":4},{"damage":1,"enemies":"3 Sentries","floor":7,"turns":2}],"relics_obtained":[],"event_choices":[{"event_name":"Golden Idol","player_choice":"Take Damage","floor":2,"damage_taken":0},{"event_name":"Scrap Ooze","player_choice":"success","floor":4,"damage_taken":7}],"boss_relics":[],"items_purged_floors":[],"is_endless":true,"potions_floor_spawned":[3],"seed_played":"-1136412376967058518","killed_by":"3 Sentries","ascension_level":0,"potions_obtained":[{"floor":3,"key":"AttackPotion"}],"is_trial":true}