{"gold_per_floor":[114,289,289,289,304,334,334,349,349,349,379,409,424,439,439,539,539,554,569,584,58,73,73,73,73,123,81,111,126,156,186,186,286,286,301,301,316,116,116,61,91,91,141,171,186,20,50,65,65,65],"floor_reached":51,"playtime":2798,"items_purged":["Doubt"],"score":913,"play_id":"272bc70c-55b0-4772-bc86-4a5815a3f784","local_time":"20190425134526","daily_mods":["Shiny","Green Cards","DeadlyEvents"],"is_ascension_mode":false,"campfire_choices":[{"data":"Seek","floor":7,"key":"SMITH"},{"data":"Meteor Strike","floor":10,"key":"SMITH"},{"data":"After Image","floor":15,"key":"SMITH"},{"floor":23,"key":"REST"},{"floor":25,"key":"REST"},{"floor":32,"key":"REST"},{"floor":42,"key":"REST"},{"floor":49,"key":"REST"}],"neow_cost":"","seed_source_timestamp":0,"circlet_count":0,"master_deck":["Venomology","Malaise","Phantasmal Killer","Die Die Die","Adrenaline+1","Envenom","Doppelganger","Burst","Wraith Form v2","Tools of the Trade","Night Terror","Unload","After Image+1","Bullet Time","Storm of Steel","Glass Knife","A Thousand Cuts","Hyperbeam","Thunder Strike","Biased Cognition","Machine Learning","Electrodynamics","Buffer","Rainbow","Seek+1","Meteor Strike+1","Echo Form","All For One","Reboot","Amplify","Creative AI","Core Surge","FTL","Self Repair","Core Surge","Endless Agony","Gash","Riddle With Holes","Gash","Gash","Terror","Cloak And Dagger","Beam Cell","Backflip+1","Hologram","Conserve Battery+1","Noxious Fumes+1","All For One","Poisoned Stab+1","White Noise+1","Chill+1","Beam Cell+1","Glacier","FTL+1","Apotheosis","Steam Power","Aggregate"],"special_seed":18011,"relics":["Cracked Core","Orichalcum","The Courier","Bottled Lightning","Omamori","Vajra","Cables","Fusion Hammer","Torii","Bronze Scales","Art of War","DataDisk","Calipers","Emotion Chip","Astrolabe","Pear","Blood Vial","PreservedInsect","Bag of Preparation","Question Card"],"potions_floor_usage":[28,30,30,31,33,44,47,50,50],"damage_taken":[{"damage":9,"enemies":"Jaw Worm","floor":1,"turns":2},{"damage":0,"enemies":"Small Slimes","floor":5,"turns":2},{"damage":14,"enemies":"Lagavulin","floor":6,"turns":7},{"damage":0,"enemies":"Cultist","floor":8,"turns":3},{"damage":0,"enemies":"3 Sentries","floor":11,"turns":2},{"damage":7,"enemies":"Gremlin Nob","floor":12,"turns":3},{"damage":0,"enemies":"Red Slaver","floor":13,"turns":2},{"damage":0,"enemies":"Lots of Slimes","floor":14,"turns":2},{"damage":16,"enemies":"Hexaghost","floor":16,"turns":8},{"damage":5,"enemies":"Chosen","floor":18,"turns":3},{"damage":3,"enemies":"3 Byrds","floor":19,"turns":5},{"damage":13,"enemies":"Shelled Parasite and Fungi","floor":20,"turns":4},{"damage":4,"enemies":"Cultist and Chosen","floor":22,"turns":5},{"damage":1,"enemies":"Book of Stabbing","floor":28,"turns":4},{"damage":0,"enemies":"Snake Plant","floor":29,"turns":2},{"damage":14,"enemies":"Slavers","floor":30,"turns":3},{"damage":7,"enemies":"Book of Stabbing","floor":31,"turns":3},{"damage":8,"enemies":"Collector","floor":33,"turns":8},{"damage":0,"enemies":"3 Shapes","floor":35,"turns":4},{"damage":1,"enemies":"Orb Walker","floor":37,"turns":2},{"damage":11,"enemies":"Reptomancer","floor":41,"turns":4},{"damage":6,"enemies":"Nemesis","floor":44,"turns":4},{"damage":0,"enemies":"Sphere and 2 Shapes","floor":45,"turns":3},{"damage":0,"enemies":"Reptomancer","floor":47,"turns":2},{"damage":17,"enemies":"Writhing Mass","floor":48,"turns":3},{"damage":36,"enemies":"Donu and Deca","floor":50,"turns":7}],"seed_played":"189634073739240432","potions_obtained":[{"floor":6,"key":"FocusPotion"},{"floor":8,"key":"FocusPotion"},{"floor":12,"key":"Energy Potion"},{"floor":30,"key":"AttackPotion"},{"floor":31,"key":"Strength Potion"},{"floor":37,"key":"Regen Potion"},{"floor":45,"key":"FocusPotion"}],"is_trial":false,"path_per_floor":["M","?","?","T","M","E","R","M","T","R","E","E","M","M","R","B",null,"M","M","M","$","M","R","?","R","T","$","E","M","E","E","R","B",null,"M","?","M","$","?","$","E","R","T","E","M","$","E","M","R","B",null],"character_chosen":"DEFECT","items_purchased":["Terror","Cloak And Dagger","Beam Cell","Torii","Bronze Scales","Hologram","Pear","Glacier","Apotheosis","Steam Power"],"campfire_rested":5,"item_purchase_floors":[21,21,21,21,21,27,38,40,46,46],"current_hp_per_floor":[66,66,59,59,59,45,45,45,45,45,45,38,38,38,38,29,75,75,72,59,59,55,75,85,85,85,85,84,84,70,63,85,77,85,85,85,84,94,90,90,79,90,90,84,90,90,90,73,90,73],"gold":65,"neow_bonus":"","is_prod":false,"is_daily":true,"chose_seed":false,"campfire_upgraded":3,"win_rate":0,"timestamp":1556221526,"path_taken":["M","?","?","?","?","E","R","M","T","R","E","?","M","M","R","BOSS","M","?","M","$","M","R","?","R","T","$","E","M","E","?","R","BOSS","M","?","?","$","?","?","E","R","T","E","M","$","E","M","R","BOSS"],"build_version":"2019-04-23","purchased_purges":1,"victory":true,"max_hp_per_floor":[75,75,75,75,75,75,75,75,75,75,75,75,75,75,75,75,75,75,75,75,75,75,75,85,85,85,85,85,85,85,85,85,85,85,85,85,85,95,90,90,90,90,90,90,90,90,90,90,90,90],"card_choices":[{"not_picked":["Outmaneuver","Undo","Dagger Spray"],"picked":"SKIP","floor":1},{"not_picked":["Melter","Gash"],"picked":"FTL","floor":5},{"not_picked":["Heel Hook","Steam","Coolheaded"],"picked":"SKIP","floor":6},{"not_picked":["Concentrate","Blizzard"],"picked":"Self Repair","floor":8},{"not_picked":["Go for the Eyes","Quick Slash"],"picked":"Core Surge","floor":11},{"not_picked":["Deflect","Masterful Stab"],"picked":"Endless Agony","floor":12},{"not_picked":["Defragment","Skim","Rebound"],"picked":"SKIP","floor":13},{"not_picked":["Heatsinks","Accuracy","Gash"],"picked":"SKIP","floor":14},{"not_picked":["Heatsinks","Accuracy"],"picked":"Gash","floor":14},{"not_picked":["Reprogram+1","Leap"],"picked":"Riddle With Holes","floor":18},{"not_picked":["Dagger Spray","Bane+1"],"picked":"Gash","floor":19},{"not_picked":["Calculated Gamble+1","PiercingWail"],"picked":"Gash","floor":20},{"not_picked":["Loop","Sunder"],"picked":"Backflip+1","floor":22},{"not_picked":["Calculated Gamble","Wraith Form v2","Well Laid Plans"],"picked":"SKIP","floor":28},{"not_picked":["Defragment","Deadly Poison"],"picked":"Conserve Battery+1","floor":29},{"not_picked":["Flying Knee","Dagger Spray"],"picked":"Noxious Fumes+1","floor":30},{"not_picked":["Conserve Battery","Bane+1","Loop"],"picked":"SKIP","floor":31},{"not_picked":["Machine Learning","Envenom"],"picked":"All For One","floor":33},{"not_picked":["Doom and Gloom+1","Bane+1"],"picked":"Beam Cell+1","floor":35},{"not_picked":["Compile Driver+1","Deflect","Acrobatics"],"picked":"SKIP","floor":37},{"not_picked":["Noxious Fumes","Steam","Leap"],"picked":"SKIP","floor":41},{"not_picked":["Dagger Throw+1","Footwork"],"picked":"FTL+1","floor":44},{"not_picked":["Rip and Tear","Redo","Concentrate+1"],"picked":"SKIP","floor":45},{"not_picked":["Acrobatics","Prepared+1"],"picked":"Aggregate","floor":47},{"not_picked":["Defragment+1","Compile Driver+1","Barrage","FTL"],"picked":"SKIP","floor":48}],"player_experience":520591,"relics_obtained":[{"floor":4,"key":"The Courier"},{"floor":6,"key":"Bottled Lightning"},{"floor":9,"key":"Omamori"},{"floor":11,"key":"Vajra"},{"floor":12,"key":"Cables"},{"floor":26,"key":"Art of War"},{"floor":28,"key":"DataDisk"},{"floor":30,"key":"Calipers"},{"floor":31,"key":"Emotion Chip"},{"floor":41,"key":"Blood Vial"},{"floor":43,"key":"PreservedInsect"},{"floor":44,"key":"Bag of Preparation"},{"floor":47,"key":"Question Card"}],"event_choices":[{"damage_healed":0,"gold_gain":175,"player_choice":"AGREE","damage_taken":0,"max_hp_gain":0,"max_hp_loss":0,"event_name":"Liars Game","floor":2,"gold_loss":0,"cards_obtained":["Doubt"]},{"damage_healed":0,"gold_gain":0,"player_choice":"Success","damage_taken":7,"relics_obtained":["Orichalcum"],"max_hp_gain":0,"max_hp_loss":0,"event_name":"Scrap Ooze","floor":3,"gold_loss":0},{"cards_removed":["Corpse Explosion"],"damage_healed":0,"gold_gain":0,"player_choice":"Offered Rare","damage_taken":0,"max_hp_gain":10,"max_hp_loss":0,"event_name":"Bonfire Elementals","floor":24,"gold_loss":0},{"damage_healed":0,"gold_gain":0,"player_choice":"Forge","damage_taken":0,"max_hp_gain":0,"max_hp_loss":0,"event_name":"Accursed Blacksmith","floor":36,"gold_loss":0,"cards_upgraded":["Adrenaline"]},{"damage_healed":0,"gold_gain":0,"player_choice":"Max HP","damage_taken":0,"max_hp_gain":0,"max_hp_loss":5,"event_name":"Winding Halls","floor":39,"gold_loss":0}],"is_beta":true,"boss_relics":[{"not_picked":["Philosopher\u0027s Stone","Coffee Dripper"],"picked":"Fusion Hammer"},{"not_picked":["FrozenCore","Orrery"],"picked":"Astrolabe"}],"items_purged_floors":[21],"is_endless":false,"potions_floor_spawned":[6,8,12,14,16,18,22,30,31,37,45],"ascension_level":0}