{"path_per_floor":["M","?","?","M","?","E","R","M","T","E","$","M","R","E","R","B",null,"M","?","M","?","?","R","E","?","T","R","T","$","R","M","R","B",null,"M","T","$","?","?","R","E","T","T","R","?","$","?","M","R","B"],"character_chosen":"IRONCLAD","items_purchased":["Tiny Chest","Shuriken","Inflame","Dropkick+1"],"gold_per_floor":[115,115,215,227,285,316,316,326,349,378,12,29,29,62,62,139,139,150,65,79,2,2,2,37,37,37,37,112,37,37,57,57,133,163,180,180,80,80,80,80,107,130,203,203,203,50,50,63,63,63],"floor_reached":51,"campfire_rested":4,"playtime":2025,"item_purchase_floors":[11,11,46,46],"current_hp_per_floor":[74,74,74,75,75,75,75,75,75,66,66,67,67,55,55,30,64,61,61,51,51,51,51,31,15,15,39,39,39,63,63,85,57,83,85,85,85,85,73,73,65,65,65,65,55,55,55,64,94,46],"items_purged":["Strike_R","Strike_R"],"gold":63,"score":1253,"play_id":"9a529261-ff39-4f3c-b8c7-8c72060d93be","local_time":"20180530231001","is_prod":false,"is_daily":false,"chose_seed":false,"is_ascension_mode":true,"campfire_upgraded":6,"win_rate":0,"timestamp":1527718201,"campfire_choices":[{"data":"Bloodletting","floor":7,"key":"SMITH"},{"data":"Battle Trance","floor":13,"key":"SMITH"},{"data":"Uppercut","floor":15,"key":"SMITH"},{"data":"Blood for Blood","floor":23,"key":"SMITH"},{"floor":27,"key":"REST"},{"floor":30,"key":"REST"},{"floor":32,"key":"REST"},{"data":"Hemokinesis","floor":40,"key":"SMITH"},{"data":"J.A.X.","floor":44,"key":"SMITH"},{"floor":49,"key":"REST"}],"path_taken":["M","?","?","?","?","E","R","?","T","E","$","M","R","E","R","BOSS","M","?","M","?","?","R","E","?","T","R","?","$","R","M","R","BOSS","M","?","$","?","?","R","E","?","T","R","?","?","?","M","R","BOSS"],"build_version":"2018-05-24","seed_source_timestamp":649033853088007,"purchased_purges":2,"victory":true,"master_deck":["Strike_R","Strike_R","Defend_R","Defend_R","Defend_R","Bash","AscendersBane","Battle Trance+1","Uppercut+1","Bloodletting+1","Sever Soul+1","Seeing Red","Thunderclap","Offering","Blood for Blood+1","J.A.X.+1","Hemokinesis+1","Feed","Feed","Madness","Madness","Panache","Finesse","Panache","Inflame","Dropkick+1","Blood for Blood+1"],"max_hp_per_floor":[75,75,75,75,75,75,75,75,75,75,75,75,75,75,75,75,75,75,75,75,75,75,75,82,82,82,82,82,82,82,85,85,85,90,93,93,93,93,93,93,96,96,96,96,96,96,96,102,102,105],"relics":["Burning Blood","NeowsBlessing","Bag of Marbles","Orichalcum","Boot","Tiny Chest","Shuriken","Juzu Bracelet","Runic Cube","Question Card","Strawberry","Enchiridion","Sundial","Meat on the Bone","Tiny House","Molten Egg 2","Blood Vial","Lantern","Mummified Hand"],"card_choices":[{"not_picked":["Perfected Strike","Pommel Strike"],"picked":"Battle Trance","floor":1},{"not_picked":["Rampage","Perfected Strike"],"picked":"Uppercut","floor":4},{"not_picked":["True Grit","Warcry"],"picked":"Bloodletting","floor":6},{"not_picked":["Burning Pact","Blood for Blood"],"picked":"Sever Soul","floor":8},{"not_picked":["Iron Wave","Armaments"],"picked":"Seeing Red","floor":10},{"not_picked":["Twin Strike","Clothesline","Rage"],"picked":"SKIP","floor":12},{"not_picked":["Body Slam","Shockwave"],"picked":"Thunderclap","floor":14},{"not_picked":["Double Tap","Demon Form"],"picked":"Offering","floor":16},{"not_picked":["Wild Strike","Shockwave","Perfected Strike"],"picked":"SKIP","floor":18},{"not_picked":["Havoc","Armaments","Clash"],"picked":"Blood for Blood","floor":20},{"not_picked":["Shrug It Off","Twin Strike","Dual Wield"],"picked":"Feed","floor":24},{"not_picked":["Ghostly Armor","Wild Strike","Body Slam+1","Sword Boomerang"],"picked":"SKIP","floor":31},{"not_picked":["Berserk","Demon Form","Barricade"],"picked":"Feed","floor":33},{"not_picked":["True Grit","Searing Blow","Wild Strike","Warcry"],"picked":"SKIP","floor":35},{"not_picked":["Anger+1","Pommel Strike+1","Sword Boomerang+1","Evolve+1"],"picked":"SKIP","floor":41},{"not_picked":["Enlightenment","Thinking Ahead","Finesse"],"picked":"Panache","floor":45},{"not_picked":["Blind","Enlightenment","Bandage Up"],"picked":"Finesse","floor":45},{"not_picked":["Mind Blast","Finesse","Secret Technique"],"picked":"Panache","floor":45},{"not_picked":["Clash+1","Flex","Shrug It Off"],"picked":"Blood for Blood+1","floor":48}],"player_experience":256926,"potions_floor_usage":[16,16,41,41,50,50],"damage_taken":[{"damage":0,"enemies":"2 Louse","floor":1,"turns":1},{"damage":0,"enemies":"Cultist","floor":4,"turns":1},{"damage":0,"enemies":"Gremlin Nob","floor":6,"turns":1},{"damage":0,"enemies":"Small Slimes","floor":8,"turns":3},{"damage":15,"enemies":"3 Sentries","floor":10,"turns":8},{"damage":5,"enemies":"Looter","floor":12,"turns":2},{"damage":18,"enemies":"Lagavulin","floor":14,"turns":7},{"damage":31,"enemies":"Slime Boss","floor":16,"turns":10},{"damage":9,"enemies":"Spheric Guardian","floor":18,"turns":3},{"damage":16,"enemies":"Shell Parasite","floor":20,"turns":3},{"damage":33,"enemies":"Gremlin Leader","floor":24,"turns":3},{"damage":9,"enemies":"3 Cultists","floor":31,"turns":2},{"damage":34,"enemies":"Champ","floor":33,"turns":4},{"damage":7,"enemies":"Orb Walker","floor":35,"turns":1},{"damage":17,"enemies":"2 Orb Walkers","floor":41,"turns":2},{"damage":17,"enemies":"3 Shapes","floor":48,"turns":2},{"damage":71,"enemies":"Time Eater","floor":50,"turns":4}],"relics_obtained":[{"floor":6,"key":"Bag of Marbles"},{"floor":9,"key":"Orichalcum"},{"floor":10,"key":"Boot"},{"floor":14,"key":"Juzu Bracelet"},{"floor":24,"key":"Strawberry"},{"floor":25,"key":"Enchiridion"},{"floor":26,"key":"Sundial"},{"floor":28,"key":"Meat on the Bone"},{"floor":36,"key":"Molten Egg 2"},{"floor":41,"key":"Blood Vial"},{"floor":42,"key":"Lantern"},{"floor":43,"key":"Mummified Hand"}],"event_choices":[{"event_name":"Living Wall","player_choice":"Forget","floor":2,"damage_taken":0},{"event_name":"Golden Shrine","player_choice":"Pray","floor":3,"damage_taken":0},{"event_name":"Golden Wing","player_choice":"Gained Gold","floor":5,"damage_taken":0},{"event_name":"Addict","player_choice":"Obtained Relic","floor":19,"damage_taken":0},{"event_name":"Drug Dealer","player_choice":"Got JAXXED","floor":21,"damage_taken":0},{"event_name":"The Library","player_choice":"Read","floor":22,"damage_taken":0},{"event_name":"Cursed Tome","player_choice":"Obtained Book","floor":25,"damage_taken":0},{"event_name":"Winding Halls","player_choice":"Embrace Madness","floor":39,"damage_taken":0},{"event_name":"SensoryStone","player_choice":"Memory 3","floor":45,"damage_taken":0},{"event_name":"Mysterious Sphere","player_choice":"Ignore","floor":47,"damage_taken":0}],"boss_relics":[{"not_picked":["Calling Bell","Astrolabe"],"picked":"Runic Cube"},{"not_picked":["Orrery","Pandora\u0027s Box"],"picked":"Tiny House"}],"items_purged_floors":[29,37],"potions_floor_spawned":[8,10,14,16,20,31,35,48],"seed_played":"147664942715211993","ascension_level":14,"potions_obtained":[{"floor":8,"key":"Poison Potion"},{"floor":10,"key":"Strength Potion"},{"floor":14,"key":"Energy Potion"},{"floor":16,"key":"Ancient Potion"},{"floor":20,"key":"Fire Potion"},{"floor":31,"key":"Fire Potion"},{"floor":48,"key":"PowerPotion"}],"is_trial":false}