{"gold_per_floor":[110,110,129,279,295,295,313,313,339,171,191,191,202,38,38,38],"floor_reached":16,"playtime":457,"items_purged":[],"score":175,"play_id":"75192254-0bd4-4c20-bc79-d765600fcacd","local_time":"20190424125821","is_ascension_mode":true,"campfire_choices":[{"data":"Cloak And Dagger","floor":6,"key":"SMITH"},{"data":"Sucker Punch","floor":8,"key":"SMITH"},{"floor":15,"key":"REST"}],"neow_cost":"NONE","seed_source_timestamp":3197373125836664,"circlet_count":0,"master_deck":["AscendersBane","Defend_G","Defend_G","Defend_G","Defend_G","Defend_G","Strike_G","Strike_G","Strike_G","Strike_G+1","Strike_G","Survivor","Neutralize+1","Quick Slash","Doubt","Sucker Punch+1","Escape Plan","Backflip"],"relics":["Ring of the Snake","NeowsBlessing","Art of War","Whetstone","Smiling Mask","Dream Catcher"],"potions_floor_usage":[7,11,16],"damage_taken":[{"damage":0,"enemies":"Jaw Worm","floor":1,"turns":1},{"damage":0,"enemies":"Small Slimes","floor":3,"turns":1},{"damage":0,"enemies":"Cultist","floor":5,"turns":1},{"damage":0,"enemies":"Gremlin Gang","floor":7,"turns":2},{"damage":12,"enemies":"Large Slime","floor":11,"turns":11},{"damage":0,"enemies":"Blue Slaver","floor":13,"turns":6},{"damage":72,"enemies":"Slime Boss","floor":16,"turns":12}],"seed_played":"-1436453141511068821","potions_obtained":[{"floor":3,"key":"SkillPotion"},{"floor":5,"key":"Explosive Potion"},{"floor":13,"key":"SpeedPotion"}],"is_trial":false,"path_per_floor":["M","?","M","?","M","R","M","R","T","$","M","?","M","$","R","B"],"character_chosen":"THE_SILENT","items_purchased":["Whetstone","Dream Catcher"],"campfire_rested":1,"item_purchase_floors":[10,14],"current_hp_per_floor":[59,59,59,59,59,59,59,59,59,59,47,47,47,47,66,0],"gold":38,"neow_bonus":"THREE_ENEMY_KILL","is_prod":false,"is_daily":false,"chose_seed":false,"campfire_upgraded":2,"win_rate":0,"timestamp":1556107101,"path_taken":["M","?","M","?","M","R","M","R","T","$","M","?","?","$","R","BOSS"],"build_version":"2019-01-23","purchased_purges":0,"victory":false,"max_hp_per_floor":[66,66,66,66,66,66,66,66,66,66,66,66,66,66,66,66],"card_choices":[{"not_picked":["Blade Dance","Terror"],"picked":"Quick Slash","floor":1},{"not_picked":["Setup","Deadly Poison"],"picked":"Cloak And Dagger","floor":3},{"not_picked":["Outmaneuver","Venomology","Dodge and Roll"],"picked":"SKIP","floor":5},{"not_picked":["Escape Plan","Flechettes"],"picked":"Sucker Punch","floor":7},{"not_picked":["Slice","Flechettes","All Out Attack"],"picked":"SKIP","floor":11},{"not_picked":["Outmaneuver","Acrobatics"],"picked":"Escape Plan","floor":13},{"not_picked":["Dodge and Roll","Acrobatics"],"picked":"Backflip","floor":15}],"player_experience":646675,"relics_obtained":[{"floor":9,"key":"Art of War"}],"event_choices":[{"damage_healed":0,"gold_gain":0,"player_choice":"Leave","damage_taken":0,"max_hp_gain":0,"max_hp_loss":0,"event_name":"The Cleric","floor":2,"gold_loss":0},{"damage_healed":0,"gold_gain":150,"player_choice":"AGREE","damage_taken":0,"max_hp_gain":0,"max_hp_loss":0,"event_name":"Liars Game","floor":4,"gold_loss":0,"cards_obtained":["Doubt"]},{"cards_removed":["Cloak And Dagger"],"damage_healed":0,"gold_gain":0,"player_choice":"Gave Card","damage_taken":0,"relics_obtained":["Smiling Mask"],"max_hp_gain":0,"max_hp_loss":0,"event_name":"WeMeetAgain","floor":12,"gold_loss":0}],"is_beta":false,"boss_relics":[],"items_purged_floors":[],"is_endless":false,"potions_floor_spawned":[3,5,13],"killed_by":"Slime Boss","ascension_level":18}