{"gold_per_floor":[115,125,138,156,81,110,110,127,127,127,127,127,168,189,189,319,319,338,9,9,34,47,47,80,0,26,26],"floor_reached":27,"playtime":2564,"items_purged":["Strike_G","Defend_G"],"score":267,"play_id":"d2bb0644-7066-410e-bee1-76c537d50883","local_time":"20180815222256","is_ascension_mode":true,"campfire_choices":[{"data":"Neutralize","floor":7,"key":"SMITH"},{"data":"Bullet Time","floor":10,"key":"SMITH"},{"data":"Dash","floor":15,"key":"SMITH"},{"data":"1","floor":23,"key":"LIFT"}],"neow_cost":"","seed_source_timestamp":43483952627797,"circlet_count":0,"master_deck":["Defend_G","Defend_G","Defend_G","Defend_G","Strike_G","Strike_G+1","Strike_G","Strike_G","Survivor","Neutralize+1","Footwork","Dash+1","Well Laid Plans","Bullet Time+1","Prepared","Unload+1","Underhanded Strike","Bandage Up"],"relics":["Ring of the Snake","Blue Candle","Sundial","Golden Idol","Tingsha","The Courier","Busted Crown","Girya","Whetstone","Oddly Smooth Stone"],"potions_floor_usage":[6,13,16,22,24,27],"damage_taken":[{"damage":4,"enemies":"Cultist","floor":1,"turns":5},{"damage":0,"enemies":"2 Louse","floor":2,"turns":3},{"damage":0,"enemies":"Jaw Worm","floor":3,"turns":5},{"damage":12,"enemies":"Gremlin Gang","floor":4,"turns":8},{"damage":17,"enemies":"3 Sentries","floor":6,"turns":13},{"damage":2,"enemies":"Exordium Thugs","floor":8,"turns":6},{"damage":6,"enemies":"Lagavulin","floor":13,"turns":9},{"damage":2,"enemies":"Blue Slaver","floor":14,"turns":4},{"damage":25,"enemies":"The Guardian","floor":16,"turns":19},{"damage":0,"enemies":"Chosen","floor":18,"turns":6},{"damage":23,"enemies":"Spheric Guardian","floor":21,"turns":6},{"damage":21,"enemies":"3 Cultists","floor":22,"turns":8},{"damage":19,"enemies":"Gremlin Leader","floor":24,"turns":10},{"damage":3,"enemies":"Slavers","floor":27,"turns":1}],"seed_played":"7914300476534365923","potions_obtained":[{"floor":2,"key":"Weak Potion"},{"floor":3,"key":"Regen Potion"},{"floor":4,"key":"AttackPotion"},{"floor":14,"key":"SpeedPotion"},{"floor":21,"key":"Block Potion"},{"floor":24,"key":"Weak Potion"}],"is_trial":false,"path_per_floor":["M","M","M","M","$","E","R","M","T","R","?","?","E","M","R","B",null,"M","$","?","M","M","R","E","$","T"],"character_chosen":"THE_SILENT","items_purchased":["Girya","Bandage Up"],"campfire_rested":0,"item_purchase_floors":[19,25],"current_hp_per_floor":[66,66,66,54,54,52,52,50,50,50,50,47,41,39,39,14,65,65,65,65,42,21,21,2,2,2,0],"gold":26,"neow_bonus":"","is_prod":false,"is_daily":false,"chose_seed":false,"campfire_upgraded":3,"win_rate":0,"timestamp":1534342976,"path_taken":["M","M","M","M","$","E","R","M","T","R","?","?","E","?","R","BOSS","M","$","?","M","M","R","E","$","T","E"],"build_version":"2018-08-09","purchased_purges":2,"victory":false,"max_hp_per_floor":[70,70,70,70,70,70,70,70,70,70,65,65,65,65,65,65,65,65,65,65,65,65,65,65,65,65,65],"card_choices":[{"not_picked":["PiercingWail","Dagger Spray"],"picked":"Footwork","floor":1},{"not_picked":["Blade Dance","Masterful Stab"],"picked":"Dash","floor":2},{"not_picked":["Backflip","Concentrate","Deflect"],"picked":"SKIP","floor":3},{"not_picked":["Poisoned Stab","Underhanded Strike"],"picked":"Well Laid Plans","floor":4},{"not_picked":["Well Laid Plans","Concentrate","Accuracy"],"picked":"SKIP","floor":6},{"not_picked":["Bane","Deflect"],"picked":"Bullet Time","floor":8},{"not_picked":["A Thousand Cuts","Deadly Poison"],"picked":"Prepared","floor":13},{"not_picked":["Expertise","Sucker Punch","Footwork"],"picked":"SKIP","floor":14},{"not_picked":["Bullet Time","Glass Knife"],"picked":"Unload","floor":16},{"not_picked":["Blade Dance+1"],"picked":"SKIP","floor":18},{"not_picked":[],"picked":"Underhanded Strike","floor":21},{"not_picked":["Outmaneuver"],"picked":"SKIP","floor":22},{"not_picked":["Dodge and Roll+1"],"picked":"SKIP","floor":24}],"player_experience":271613,"relics_obtained":[{"floor":6,"key":"Blue Candle"},{"floor":9,"key":"Sundial"},{"floor":13,"key":"The Courier"},{"floor":24,"key":"Whetstone"},{"floor":26,"key":"Oddly Smooth Stone"}],"event_choices":[{"event_name":"Golden Idol","player_choice":"Lose Max HP","floor":11,"damage_taken":0},{"event_name":"Scrap Ooze","player_choice":"success","floor":12,"damage_taken":3},{"event_name":"Drug Dealer","player_choice":"Ignored","floor":20,"damage_taken":0}],"is_beta":false,"boss_relics":[{"not_picked":["White Beast Statue","Ectoplasm"],"picked":"Busted Crown"}],"items_purged_floors":[5,19],"is_endless":false,"potions_floor_spawned":[2,3,4,14,21,24],"killed_by":"Slavers","ascension_level":2}