{"path_per_floor":["M","M","?","$","M","E","R","?","T","R","E","$","?","E","R","B",null,"M","M","M","M","$","E","R","?","T","M","?","$","E","M","R","B",null,"M","?","M","?","M","R","E","R","T","E","M","E","?","?","R","B"],"character_chosen":"THE_SILENT","items_purchased":["Bottled Lightning","Tactician"],"gold_per_floor":[114,129,129,129,144,174,174,174,174,174,204,204,256,286,286,386,386,401,416,431,446,446,476,476,476,476,491,406,2,32,47,47,147,147,162,162,177,177,192,192,222,222,222,252,267,297,297,0,0,0],"floor_reached":51,"campfire_rested":2,"playtime":1331,"current_hp_per_floor":[70,70,70,70,70,62,62,62,62,62,62,62,62,54,54,37,70,70,70,70,69,69,53,65,75,75,74,74,74,74,74,74,17,75,75,65,53,53,53,53,53,53,53,53,53,52,52,52,70,36],"items_purged":[],"gold":0,"score":991,"play_id":"fa15bb38-9ebb-4c9b-a553-07e15ebcf95e","local_time":"20180427182923","daily_mods":["Insanity","Time Dilation","Night Terrors"],"is_prod":false,"is_daily":true,"chose_seed":false,"is_ascension_mode":false,"campfire_upgraded":3,"timestamp":1524875363,"path_taken":["M","?","?","$","M","E","R","?","T","R","E","?","?","E","R","BOSS","M","M","M","M","$","E","R","?","T","M","?","$","E","M","R","BOSS","M","?","M","?","M","R","E","R","T","E","M","E","?","?","R","BOSS"],"build_version":"2018-04-26v2","seed_source_timestamp":0,"purchased_purges":0,"victory":true,"master_deck":["After Image","Well Laid Plans","A Thousand Cuts","Expertise","Bane","After Image","Cloak And Dagger","Quick Slash+1","Riddle With Holes","Heel Hook","Night Terror","A Thousand Cuts","Phantasmal Killer","Calculated Gamble","Corpse Explosion","Corpse Explosion","Unload","Prepared","Deflect","Finisher","Leg Sweep","Storm of Steel","Well Laid Plans","Outmaneuver","Tools of the Trade","Flying Knee","Backstab+1","Blade Dance","Phantasmal Killer","PiercingWail","Masterful Stab","Blur","Dagger Spray","Unload","All Out Attack","Setup","Noxious Fumes","Predator","A Thousand Cuts","Quick Slash","Tactician+1","Deflect","Setup","Noxious Fumes","Bane","Tools of the Trade","Skewer","Neutralize","Finisher","Flying Knee","Regret","Finisher+1","Unload","Outmaneuver","Flying Knee","Bullet Time","Distraction","Deflect+1","Backstab+1","Cloak And Dagger","Dagger Throw","Tactician","Quick Slash","All Out Attack+1","Adrenaline","Quick Slash+1","Flash of Steel","Panache","Good Instincts","Sucker Punch+1","Endless Agony+1","Slice+1","Concentrate+1","Leg Sweep+1"],"max_hp_per_floor":[70,70,70,70,70,70,70,70,70,70,70,70,70,70,70,70,70,70,70,70,70,70,70,65,75,75,75,75,75,75,75,75,75,75,75,75,75,75,75,75,75,75,75,75,75,75,75,75,70,70],"relics":["Ring of the Snake","Girya","Juzu Bracelet","Bottled Flame","Unceasing Top","Tingsha","Black Star","Smiling Mask","Blue Candle","Toolbox","Gambling Chip","Bottled Lightning","Art of War","Ancient Tea Set","White Beast Statue","Matryoshka","Question Card","Dream Catcher","Ginger","Gremlin Horn","Mummified Hand","Centennial Puzzle","Bottled Tornado","Red Mask"],"card_choices":[{"not_picked":["Flying Knee","Backflip"],"picked":"Finisher","floor":1},{"not_picked":["Poisoned Stab","Caltrops"],"picked":"Flying Knee","floor":2},{"not_picked":["PiercingWail","Sucker Punch"],"picked":"Finisher","floor":5},{"not_picked":["PiercingWail","Masterful Stab"],"picked":"Unload","floor":6},{"not_picked":["Blur","Catalyst"],"picked":"Outmaneuver","floor":11},{"not_picked":["Dodge and Roll","PiercingWail"],"picked":"Flying Knee","floor":14},{"not_picked":["Night Terror","Grand Finale"],"picked":"Bullet Time","floor":16},{"not_picked":["Dagger Throw","Flying Knee"],"picked":"Distraction","floor":18},{"not_picked":["Leg Sweep","Bane"],"picked":"Deflect","floor":19},{"not_picked":["Escape Plan","Masterful Stab"],"picked":"Backstab","floor":20},{"not_picked":["Underhanded Strike","Flying Knee"],"picked":"Cloak And Dagger","floor":21},{"not_picked":["Sucker Punch","Dodge and Roll"],"picked":"Dagger Throw","floor":23},{"not_picked":["Deadly Poison","Blur"],"picked":"Quick Slash","floor":30},{"not_picked":["Flying Knee","Sucker Punch"],"picked":"All Out Attack","floor":31},{"not_picked":["Storm of Steel","Burst"],"picked":"Adrenaline","floor":33},{"not_picked":["Backflip","Bane"],"picked":"Quick Slash","floor":35},{"not_picked":["Blind","Dark Shackles"],"picked":"Flash of Steel","floor":36},{"not_picked":["Swift Strike","Panacea"],"picked":"Panache","floor":36},{"not_picked":["Sadistic Nature","Thinking Ahead"],"picked":"Good Instincts","floor":36},{"not_picked":["Dodge and Roll","Backflip"],"picked":"Sucker Punch","floor":37},{"not_picked":["Dodge and Roll","Tactician"],"picked":"Endless Agony","floor":41},{"not_picked":["Prepared","Caltrops","Backflip"],"picked":"Slice","floor":44},{"not_picked":["Accuracy","Grand Finale","Blade Dance"],"picked":"Concentrate","floor":46},{"not_picked":["Accuracy","Acrobatics","Sucker Punch"],"picked":"Leg Sweep","floor":49}],"player_experience":353017,"potions_floor_usage":[16,20,33,37,50,50,50],"damage_taken":[{"damage":0,"enemies":"Cultist","floor":1,"turns":3},{"damage":0,"enemies":"2 Louse","floor":2,"turns":1},{"damage":0,"enemies":"Small Slimes","floor":5,"turns":1},{"damage":8,"enemies":"Gremlin Nob","floor":6,"turns":3},{"damage":0,"enemies":"Lagavulin","floor":11,"turns":2},{"damage":8,"enemies":"3 Sentries","floor":14,"turns":4},{"damage":17,"enemies":"The Guardian","floor":16,"turns":3},{"damage":0,"enemies":"Chosen","floor":18,"turns":2},{"damage":0,"enemies":"Spheric Guardian","floor":19,"turns":1},{"damage":0,"enemies":"Snake Plant","floor":20,"turns":1},{"damage":1,"enemies":"Centurion and Healer","floor":21,"turns":3},{"damage":16,"enemies":"Slavers","floor":23,"turns":3},{"damage":1,"enemies":"3 Cultists","floor":27,"turns":2},{"damage":0,"enemies":"Gremlin Leader","floor":30,"turns":1},{"damage":0,"enemies":"Chosen and Byrds","floor":31,"turns":1},{"damage":57,"enemies":"Champ","floor":33,"turns":6},{"damage":0,"enemies":"Orb Walker","floor":35,"turns":1},{"damage":12,"enemies":"3 Shapes","floor":37,"turns":1},{"damage":0,"enemies":"Flame Bruiser 2 Orb","floor":39,"turns":1},{"damage":0,"enemies":"Nemesis","floor":41,"turns":1},{"damage":0,"enemies":"2 Orb Walkers","floor":44,"turns":1},{"damage":0,"enemies":"3 Darklings","floor":45,"turns":1},{"damage":1,"enemies":"Nemesis","floor":46,"turns":1},{"damage":34,"enemies":"Donu and Deca","floor":50,"turns":4}],"event_choices":[{"event_name":"Big Fish","player_choice":"Box","floor":3,"damage_taken":0},{"event_name":"Accursed Blacksmith","player_choice":"Forge","floor":8,"damage_taken":0},{"event_name":"Golden Wing","player_choice":"Gained Gold","floor":13,"damage_taken":0},{"event_name":"Bonfire Elementals","player_choice":"RARE","floor":25,"damage_taken":0},{"event_name":"Addict","player_choice":"Obtained Relic","floor":28,"damage_taken":0},{"event_name":"SensoryStone","player_choice":"Memory 3","floor":36,"damage_taken":0},{"event_name":"The Woman in Blue","player_choice":"Bought 0 Potions","floor":38,"damage_taken":0},{"event_name":"Tomb of Lord Red Mask","player_choice":"Paid","floor":48,"damage_taken":0}],"boss_relics":[{"not_picked":["Cursed Key","Ectoplasm"],"picked":"Black Star"},{"not_picked":["Philosopher\u0027s Stone","Runic Pyramid"],"picked":"White Beast Statue"}],"potions_floor_spawned":[1,2,14,20,21,27,30,31,35,37,39,41,44,45,46],"seed_played":"8797904352761270822","ascension_level":0,"is_trial":false}