{"gold_per_floor":[118,98,116,128,128,128,153,170,244,262,262,262,140,140,140,237,237,252,272,21,35,35,35,47,47,47,47,47,146,146,175,175,271,271,285,297,297],"floor_reached":37,"playtime":1110,"items_purged":[],"score":387,"play_id":"209b638d-2873-48ef-89ee-fefa0735e3c9","local_time":"20190208172616","is_ascension_mode":false,"campfire_choices":[{"data":"Bash","floor":6,"key":"SMITH"},{"floor":11,"key":"REST"},{"data":"Whirlwind","floor":15,"key":"SMITH"},{"floor":23,"key":"REST"},{"data":"Body Slam","floor":25,"key":"SMITH"},{"floor":32,"key":"REST"}],"neow_cost":"NONE","seed_source_timestamp":688022758709473,"circlet_count":0,"master_deck":["Strike_R","Strike_R+1","Strike_R","Strike_R","Strike_R","Defend_R","Defend_R+1","Defend_R","Defend_R","Bash+1","Shrug It Off","Metallicize","Spot Weakness","Juggernaut","Whirlwind+1","Flex","Body Slam+1","Berserk","Demon Form","Battle Trance","Iron Wave","Impervious","Trip","Pommel Strike","Rage","Thunderclap+1","Anger+1"],"relics":["Runic Pyramid"],"potions_floor_usage":[16,19,24,33],"damage_taken":[{"damage":0,"enemies":"2 Louse","floor":1,"turns":3},{"damage":6,"enemies":"Jaw Worm","floor":3,"turns":3},{"damage":2,"enemies":"Small Slimes","floor":4,"turns":3},{"damage":17,"enemies":"Gremlin Nob","floor":7,"turns":4},{"damage":17,"enemies":"Gremlin Gang","floor":8,"turns":5},{"damage":13,"enemies":"Red Slaver","floor":10,"turns":2},{"damage":26,"enemies":"The Guardian","floor":16,"turns":8},{"damage":12,"enemies":"3 Byrds","floor":18,"turns":5},{"damage":38,"enemies":"2 Thieves","floor":19,"turns":3},{"damage":21,"enemies":"Snake Plant","floor":21,"turns":6},{"damage":1,"enemies":"Snecko","floor":24,"turns":5},{"damage":52,"enemies":"Gremlin Leader","floor":31,"turns":5},{"damage":3,"enemies":"Automaton","floor":33,"turns":8},{"damage":28,"enemies":"Orb Walker","floor":35,"turns":3},{"damage":50,"enemies":"3 Darklings","floor":36,"turns":7},{"damage":37,"enemies":"Maw","floor":37,"turns":7}],"seed_played":"-3138593456472517248","potions_obtained":[{"floor":7,"key":"Energy Potion"},{"floor":8,"key":"FairyPotion"},{"floor":16,"key":"Block Potion"},{"floor":19,"key":"PowerPotion"},{"floor":21,"key":"SteroidPotion"},{"floor":24,"key":"LiquidBronze"},{"floor":36,"key":"GamblersBrew"}],"is_trial":false,"path_per_floor":["M","?","M","M","?","R","E","M","T","M","R","?","$","?","R","B",null,"M","M","$","M","$","R","M","R","T","T","?","?","?","E","R","B",null,"M","M","M"],"character_chosen":"IRONCLAD","items_purchased":["Whirlwind","Flex","Impervious","Trip"],"campfire_rested":3,"item_purchase_floors":[13,13,20,20],"current_hp_per_floor":[80,80,74,72,56,56,39,22,22,9,33,38,38,38,38,12,85,73,35,35,14,14,39,38,38,38,38,66,66,66,14,39,36,85,57,7,0],"gold":297,"neow_bonus":"BOSS_RELIC","is_prod":false,"is_daily":false,"chose_seed":false,"campfire_upgraded":3,"win_rate":0,"timestamp":1549646776,"path_taken":["M","?","M","M","?","R","E","M","T","M","R","?","?","?","R","BOSS","M","?","$","M","$","R","M","R","T","?","?","?","?","E","R","BOSS","M","M","M"],"build_version":"2019-01-23","purchased_purges":0,"victory":false,"max_hp_per_floor":[80,80,80,80,80,80,80,80,80,80,80,85,85,85,85,85,85,85,85,85,85,85,85,85,85,85,85,85,85,85,85,85,85,85,85,85,85],"card_choices":[{"not_picked":["Headbutt","Corruption"],"picked":"Shrug It Off","floor":1},{"not_picked":["Armaments","Wild Strike","Warcry"],"picked":"SKIP","floor":3},{"not_picked":["Havoc","Shockwave","True Grit"],"picked":"SKIP","floor":4},{"not_picked":["Dual Wield","Flame Barrier"],"picked":"Metallicize","floor":7},{"not_picked":["Twin Strike","Heavy Blade"],"picked":"Spot Weakness","floor":8},{"not_picked":["Carnage","Burning Pact"],"picked":"Juggernaut","floor":10},{"not_picked":["Double Tap","Reaper"],"picked":"Demon Form","floor":16},{"not_picked":["Intimidate","Whirlwind+1"],"picked":"Battle Trance","floor":18},{"not_picked":["Clash+1","Armaments"],"picked":"Iron Wave","floor":19},{"not_picked":["Clothesline+1","Perfected Strike"],"picked":"Pommel Strike","floor":21},{"not_picked":["Body Slam","Heavy Blade","Fire Breathing"],"picked":"SKIP","floor":24},{"not_picked":["Shrug It Off","Clothesline"],"picked":"Rage","floor":31},{"not_picked":["Clothesline+1","Infernal Blade+1"],"picked":"Thunderclap+1","floor":35},{"not_picked":["Havoc+1","Shrug It Off+1"],"picked":"Anger+1","floor":36}],"player_experience":549925,"relics_obtained":[],"event_choices":[{"damage_healed":0,"gold_gain":0,"player_choice":"Left Gold","damage_taken":0,"max_hp_gain":0,"max_hp_loss":0,"event_name":"World of Goop","floor":2,"gold_loss":20},{"damage_healed":0,"gold_gain":0,"player_choice":"Entered Light","damage_taken":16,"max_hp_gain":0,"max_hp_loss":0,"event_name":"Shining Light","floor":5,"gold_loss":0,"cards_upgraded":["Strike_R","Defend_R"]},{"damage_healed":0,"gold_gain":0,"player_choice":"Donut","damage_taken":0,"max_hp_gain":5,"max_hp_loss":0,"event_name":"Big Fish","floor":12,"gold_loss":0},{"damage_healed":0,"gold_gain":0,"player_choice":"2 cards matched","damage_taken":0,"max_hp_gain":0,"max_hp_loss":0,"event_name":"Match and Keep!","floor":14,"gold_loss":0,"cards_obtained":["Body Slam","Berserk"]},{"damage_healed":28,"gold_gain":0,"player_choice":"Heal","damage_taken":0,"max_hp_gain":0,"max_hp_loss":0,"event_name":"The Library","floor":28,"gold_loss":0},{"damage_healed":0,"gold_gain":99,"player_choice":"Stole From Cult","damage_taken":0,"max_hp_gain":0,"max_hp_loss":0,"event_name":"Nest","floor":29,"gold_loss":0},{"damage_healed":0,"gold_gain":0,"player_choice":"Ignored","damage_taken":0,"max_hp_gain":0,"max_hp_loss":0,"event_name":"Cursed Tome","floor":30,"gold_loss":0}],"is_beta":false,"boss_relics":[{"not_picked":["Cursed Key","Pandora\u0027s Box","Astrolabe"]},{"not_picked":["Velvet Choker","Lizard Tail","Tiny House"]}],"items_purged_floors":[],"is_endless":false,"potions_floor_spawned":[7,8,16,19,21,24,36],"killed_by":"Maw","ascension_level":0}