{"gold_per_floor":[14,89,89,107,107,122,138,63,63,63,80,80,5,18,18,119,119,133,150,150,50,50],"floor_reached":22,"playtime":916,"items_purged":["Strike_B","Strike_B"],"score":220,"play_id":"0756a7ab-5180-4300-8a08-d034be57a3af","local_time":"20180905210816","is_ascension_mode":true,"campfire_choices":[{"data":"Doom and Gloom","floor":10,"key":"SMITH"},{"floor":12,"key":"REST"},{"floor":15,"key":"REST"}],"neow_cost":"NO_GOLD","seed_source_timestamp":1838188200503686,"circlet_count":0,"master_deck":["Strike_B","Strike_B","Defend_B","Defend_B","Defend_B","Defend_B","Doom and Gloom+1","Creative AI+1","Reboot","FTL+1"],"relics":["Cracked Core","Frozen Egg 2","Vajra","DataDisk","Runic Dome"],"potions_floor_usage":[7],"damage_taken":[{"damage":0,"enemies":"Small Slimes","floor":1,"turns":3},{"damage":4,"enemies":"Jaw Worm","floor":4,"turns":5},{"damage":7,"enemies":"2 Louse","floor":6,"turns":4},{"damage":0,"enemies":"Exordium Wildlife","floor":7,"turns":4},{"damage":7,"enemies":"2 Fungi Beasts","floor":11,"turns":3},{"damage":16,"enemies":"Large Slime","floor":14,"turns":6},{"damage":71,"enemies":"Hexaghost","floor":16,"turns":9},{"damage":16,"enemies":"Shell Parasite","floor":18,"turns":6},{"damage":25,"enemies":"Chosen","floor":19,"turns":5},{"damage":14,"enemies":"Snake Plant","floor":22,"turns":1}],"seed_played":"452472677204143147","potions_obtained":[{"floor":6,"key":"AttackPotion"},{"floor":19,"key":"Ancient Potion"}],"is_trial":false,"path_per_floor":["M","?","?","M","?","M","M","$","T","R","M","R","?","M","R","B",null,"M","M","?","$"],"character_chosen":"DEFECT","items_purchased":[],"campfire_rested":2,"item_purchase_floors":[],"current_hp_per_floor":[75,64,64,60,60,53,53,53,53,53,46,68,68,52,74,3,57,41,16,9,9,0],"gold":50,"neow_bonus":"REMOVE_TWO","is_prod":false,"is_daily":false,"chose_seed":false,"campfire_upgraded":1,"win_rate":0,"timestamp":1536178096,"path_taken":["M","?","?","M","?","M","M","?","T","R","?","R","?","M","R","BOSS","M","M","?","$","M"],"build_version":"2018-08-30","purchased_purges":2,"victory":false,"max_hp_per_floor":[75,75,75,75,75,75,75,75,75,75,75,75,75,75,75,75,75,75,75,75,75,75],"card_choices":[{"not_picked":["Steam","Stack","Self Repair"],"picked":"SKIP","floor":1},{"not_picked":["Leap","Stack","Capacitor+1"],"picked":"SKIP","floor":4},{"not_picked":["Cold Snap","Chill","Barrage"],"picked":"SKIP","floor":6},{"not_picked":["Barrage","Turbo"],"picked":"Doom and Gloom","floor":7},{"not_picked":["Hologram","Reprogram","Rebound"],"picked":"SKIP","floor":11},{"not_picked":["Ball Lightning","Barrage"],"picked":"Creative AI+1","floor":14},{"not_picked":["Seek","Hyperbeam"],"picked":"Reboot","floor":16},{"not_picked":["Aggregate+1","Beam Cell","Hologram"],"picked":"SKIP","floor":18},{"not_picked":["Loop+1","Skim"],"picked":"FTL+1","floor":19}],"player_experience":316935,"relics_obtained":[{"floor":9,"key":"Vajra"}],"event_choices":[{"event_name":"World of Goop","player_choice":"Gather Gold","floor":2,"damage_taken":0},{"event_name":"Big Fish","player_choice":"Box","floor":3,"damage_taken":0},{"event_name":"Living Wall","player_choice":"Forget","floor":5,"damage_taken":0},{"event_name":"WeMeetAgain","player_choice":"Gold","floor":13,"damage_taken":0},{"event_name":"Wheel of Change","player_choice":"Damage","floor":20,"damage_taken":0}],"is_beta":false,"boss_relics":[{"not_picked":["Cursed Key","Astrolabe"],"picked":"Runic Dome"}],"items_purged_floors":[8,21],"is_endless":false,"potions_floor_spawned":[6,19],"killed_by":"Snake Plant","ascension_level":5}