{"gold_per_floor":[119,119,9,9,23,48,48,77,77,77,77,97,115,134,134,238,238,253,253,264,264,277,277,277,277,302,312,328,328,344,166,166,269,269,280,380,394,394,394,394,424,424,450,462,474,474,474,489,489,489,489,489,97,131,131],"floor_reached":55,"playtime":8323,"items_purged":["Strike_R","Strike_R","Strike_R"],"score":863,"play_id":"d6c481ab-7b40-41ff-8872-d4fa779530a9","local_time":"20190120072540","is_ascension_mode":true,"campfire_choices":[{"data":"Body Slam","floor":7,"key":"SMITH"},{"data":"Carnage","floor":10,"key":"SMITH"},{"data":"Armaments","floor":15,"key":"SMITH"},{"data":"Sentinel","floor":23,"key":"SMITH"},{"data":"Burning Pact","floor":25,"key":"SMITH"},{"data":"Corruption","floor":29,"key":"SMITH"},{"data":"Body Slam","floor":32,"key":"SMITH"},{"data":"Uppercut","floor":40,"key":"SMITH"},{"floor":42,"key":"REST"},{"floor":46,"key":"RECALL"},{"floor":49,"key":"DIG"},{"floor":52,"key":"DIG"}],"neow_cost":"NONE","seed_source_timestamp":1536527679338270,"circlet_count":0,"master_deck":["Defend_R+1","Defend_R","Defend_R","Defend_R","Bash","Body Slam+1","Feel No Pain+1","Corruption+1","Impervious","Carnage+1","Impervious+1","Metallicize+1","Armaments+1","Impervious","Burning Pact+1","Armaments+1","Sentinel+1","Spot Weakness+1","Body Slam+1","Inflame+1","Exhume","Uppercut+1","True Grit+1","Dark Embrace+1","Infernal Blade+1","Impervious+1","Disarm","Pommel Strike+1"],"relics":["Burning Blood","NeowsBlessing","Sundial","Anchor","Frozen Egg 2","Sozu","Meat on the Bone","Black Star","Shovel","Bottled Tornado","Boot","War Paint","Pear","Kunai","DollysMirror","Strawberry","Paper Frog"],"potions_floor_usage":[8,20,28,33],"damage_taken":[{"damage":0,"enemies":"Cultist","floor":1,"turns":1},{"damage":0,"enemies":"2 Louse","floor":5,"turns":1},{"damage":0,"enemies":"3 Sentries","floor":6,"turns":2},{"damage":31,"enemies":"Lagavulin","floor":8,"turns":10},{"damage":0,"enemies":"Small Slimes","floor":12,"turns":2},{"damage":0,"enemies":"Red Slaver","floor":13,"turns":3},{"damage":6,"enemies":"Exordium Thugs","floor":14,"turns":5},{"damage":21,"enemies":"Hexaghost","floor":16,"turns":11},{"damage":3,"enemies":"2 Thieves","floor":18,"turns":4},{"damage":3,"enemies":"3 Byrds","floor":20,"turns":6},{"damage":4,"enemies":"Snake Plant","floor":22,"turns":5},{"damage":5,"enemies":"Centurion and Healer","floor":27,"turns":7},{"damage":0,"enemies":"Cultist and Chosen","floor":28,"turns":7},{"damage":3,"enemies":"Shelled Parasite and Fungi","floor":30,"turns":4},{"damage":48,"enemies":"Automaton","floor":33,"turns":10},{"damage":0,"enemies":"Orb Walker","floor":35,"turns":3},{"damage":17,"enemies":"Mind Bloom Boss Battle","floor":36,"turns":8},{"damage":0,"enemies":"3 Darklings","floor":37,"turns":6},{"damage":68,"enemies":"Nemesis","floor":41,"turns":7},{"damage":0,"enemies":"Writhing Mass","floor":44,"turns":5},{"damage":0,"enemies":"Sphere and 2 Shapes","floor":45,"turns":5},{"damage":0,"enemies":"Maw","floor":48,"turns":7},{"damage":41,"enemies":"Time Eater","floor":50,"turns":11},{"damage":77,"enemies":"Shield and Spear","floor":54,"turns":9},{"damage":42,"enemies":"The Heart","floor":55,"turns":8}],"seed_played":"4159208785985673353","potions_obtained":[{"floor":5,"key":"EssenceOfSteel"},{"floor":13,"key":"FearPotion"},{"floor":14,"key":"Dexterity Potion"},{"floor":16,"key":"Fire Potion"}],"is_trial":false,"path_per_floor":["M","?","$","?","M","E","R","E","T","R","?","M","M","M","R","B",null,"M","?","M","?","M","R","T","R","T","M","M","R","M","$","R","B",null,"M","?","M","?","?","R","E","R","T","M","M","R","?","M","R","B",null,"R","$","E","B"],"character_chosen":"IRONCLAD","items_purchased":["Feel No Pain","Inflame+1","DollysMirror","Disarm"],"campfire_rested":1,"item_purchase_floors":[3,31,53,53],"current_hp_per_floor":[80,80,80,80,80,80,80,55,55,55,55,61,67,67,67,52,80,80,80,80,80,80,80,80,80,80,80,80,80,80,80,80,50,80,80,69,75,75,75,75,25,49,49,55,61,61,61,67,77,54,90,90,90,38,0],"gold":131,"neow_bonus":"THREE_ENEMY_KILL","is_prod":false,"is_daily":false,"chose_seed":false,"campfire_upgraded":8,"win_rate":0,"timestamp":1547990740,"path_taken":["M","?","$","?","M","E","R","E","T","R","?","M","M","M","R","BOSS","M","?","?","?","?","R","?","R","T","M","?","R","M","$","R","BOSS","M","?","M","?","?","R","E","R","T","M","M","R","?","M","R","BOSS","R","$","E","BOSS"],"build_version":"2019-01-17v2","purchased_purges":3,"victory":false,"max_hp_per_floor":[80,80,80,80,80,80,80,80,80,80,80,80,80,80,80,80,80,80,80,80,80,80,80,80,80,80,80,80,80,80,80,80,80,80,80,80,80,80,80,80,80,80,80,80,80,80,80,80,90,90,90,90,90,97,97],"card_choices":[{"not_picked":["Flex","Wild Strike"],"picked":"Body Slam","floor":1},{"not_picked":["Bloodletting","Clothesline"],"picked":"Corruption","floor":5},{"not_picked":["Corruption","Perfected Strike"],"picked":"Impervious","floor":6},{"not_picked":["Rampage","Cleave"],"picked":"Carnage","floor":8},{"not_picked":["Iron Wave","Twin Strike"],"picked":"Metallicize+1","floor":12},{"not_picked":["Hemokinesis","Pommel Strike","Twin Strike"],"picked":"SKIP","floor":13},{"not_picked":["Heavy Blade","Corruption+1"],"picked":"Armaments","floor":14},{"not_picked":["Limit Break","Berserk+1"],"picked":"Impervious","floor":16},{"not_picked":["Rupture+1","Clothesline"],"picked":"Burning Pact","floor":18},{"not_picked":["Thunderclap","Armaments"],"picked":"Sentinel","floor":20},{"not_picked":["Iron Wave","Pommel Strike","Sword Boomerang+1"],"picked":"SKIP","floor":22},{"not_picked":["Sword Boomerang+1","True Grit"],"picked":"Spot Weakness+1","floor":27},{"not_picked":["Anger","Reckless Charge","Wild Strike"],"picked":"SKIP","floor":28},{"not_picked":["Twin Strike+1","Iron Wave+1"],"picked":"Body Slam","floor":30},{"not_picked":["Limit Break","Immolate"],"picked":"Exhume","floor":33},{"not_picked":["Rampage+1","Flex+1","Twin Strike+1"],"picked":"SKIP","floor":35},{"not_picked":["Entrench","Thunderclap"],"picked":"Uppercut","floor":36},{"not_picked":["Blood for Blood","Headbutt"],"picked":"True Grit+1","floor":37},{"not_picked":["Havoc+1","Sever Soul"],"picked":"Dark Embrace+1","floor":41},{"not_picked":["Searing Blow","Clash"],"picked":"Infernal Blade+1","floor":44},{"not_picked":["Carnage+1","Combust+1","Seeing Red"],"picked":"SKIP","floor":45},{"not_picked":["Rupture+1","Clash+1","Seeing Red"],"picked":"SKIP","floor":48},{"not_picked":["Iron Wave+1","Twin Strike+1"],"picked":"Pommel Strike+1","floor":54}],"player_experience":176139,"relics_obtained":[{"floor":6,"key":"Sundial"},{"floor":8,"key":"Anchor"},{"floor":9,"key":"Frozen Egg 2"},{"floor":24,"key":"Meat on the Bone"},{"floor":36,"key":"Shovel"},{"floor":41,"key":"Bottled Tornado"},{"floor":41,"key":"Boot"},{"floor":43,"key":"War Paint"},{"floor":49,"key":"Pear"},{"floor":52,"key":"Kunai"},{"floor":54,"key":"Strawberry"},{"floor":54,"key":"Paper Frog"}],"event_choices":[{"cards_removed":["Strike_R"],"damage_healed":0,"gold_gain":0,"player_choice":"Forget","damage_taken":0,"max_hp_gain":0,"max_hp_loss":0,"event_name":"Living Wall","floor":2,"gold_loss":0},{"damage_healed":0,"gold_gain":0,"player_choice":"Ignored","damage_taken":0,"max_hp_gain":0,"max_hp_loss":0,"event_name":"Liars Game","floor":4,"gold_loss":0},{"damage_healed":0,"gold_gain":0,"player_choice":"1 cards matched","damage_taken":0,"max_hp_gain":0,"max_hp_loss":0,"event_name":"Match and Keep!","floor":11,"gold_loss":0,"cards_obtained":["Impervious"]},{"damage_healed":0,"gold_gain":0,"player_choice":"Copied","damage_taken":0,"max_hp_gain":0,"max_hp_loss":0,"event_name":"Duplicator","floor":19,"gold_loss":0,"cards_obtained":["Armaments"]},{"damage_healed":0,"gold_gain":0,"player_choice":"0 cards matched","damage_taken":0,"max_hp_gain":0,"max_hp_loss":0,"event_name":"Match and Keep!","floor":21,"gold_loss":0,"cards_obtained":[]},{"damage_healed":0,"gold_gain":0,"player_choice":"Fight","damage_taken":0,"max_hp_gain":0,"max_hp_loss":0,"event_name":"MindBloom","floor":36,"gold_loss":0},{"cards_removed":["Strike_R"],"damage_healed":0,"gold_gain":0,"player_choice":"Removed Attack","damage_taken":0,"max_hp_gain":0,"max_hp_loss":0,"event_name":"Falling","floor":38,"gold_loss":0},{"damage_healed":0,"gold_gain":0,"player_choice":"Ignored","damage_taken":0,"max_hp_gain":0,"max_hp_loss":0,"event_name":"Tomb of Lord Red Mask","floor":39,"gold_loss":0},{"damage_healed":0,"gold_gain":0,"player_choice":"Forge","damage_taken":0,"max_hp_gain":0,"max_hp_loss":0,"event_name":"Accursed Blacksmith","floor":47,"gold_loss":0,"cards_upgraded":["Feel No Pain"]}],"is_beta":false,"boss_relics":[{"not_picked":["Runic Cube","Lizard Tail"],"picked":"Sozu"},{"not_picked":["Runic Pyramid","Velvet Choker"],"picked":"Black Star"}],"items_purged_floors":[3,31,53],"is_endless":false,"potions_floor_spawned":[5,13,14,16,20,27,28,33,37,45,48],"killed_by":"The Heart","ascension_level":3}