{"gold_per_floor":[115,127,93,113,131,161,161,195,195,206,218,218,60,88,100,215,227,249,171,183,41,41,69,69,102,102,102,112,132,166,266,266,266],"floor_reached":33,"playtime":4196,"items_purged":["Strike_B","Strike_B"],"score":445,"play_id":"fe06aa11-444b-4124-81b7-021dd6179127","local_time":"20180801004501","is_ascension_mode":true,"campfire_choices":[{"data":"Zap","floor":7,"key":"SMITH"},{"data":"Dualcast","floor":15,"key":"SMITH"},{"data":"Blizzard","floor":24,"key":"SMITH"},{"data":"Blizzard","floor":27,"key":"SMITH"},{"data":"Coolheaded","floor":32,"key":"SMITH"}],"neow_cost":"NONE","seed_source_timestamp":357567584044166,"circlet_count":0,"master_deck":["Strike_B","Defend_B","Defend_B","Defend_B","Defend_B","Zap+1","Dualcast+1","Conserve Battery","Steam Power","Glacier","Coolheaded","Redo","Blizzard+1","Turbo","Blizzard+1","Seek","Hologram+1","Skim","Coolheaded+1"],"relics":["Cracked Core","Tiny Chest","Anchor","Dead Branch","Singing Bowl","Shovel","MawBank","Sozu","Strawberry","Lantern","Thread and Needle","Smiling Mask"],"potions_floor_usage":[6,8,16,22],"damage_taken":[{"damage":2,"enemies":"Jaw Worm","floor":1,"turns":3},{"damage":1,"enemies":"Cultist","floor":2,"turns":4},{"damage":0,"enemies":"2 Louse","floor":4,"turns":2},{"damage":3,"enemies":"Blue Slaver","floor":5,"turns":4},{"damage":14,"enemies":"3 Sentries","floor":6,"turns":10},{"damage":5,"enemies":"Lagavulin","floor":8,"turns":14},{"damage":0,"enemies":"Looter","floor":10,"turns":3},{"damage":0,"enemies":"3 Louse","floor":11,"turns":4},{"damage":0,"enemies":"3 Sentries","floor":14,"turns":9},{"damage":32,"enemies":"Slime Boss","floor":16,"turns":14},{"damage":6,"enemies":"Shell Parasite","floor":18,"turns":8},{"damage":9,"enemies":"2 Thieves","floor":19,"turns":5},{"damage":0,"enemies":"Centurion and Healer","floor":22,"turns":4},{"damage":4,"enemies":"Book of Stabbing","floor":23,"turns":7},{"damage":6,"enemies":"Slavers","floor":25,"turns":5},{"damage":7,"enemies":"Snake Plant","floor":28,"turns":6},{"damage":1,"enemies":"Sentry and Sphere","floor":29,"turns":5},{"damage":27,"enemies":"Gremlin Leader","floor":30,"turns":8},{"damage":48,"enemies":"Champ","floor":33,"turns":12}],"seed_played":"-5018944972629653559","potions_obtained":[{"floor":2,"key":"Swift Potion"},{"floor":4,"key":"Block Potion"},{"floor":6,"key":"Block Potion"},{"floor":11,"key":"SmokeBomb"}],"is_trial":false,"path_per_floor":["M","M","?","M","M","E","R","E","T","M","M","?","$","E","R","B",null,"M","M","?","$","M","E","R","E","T","R","M","M","E","?","R"],"character_chosen":"DEFECT","items_purchased":["Blizzard","Turbo","Coolheaded"],"campfire_rested":0,"item_purchase_floors":[13,13,21],"current_hp_per_floor":[73,72,72,72,69,55,55,50,50,52,52,49,49,49,49,24,77,71,64,64,64,64,69,69,65,65,65,60,61,36,36,36,0],"gold":266,"neow_bonus":"REMOVE_CARD","is_prod":false,"is_daily":false,"chose_seed":false,"campfire_upgraded":5,"win_rate":0,"timestamp":1533055501,"path_taken":["M","M","?","M","M","E","R","E","T","M","M","?","$","E","R","BOSS","M","?","?","$","M","E","R","E","T","R","M","M","E","?","R","BOSS"],"build_version":"2018-07-26","purchased_purges":2,"victory":false,"max_hp_per_floor":[75,75,75,75,75,75,75,75,75,77,77,77,77,77,77,77,77,77,79,79,79,79,88,88,90,90,90,92,94,96,96,96,96],"card_choices":[{"not_picked":["Compile Driver","Redo"],"picked":"Conserve Battery","floor":1},{"not_picked":["Reinforced Body","Stack"],"picked":"Steam Power","floor":2},{"not_picked":["Coolheaded","Reboot"],"picked":"Glacier","floor":4},{"not_picked":["Hologram","Beam Cell","Capacitor"],"picked":"SKIP","floor":5},{"not_picked":["Hologram","Beam Cell"],"picked":"Coolheaded","floor":6},{"not_picked":["Hologram","Heatsinks","Core Surge"],"picked":"SKIP","floor":8},{"not_picked":["Streamline","Heatsinks","Capacitor"],"picked":"Singing Bowl","floor":10},{"not_picked":["Streamline","Lockon"],"picked":"Redo","floor":11},{"not_picked":["Sweeping Beam","Ball Lightning"],"picked":"Blizzard","floor":14},{"not_picked":["Amplify","Biased Cognition"],"picked":"Seek","floor":16},{"not_picked":["Streamline+1","Turbo"],"picked":"Hologram+1","floor":18},{"not_picked":["Turbo","Hello World","Sweeping Beam"],"picked":"Singing Bowl","floor":19},{"not_picked":["Barrage+1","Capacitor+1","Force Field"],"picked":"Singing Bowl","floor":23},{"not_picked":["Heatsinks","Doom and Gloom","Gash"],"picked":"Singing Bowl","floor":25},{"not_picked":["Doom and Gloom","Darkness","Reinforced Body+1"],"picked":"Singing Bowl","floor":28},{"not_picked":["Sweeping Beam","Turbo","Fusion"],"picked":"Singing Bowl","floor":29},{"not_picked":["Turbo","Doom and Gloom","Coolheaded"],"picked":"Singing Bowl","floor":30}],"player_experience":226778,"relics_obtained":[{"floor":6,"key":"Anchor"},{"floor":8,"key":"Dead Branch"},{"floor":9,"key":"Singing Bowl"},{"floor":14,"key":"MawBank"},{"floor":23,"key":"Strawberry"},{"floor":25,"key":"Lantern"},{"floor":26,"key":"Thread and Needle"},{"floor":30,"key":"Smiling Mask"}],"event_choices":[{"event_name":"WeMeetAgain","player_choice":"Gold","floor":3,"damage_taken":0},{"event_name":"Scrap Ooze","player_choice":"success","floor":12,"damage_taken":3},{"event_name":"The Library","player_choice":"Read","floor":20,"damage_taken":0},{"event_name":"Golden Shrine","player_choice":"Pray","floor":31,"damage_taken":0}],"is_beta":false,"boss_relics":[{"not_picked":["Lizard Tail","Tiny House"],"picked":"Sozu"}],"items_purged_floors":[13,21],"is_endless":false,"potions_floor_spawned":[2,4,6,11,22,25,29,30],"killed_by":"Champ","ascension_level":4}