{"gold_per_floor":[112,112,128,15,15,15,15,47,47,65,65,93,4,24,24,100,100,117,117,117,42,42,42,57,57,127,48,48,65,65,100,100,179,179,195,212,16,16,36,36,61,61,87,107,122,122,122,140,140,140],"floor_reached":50,"playtime":2077,"items_purged":["Decay"],"score":918,"play_id":"9b90a332-99e8-4baa-b176-e7621dcac61b","local_time":"20190118224210","is_ascension_mode":true,"campfire_choices":[{"data":"Caltrops","floor":6.0,"key":"SMITH"},{"data":"Predator","floor":11.0,"key":"SMITH"},{"data":"Crippling Poison","floor":15.0,"key":"SMITH"},{"data":"Ghostly","floor":23.0,"key":"SMITH"},{"data":"Ghostly","floor":25.0,"key":"SMITH"},{"data":"Ghostly","floor":28,"key":"SMITH"},{"data":"Ghostly","floor":32,"key":"SMITH"},{"floor":40,"key":"REST"},{"data":"Pain","floor":49,"key":"PURGE"}],"neow_cost":"NONE","seed_source_timestamp":1131917652211235,"circlet_count":0,"master_deck":["AscendersBane","Defend_G","Defend_G","Defend_G","Defend_G+1","Defend_G","Strike_G","Strike_G","Strike_G+1","Strike_G","Strike_G","Survivor","Neutralize","Storm of Steel","Predator+1","Backstab","Caltrops+1","Bouncing Flask","PiercingWail","Backstab","Backstab","Crippling Poison+1","Deadly Poison","Die Die Die","Writhe","Parasite","Clumsy","Cloak And Dagger+1","Ghostly+1","Ghostly+1","Ghostly+1","Ghostly+1","Ghostly+1","Blur","Well Laid Plans","Backstab+1","Night Terror","Well Laid Plans","Well Laid Plans","Blur","Backflip","PiercingWail+1"],"special_seed":0,"relics":["Ring of the Snake","Dream Catcher","Paper Crane","The Specimen","Calling Bell","Anchor","Darkstone Periapt","Incense Burner","MutagenicStrength","Mummified Hand","Snake Skull","Cursed Key","Strange Spoon","Vajra","Peace Pipe","Smiling Mask"],"potions_floor_usage":[33,33,39,48],"damage_taken":[{"damage":0.0,"enemies":"Cultist","floor":1.0,"turns":4.0},{"damage":2.0,"enemies":"Small Slimes","floor":3.0,"turns":3.0},{"damage":15.0,"enemies":"Gremlin Nob","floor":8.0,"turns":4.0},{"damage":0.0,"enemies":"Jaw Worm","floor":10.0,"turns":4.0},{"damage":19.0,"enemies":"Lagavulin","floor":12.0,"turns":5.0},{"damage":0.0,"enemies":"Gremlin Gang","floor":14.0,"turns":4.0},{"damage":8.0,"enemies":"Hexaghost","floor":16.0,"turns":9.0},{"damage":6.0,"enemies":"Spheric Guardian","floor":18.0,"turns":3.0},{"damage":0.0,"enemies":"3 Byrds","floor":24.0,"turns":6.0},{"damage":3,"enemies":"3 Cultists","floor":29,"turns":5},{"damage":3,"enemies":"Book of Stabbing","floor":31,"turns":5},{"damage":18,"enemies":"Champ","floor":33,"turns":13},{"damage":4,"enemies":"3 Darklings","floor":35,"turns":6},{"damage":7,"enemies":"3 Shapes","floor":36,"turns":6},{"damage":17,"enemies":"Writhing Mass","floor":39,"turns":5},{"damage":21,"enemies":"Nemesis","floor":41,"turns":13},{"damage":0,"enemies":"Maw","floor":44,"turns":10},{"damage":3,"enemies":"Sphere and 2 Shapes","floor":45,"turns":7},{"damage":3,"enemies":"3 Darklings","floor":48,"turns":6},{"damage":40,"enemies":"Donu and Deca","floor":50,"turns":9}],"seed_played":"5480420169779278612","potions_obtained":[{"floor":8.0,"key":"SneckoOil"},{"floor":10.0,"key":"Weak Potion"},{"floor":12.0,"key":"SkillPotion"},{"floor":18.0,"key":"Regen Potion"},{"floor":31,"key":"Poison Potion"},{"floor":35,"key":"Poison Potion"},{"floor":45,"key":"Fire Potion"}],"is_trial":false,"path_per_floor":["M","?","M","$","?","R","?","E","T","M","R","E","$","M","R","B",null,"M","?","?","$","?","R","M","R","T","$","R","M","?","E","R","B",null,"M","M","$","?","M","R","E","?","T","M","M","?","?","M","R","B"],"character_chosen":"THE_SILENT","items_purchased":["Caltrops","Bouncing Flask","Crippling Poison","Deadly Poison","Well Laid Plans","Strange Spoon"],"campfire_rested":1,"item_purchase_floors":[4,4,13,13,27,37],"current_hp_per_floor":[63,49,47,47,47,47,47,32,32,32,32,13,13,13,13,5,54,48,35,41,41,41,41,41,41,41,41,41,38,38,35,35,32,39,35,28,28,28,11,23,2,2,8,8,5,41,41,38,38,0],"gold":140,"neow_bonus":"ONE_RANDOM_RARE_CARD","is_prod":false,"is_daily":false,"chose_seed":false,"campfire_upgraded":7,"win_rate":0,"timestamp":1547851330,"path_taken":["M","?","M","$","?","R","?","E","T","M","R","E","?","?","R","BOSS","M","?","?","$","?","R","M","R","T","$","R","?","?","E","R","BOSS","M","M","$","?","M","R","E","?","T","M","?","?","?","M","R","BOSS"],"build_version":"2019-01-17v2","purchased_purges":1,"victory":false,"max_hp_per_floor":[70,70,70,70,70,70,70,70,70,70,70,70,70,70,70,70,70,70,35,41,41,41,41,41,41,41,41,41,41,41,41,41,41,41,41,41,41,41,41,41,41,41,47,47,47,41,41,41,41,41],"card_choices":[{"not_picked":["Cloak And Dagger","Dagger Spray"],"picked":"Predator","floor":1.0},{"not_picked":["Dagger Spray","Backflip"],"picked":"Backstab","floor":3.0},{"not_picked":["Backflip","All Out Attack"],"picked":"PiercingWail","floor":8.0},{"not_picked":["Flying Knee","Reflex"],"picked":"Backstab","floor":10.0},{"not_picked":["Cloak And Dagger","Skewer"],"picked":"Backstab","floor":12.0},{"not_picked":["Acrobatics","Infinite Blades","All Out Attack"],"picked":"SKIP","floor":14.0},{"not_picked":["Night Terror","Storm of Steel"],"picked":"Die Die Die","floor":16.0},{"not_picked":["PiercingWail","Quick Slash"],"picked":"Cloak And Dagger+1","floor":18.0},{"not_picked":["Cloak And Dagger","Terror"],"picked":"Blur","floor":24.0},{"not_picked":["Dagger Spray","Sucker Punch+1"],"picked":"Backstab+1","floor":29},{"not_picked":["Heel Hook","Accuracy","Dagger Throw+1"],"picked":"SKIP","floor":31},{"not_picked":["Grand Finale","Tools of the Trade"],"picked":"Night Terror","floor":33},{"not_picked":["Cloak And Dagger","Acrobatics+1"],"picked":"Well Laid Plans","floor":35},{"not_picked":["Blade Dance","Acrobatics"],"picked":"Well Laid Plans","floor":36},{"not_picked":["Poisoned Stab","Dagger Throw","Heel Hook"],"picked":"SKIP","floor":39},{"not_picked":["Masterful Stab","Dodge and Roll"],"picked":"Blur","floor":41},{"not_picked":["Deflect","Escape Plan"],"picked":"Backflip","floor":44},{"not_picked":["Outmaneuver","Flying Knee","Dagger Throw+1"],"picked":"SKIP","floor":45},{"not_picked":["Die Die Die","Prepared"],"picked":"PiercingWail+1","floor":48}],"player_experience":143288,"relics_obtained":[{"floor":8.0,"key":"Dream Catcher"},{"floor":9.0,"key":"Paper Crane"},{"floor":12.0,"key":"The Specimen"},{"floor":17.0,"key":"Anchor"},{"floor":17.0,"key":"Darkstone Periapt"},{"floor":17.0,"key":"Incense Burner"},{"floor":26.0,"key":"Mummified Hand"},{"floor":31,"key":"Snake Skull"},{"floor":41,"key":"Vajra"},{"floor":42,"key":"Peace Pipe"},{"floor":43,"key":"Smiling Mask"}],"event_choices":[{"damage_healed":0.0,"max_hp_gain":0.0,"max_hp_loss":0.0,"gold_gain":0.0,"event_name":"Shining Light","player_choice":"Entered Light","floor":2.0,"gold_loss":0.0,"damage_taken":14.0,"cards_upgraded":["Strike_G","Defend_G"]},{"damage_healed":0.0,"max_hp_gain":0.0,"max_hp_loss":0.0,"gold_gain":0.0,"event_name":"Golden Idol","player_choice":"Ignored","floor":5.0,"gold_loss":0.0,"damage_taken":0.0},{"damage_healed":0.0,"max_hp_gain":0.0,"max_hp_loss":0.0,"gold_gain":0.0,"event_name":"Liars Game","player_choice":"Ignored","floor":7.0,"gold_loss":0.0,"damage_taken":0.0},{"damage_healed":0.0,"max_hp_gain":0.0,"max_hp_loss":35.0,"gold_gain":0.0,"event_name":"Ghosts","player_choice":"Became a Ghost","floor":19.0,"gold_loss":0.0,"damage_taken":0.0,"cards_obtained":["Ghostly","Ghostly","Ghostly","Ghostly","Ghostly"]},{"damage_healed":0.0,"max_hp_gain":0.0,"max_hp_loss":0.0,"gold_gain":0.0,"event_name":"Forgotten Altar","player_choice":"Smashed Altar","floor":20.0,"gold_loss":0.0,"damage_taken":0.0,"cards_obtained":["Decay"]},{"damage_healed":0.0,"max_hp_gain":0.0,"max_hp_loss":0.0,"gold_gain":0.0,"event_name":"Drug Dealer","player_choice":"Inject Mutagens","floor":22.0,"gold_loss":0.0,"damage_taken":0.0,"relics_obtained":["MutagenicStrength"]},{"damage_healed":0,"gold_gain":0,"player_choice":"Ignored","damage_taken":0,"max_hp_gain":0,"max_hp_loss":0,"event_name":"Beggar","floor":30,"gold_loss":0},{"damage_healed":0,"gold_gain":0,"player_choice":"Ignored","damage_taken":0,"max_hp_gain":0,"max_hp_loss":0,"event_name":"Mysterious Sphere","floor":38,"gold_loss":0},{"damage_healed":0,"gold_gain":0,"player_choice":"Relic","damage_taken":0,"max_hp_gain":0,"max_hp_loss":0,"event_name":"Wheel of Change","floor":42,"gold_loss":0},{"damage_healed":41,"gold_gain":0,"player_choice":"Heal","damage_taken":0,"max_hp_gain":0,"max_hp_loss":6,"event_name":"The Moai Head","floor":46,"gold_loss":0},{"damage_healed":0,"gold_gain":0,"player_choice":"Upgraded","damage_taken":0,"max_hp_gain":0,"max_hp_loss":0,"event_name":"Upgrade Shrine","floor":47,"gold_loss":0,"cards_upgraded":["Ghostly"]}],"is_beta":false,"boss_relics":[{"not_picked":["HoveringKite","White Beast Statue"],"picked":"Calling Bell"},{"not_picked":["Lizard Tail","Astrolabe"],"picked":"Cursed Key"}],"items_purged_floors":[21],"is_endless":false,"potions_floor_spawned":[8,10,12,14,18,31,35,45],"killed_by":"Donu and Deca","ascension_level":13}