{"path_per_floor":["M","$","M","M","M","R","T","R","T","$","M","?","M","$","R","B",null,"M","M","?","?","?","R","M","M","T","R","M","?","R","M","R","B",null,"M","?","?","M","?","E","R","E","T","M","R","M","?","?","R","B"],"character_chosen":"THE_SILENT","items_purchased":["Footwork"],"gold_per_floor":[118,43,57,72,84,84,111,111,135,35,45,45,55,18,18,114,114,128,142,92,192,107,107,126,142,142,142,156,156,156,176,176,274,274,293,293,293,309,309,334,334,369,439,457,457,475,0,0,0,0],"floor_reached":51,"campfire_rested":2,"playtime":2890,"current_hp_per_floor":[68,68,68,68,68,68,68,68,68,68,68,68,68,68,68,32,70,70,70,70,70,80,80,77,73,73,73,73,73,73,59,59,53,80,80,80,80,80,70,70,70,17,17,21,45,42,42,42,65,19],"items_purged":["Strike_G","Strike_G"],"gold":0,"play_id":"bc1359ab-7465-4eb5-a03c-d4917ac239be","is_prod":false,"is_daily":false,"is_ascension_mode":false,"campfire_upgraded":7,"path_taken":["M","?","?","M","M","R","?","R","T","$","M","?","M","$","R","BOSS","M","M","?","?","?","R","M","M","T","R","?","?","R","M","R","BOSS","M","?","?","?","?","E","R","E","T","M","R","M","?","?","R","BOSS"],"build_version":"2018-01-25-BETA1","purchased_purges":2,"victory":true,"master_deck":["Defend_G","Defend_G","Defend_G","Defend_G","Defend_G","Strike_G","Strike_G","Strike_G","Survivor","Neutralize+1","Phantasmal Killer+1","Dash","Cloak And Dagger+1","Blade Dance+1","Accuracy+1","Footwork+1","Adrenaline+1","Prepared+1","After Image+1","Prepared+1","Cloak And Dagger+1","Die Die Die","Distraction+1","Adrenaline","Madness","Madness","Cloak And Dagger","Choke","Backflip+1","Accuracy+1"],"max_hp_per_floor":[70,70,70,70,70,70,70,70,70,70,70,70,70,70,70,70,70,70,70,70,70,80,80,80,80,80,80,80,80,80,80,80,80,80,80,80,80,80,80,80,80,80,80,80,80,80,80,77,77,77],"relics":["Ring of the Snake","Bag of Marbles","Vajra","Black Star","Pear","Molten Egg","Cursed Key","Bird Faced Urn","Girya","Orichalcum","Dream Catcher","Bottled Lightning","Red Mask"],"card_choices":[{"not_picked":["Wraith Form","Backflip"],"picked":"Dash"},{"not_picked":["Poisoned Stab","Flying Knee"],"picked":"Cloak And Dagger"},{"not_picked":["Dagger Spray","Blur"],"picked":"Blade Dance"},{"not_picked":["All Out Attack","Tools of the Trade"],"picked":"Accuracy"},{"not_picked":["Tactician","Unload"],"picked":"Adrenaline"},{"not_picked":["Outmaneuver","Quick Slash"],"picked":"Prepared"},{"not_picked":["Acrobatics","Underhanded Strike"],"picked":"After Image"},{"not_picked":["Catalyst","Leg Sweep"],"picked":"Prepared"},{"not_picked":["Dagger Spray","Acrobatics"],"picked":"Cloak And Dagger"},{"not_picked":["Sucker Punch","Bane"],"picked":"Distraction"},{"not_picked":["Unload","Tactician"],"picked":"Adrenaline"},{"not_picked":["Masterful Stab","Backflip"],"picked":"Cloak And Dagger"},{"not_picked":["Dash","Caltrops"],"picked":"Choke"},{"not_picked":["Poisoned Stab","Bouncing Flask"],"picked":"Backflip"},{"not_picked":["Escape Plan","Quick Slash"],"picked":"Accuracy"}],"player_experience":92743,"potions_floor_usage":[50,50],"damage_taken":[{"damage":2.0,"enemies":"Blue Slaver","floor":1.0,"turns":9.0},{"damage":0.0,"enemies":"Cultist","floor":3.0,"turns":4.0},{"damage":0.0,"enemies":"2 Louse","floor":4.0,"turns":3.0},{"damage":0.0,"enemies":"Exordium Thugs","floor":5.0,"turns":10.0},{"damage":0.0,"enemies":"Red Slaver","floor":11.0,"turns":2.0},{"damage":0.0,"enemies":"3 Louse","floor":13.0,"turns":3.0},{"damage":50.0,"enemies":"Hexaghost","floor":16.0,"turns":11.0},{"damage":0.0,"enemies":"Spheric Guardian","floor":18.0,"turns":1.0},{"damage":0.0,"enemies":"2 Thieves","floor":19.0,"turns":3.0},{"damage":3.0,"enemies":"Snecko","floor":24.0,"turns":5.0},{"damage":4.0,"enemies":"Sentry and Sphere","floor":25.0,"turns":3.0},{"damage":0.0,"enemies":"3 Cultists","floor":28.0,"turns":6.0},{"damage":14.0,"enemies":"Centurion and Healer","floor":31.0,"turns":4.0},{"damage":6.0,"enemies":"Collector","floor":33.0,"turns":10.0},{"damage":0.0,"enemies":"Orb Walker","floor":35.0,"turns":2.0},{"damage":0.0,"enemies":"3 Shapes","floor":38.0,"turns":4.0},{"damage":0.0,"enemies":"Giant Head","floor":40.0,"turns":8.0},{"damage":59.0,"enemies":"Nemesis","floor":42.0,"turns":13.0},{"damage":0.0,"enemies":"3 Darklings","floor":44.0,"turns":3.0},{"damage":9.0,"enemies":"Maw","floor":46.0,"turns":7.0},{"damage":54,"enemies":"Donu and Deca","floor":50,"turns":10}],"event_choices":[{"event_name":"Match and Keep!","player_choice":"0 cards matched","floor":12.0,"damage_taken":0.0},{"event_name":"The Joust","player_choice":"Bet on Murderer","floor":20.0,"damage_taken":0.0},{"event_name":"Golden Shrine","player_choice":"Pray","floor":21.0,"damage_taken":0.0},{"event_name":"Addict","player_choice":"Obtained Relic","floor":22.0,"damage_taken":0.0},{"event_name":"The Library","player_choice":"Read","floor":29.0,"damage_taken":0.0},{"event_name":"Upgrade Shrine","player_choice":"Upgraded","floor":36.0,"damage_taken":0.0},{"event_name":"The Lab","player_choice":"Got Potions","floor":37.0,"damage_taken":0.0},{"event_name":"Winding Halls","player_choice":"Embrace Madness","floor":39.0,"damage_taken":0.0},{"event_name":"Tomb of Lord Red Mask","player_choice":"Paid","floor":47.0,"damage_taken":0.0},{"event_name":"Purifier","player_choice":"One Purge","floor":48.0,"damage_taken":0.0}],"boss_relics":[],"potions_floor_spawned":[1,5,16,19,25,33,40,44,46],"seed_played":"9080748357036969125","ascension_level":0,"is_trial":false}