{"path_per_floor":["M","M","M","?","?","E","R","E","T","$","R","E","M","E","R","B",null,"M","?","M","$","?","E","R","E","T","E","R","E","M","M","R","B",null,"M","?","?","$","M","R","$","E","T","E","M","$","M","E","R","B"],"character_chosen":"THE_SILENT","items_purchased":["Gremlin Horn","Ninja Scroll","Masterful Stab","Lantern","Paper Crane","Matryoshka","Secret Weapon","Mind Blast","Swift Strike","Toolbox"],"gold_per_floor":[144,189,234,234,234,324,324,414,414,89,89,179,224,314,314,614,614,659,659,704,131,131,221,221,311,336,426,426,516,561,606,606,906,906,951,951,951,136,181,181,31,121,421,511,556,61,106,196,196,196],"floor_reached":51,"campfire_rested":7,"playtime":2195,"current_hp_per_floor":[70,68,68,68,68,22,43,29,29,29,50,30,26,12,33,7,70,51,38,34,34,34,30,52,40,40,29,52,25,23,19,42,35,79,77,67,67,67,61,83,83,81,81,81,81,81,79,83,83,85],"items_purged":["Strike_G","Strike_G","Bullet Time","Strike_G","Strike_G"],"gold":196,"score":1164,"play_id":"e8ae7ae5-8cdc-4ea3-81fa-24deacbcef6d","local_time":"20180410005922","daily_mods":["Diverse","Midas","Elite Swarm"],"is_prod":false,"is_daily":true,"is_ascension_mode":false,"campfire_upgraded":0,"timestamp":1523343562,"path_taken":["M","M","M","?","?","E","R","E","T","$","R","E","M","E","R","BOSS","M","?","M","$","?","E","R","E","T","E","R","E","M","M","R","BOSS","M","?","?","$","M","R","$","E","T","E","M","$","M","E","R","BOSS"],"build_version":"2018-04-05","purchased_purges":5,"victory":true,"master_deck":["Defend_G","Defend_G","Defend_G+1","Strike_G","Survivor","Neutralize+1","Twin Strike","Flex+1","Poisoned Stab","Offering","Double Tap","Slice","Warcry","Masterful Stab","Adrenaline+1","Adrenaline+1","Calculated Gamble+1","Burst+1","Tools of the Trade+1","Bouncing Flask+1","Madness+1","Madness+1","Secret Weapon+1","Mind Blast","Swift Strike","Finisher+1"],"max_hp_per_floor":[70,70,70,70,70,70,70,70,70,70,70,70,70,70,70,70,70,70,75,75,75,75,75,75,75,75,77,77,77,79,79,79,79,79,81,81,81,81,83,83,83,85,85,87,89,89,89,91,91,91],"relics":["Ring of the Snake","Ice Cream","Unceasing Top","Calipers","Gremlin Horn","Kunai","Centennial Puzzle","Black Star","Ninja Scroll","Lantern","Girya","Gambling Chip","Mummified Hand","Toxic Egg 2","Vajra","Happy Flower","Singing Bowl","Bag of Marbles","Oddly Smooth Stone","Astrolabe","Darkstone Periapt","Paper Crane","Matryoshka","War Paint","Blood Vial","Ancient Tea Set","Old Coin","The Courier","Letter Opener","Toolbox","Bronze Scales","Prayer Wheel"],"card_choices":[{"not_picked":["Second Wind","Concentrate"],"picked":"Twin Strike","floor":1},{"not_picked":["Setup","Anger"],"picked":"Flex","floor":2},{"not_picked":["Iron Wave","Dodge and Roll"],"picked":"Poisoned Stab","floor":3},{"not_picked":["Berserk","Glass Knife"],"picked":"Offering","floor":8},{"not_picked":["Berserk","Bludgeon"],"picked":"Double Tap","floor":16},{"not_picked":["Sentinel","Catalyst"],"picked":"Slice","floor":18},{"not_picked":["Cloak And Dagger","Underhanded Strike"],"picked":"Warcry","floor":20},{"not_picked":["Immolate","Berserk"],"picked":"Tactician","floor":23},{"not_picked":["Die Die Die","Limit Break"],"picked":"Adrenaline","floor":25},{"not_picked":["Tactician","Die Die Die"],"picked":"Adrenaline","floor":29},{"not_picked":["Second Wind","Sever Soul"],"picked":"Calculated Gamble","floor":31},{"not_picked":["Envenom","Tactician"],"picked":"Burst","floor":33},{"not_picked":["Pummel","Corpse Explosion"],"picked":"Finisher","floor":47}],"player_experience":289100,"potions_floor_usage":[8,12,16,16,16,29,33,33],"damage_taken":[{"damage":0,"enemies":"Jaw Worm","floor":1,"turns":6},{"damage":2,"enemies":"Small Slimes","floor":2,"turns":4},{"damage":0,"enemies":"2 Louse","floor":3,"turns":3},{"damage":46,"enemies":"Lagavulin","floor":6,"turns":8},{"damage":14,"enemies":"Gremlin Nob","floor":8,"turns":3},{"damage":20,"enemies":"Lagavulin","floor":12,"turns":4},{"damage":4,"enemies":"Blue Slaver","floor":13,"turns":2},{"damage":14,"enemies":"3 Sentries","floor":14,"turns":9},{"damage":26,"enemies":"Slime Boss","floor":16,"turns":13},{"damage":19,"enemies":"Spheric Guardian","floor":18,"turns":4},{"damage":4,"enemies":"2 Thieves","floor":20,"turns":4},{"damage":4,"enemies":"Slavers","floor":23,"turns":4},{"damage":12,"enemies":"Gremlin Leader","floor":25,"turns":7},{"damage":13,"enemies":"Book of Stabbing","floor":27,"turns":4},{"damage":27,"enemies":"Gremlin Leader","floor":29,"turns":7},{"damage":4,"enemies":"Snecko","floor":30,"turns":1},{"damage":4,"enemies":"Centurion and Healer","floor":31,"turns":1},{"damage":22,"enemies":"Champ","floor":33,"turns":15},{"damage":4,"enemies":"Orb Walker","floor":35,"turns":1},{"damage":8,"enemies":"3 Darklings","floor":39,"turns":1},{"damage":4,"enemies":"Nemesis","floor":42,"turns":3},{"damage":4,"enemies":"Giant Head","floor":44,"turns":1},{"damage":4,"enemies":"Flame Bruiser 2 Orb","floor":45,"turns":1},{"damage":4,"enemies":"Spire Growth","floor":47,"turns":1},{"damage":0,"enemies":"Nemesis","floor":48,"turns":1},{"damage":4,"enemies":"Donu and Deca","floor":50,"turns":1}],"event_choices":[{"event_name":"Living Wall","player_choice":"Grow","floor":4,"damage_taken":0},{"event_name":"Liars Game","player_choice":"disagreed","floor":5,"damage_taken":0},{"event_name":"Forgotten Altar","player_choice":"Shed Blood","floor":19,"damage_taken":0},{"event_name":"Ghosts","player_choice":"Ignored","floor":22,"damage_taken":0},{"event_name":"Winding Halls","player_choice":"Embrace Madness","floor":36,"damage_taken":0},{"event_name":"Accursed Blacksmith","player_choice":"Rummage","floor":37,"damage_taken":0}],"boss_relics":[{"not_picked":["White Beast Statue","Cursed Key"],"picked":"Black Star"},{"not_picked":["Velvet Choker","Calling Bell"],"picked":"Astrolabe"}],"potions_floor_spawned":[3,6,12,13,14,27,30,31,33,35,44,45],"seed_played":"-3035247883718955550","ascension_level":0,"is_trial":false}