{"gold_per_floor":[114,125,50,68,83,116,128,153,165,147,159,186,209,251,263,378,390,414,443,467,479,506,518],"floor_reached":23,"playtime":2208,"items_purged":["Strike_B"],"score":207,"play_id":"bd4b7edd-8ad5-4494-ad22-5cb39a537f95","local_time":"20190429130951","is_ascension_mode":false,"campfire_choices":[{"data":"Tempest","floor":7.0,"key":"SMITH"},{"data":"Redo","floor":15.0,"key":"SMITH"}],"neow_cost":"NONE","seed_source_timestamp":0,"circlet_count":0,"master_deck":["Strike_B","Strike_B","Strike_B","Defend_B","Defend_B","Defend_B","Defend_B","Zap","Dualcast","Conserve Battery","Turbo","Conserve Battery","Tempest+1","Reinforced Body","Ball Lightning","Core Surge","Zap","Redo+1","Seek","Thunder Strike","Coolheaded","Coolheaded","Chill"],"special_seed":0,"relics":["Cracked Core","MawBank","Question Card","Letter Opener","Nuclear Battery"],"potions_floor_usage":[20,20,23],"damage_taken":[{"damage":10.0,"enemies":"Small Slimes","floor":1.0,"turns":3.0},{"damage":1.0,"enemies":"Cultist","floor":2.0,"turns":3.0},{"damage":0.0,"enemies":"2 Louse","floor":4.0,"turns":2.0},{"damage":0.0,"enemies":"2 Fungi Beasts","floor":5.0,"turns":4.0},{"damage":10.0,"enemies":"Lagavulin","floor":6.0,"turns":6.0},{"damage":10.0,"enemies":"Lots of Slimes","floor":8.0,"turns":3.0},{"damage":0.0,"enemies":"Looter","floor":10.0,"turns":4.0},{"damage":0.0,"enemies":"Blue Slaver","floor":12.0,"turns":3.0},{"damage":0.0,"enemies":"Large Slime","floor":13.0,"turns":3.0},{"damage":13.0,"enemies":"3 Sentries","floor":14.0,"turns":6.0},{"damage":36.0,"enemies":"The Guardian","floor":16.0,"turns":11.0},{"damage":10,"enemies":"3 Byrds","floor":18,"turns":3},{"damage":10,"enemies":"Spheric Guardian","floor":19,"turns":4},{"damage":31,"enemies":"Snake Plant","floor":20,"turns":3},{"damage":5,"enemies":"Shelled Parasite and Fungi","floor":22,"turns":3},{"damage":19,"enemies":"Gremlin Leader","floor":23,"turns":4}],"seed_played":"501521723878230989","potions_obtained":[{"floor":4.0,"key":"GamblersBrew"},{"floor":12.0,"key":"FocusPotion"},{"floor":13.0,"key":"GamblersBrew"},{"floor":14.0,"key":"Poison Potion"},{"floor":18,"key":"Regen Potion"},{"floor":19,"key":"EssenceOfSteel"},{"floor":20,"key":"FocusPotion"}],"is_trial":false,"path_per_floor":["M","M","$","M","M","E","R","M","T","M","?","M","M","E","R","B",null,"M","M","M","?","M","E"],"character_chosen":"DEFECT","items_purchased":[],"campfire_rested":0,"item_purchase_floors":[],"current_hp_per_floor":[72,71,71,71,71,61,61,51,51,51,51,51,51,38,38,2,82,72,62,40,24,19,0],"gold":518,"neow_bonus":"TEN_PERCENT_HP_BONUS","is_prod":false,"is_daily":false,"chose_seed":false,"campfire_upgraded":2,"win_rate":0,"timestamp":1556514591,"path_taken":["M","M","$","M","M","E","R","M","T","M","?","M","?","E","R","BOSS","M","M","M","?","M","E"],"build_version":"2019-01-23","purchased_purges":1,"victory":false,"max_hp_per_floor":[82,82,82,82,82,82,82,82,82,82,82,82,82,82,82,82,82,82,82,82,87,87,87],"card_choices":[{"not_picked":["Rebound","Hologram"],"picked":"Conserve Battery","floor":1.0},{"not_picked":["Glacier","Hologram"],"picked":"Turbo","floor":2.0},{"not_picked":["Go for the Eyes","Steam"],"picked":"Conserve Battery","floor":4.0},{"not_picked":["Aggregate","Recycle"],"picked":"Tempest","floor":5.0},{"not_picked":["Steam Power","Steam"],"picked":"Reinforced Body","floor":6.0},{"not_picked":["Undo","Steam Power","Barrage"],"picked":"SKIP","floor":8.0},{"not_picked":["BootSequence","Hyperbeam","Turbo"],"picked":"Ball Lightning","floor":10.0},{"not_picked":["Rebound","Rip and Tear","Leap","Gash"],"picked":"SKIP","floor":12.0},{"not_picked":["Barrage","Streamline","Hologram"],"picked":"Redo","floor":13.0},{"not_picked":["Chaos","Barrage","Sweeping Beam"],"picked":"Seek","floor":14.0},{"not_picked":["Amplify","Creative AI","Core Surge"],"picked":"Thunder Strike","floor":16.0},{"not_picked":["Hologram","FTL","Stack"],"picked":"Coolheaded","floor":18},{"not_picked":["Rip and Tear","Barrage","Chaos","Blizzard+1"],"picked":"SKIP","floor":19},{"not_picked":["Beam Cell","Go for the Eyes","Conserve Battery"],"picked":"Coolheaded","floor":20},{"not_picked":["Hologram","Scrape","Beam Cell"],"picked":"Chill","floor":22}],"player_experience":290495,"relics_obtained":[{"floor":6.0,"key":"MawBank"},{"floor":9.0,"key":"Question Card"},{"floor":14.0,"key":"Letter Opener"}],"event_choices":[{"damage_healed":0.0,"max_hp_gain":0.0,"max_hp_loss":0.0,"gold_gain":0.0,"event_name":"Match and Keep!","player_choice":"2 cards matched","floor":11.0,"gold_loss":0.0,"damage_taken":0.0,"cards_obtained":["Core Surge","Zap"]},{"damage_healed":0,"gold_gain":0,"player_choice":"Shed Blood","damage_taken":21,"max_hp_gain":5,"max_hp_loss":0,"event_name":"Forgotten Altar","floor":21,"gold_loss":0}],"is_beta":false,"boss_relics":[{"not_picked":["Runic Dome","Ectoplasm"],"picked":"Nuclear Battery"}],"items_purged_floors":[3],"is_endless":false,"potions_floor_spawned":[4,12,13,14,18,19,20],"killed_by":"Gremlin Leader","ascension_level":0}