{"gold_per_floor":[213,226,22,38,48,48,68,81,104,124,141,141,153,83,83,178,178,198,210,210,210,59,59,59,59,59,72,72,72],"floor_reached":29,"playtime":3456,"items_purged":["Writhe"],"score":219,"play_id":"74cc62db-fe0b-410b-b508-941bc900246e","local_time":"20181120004137","is_ascension_mode":false,"campfire_choices":[{"data":"Streamline","floor":6,"key":"SMITH"},{"data":"Redo","floor":12,"key":"SMITH"},{"data":"Genetic Algorithm","floor":15,"key":"SMITH"},{"data":"Chill","floor":23,"key":"SMITH"},{"data":"Creative AI","floor":25,"key":"SMITH"},{"data":"Zap","floor":28,"key":"SMITH"}],"neow_cost":"NONE","seed_source_timestamp":973384398310698,"circlet_count":0,"master_deck":["Strike_B","Strike_B","Strike_B","Strike_B","Defend_B","Defend_B","Defend_B","Defend_B","Zap+1","Dualcast","Conserve Battery","Self Repair","Streamline+1","Consume","Cold Snap","Redo+1","Chill+1","Stack","Genetic Algorithm+1","Creative AI+1","Skim+1","Coolheaded","BootSequence","Redo+1"],"relics":["Cracked Core","HandDrill","Potion Belt","White Beast Statue","Meat on the Bone","Shuriken"],"potions_floor_usage":[16,16,16,16,19,29,29],"damage_taken":[{"damage":1,"enemies":"Cultist","floor":1,"turns":3},{"damage":1,"enemies":"Jaw Worm","floor":2,"turns":4},{"damage":0,"enemies":"Small Slimes","floor":4,"turns":3},{"damage":4,"enemies":"Blue Slaver","floor":5,"turns":4},{"damage":8,"enemies":"Looter","floor":7,"turns":3},{"damage":4,"enemies":"Exordium Wildlife","floor":8,"turns":3},{"damage":4,"enemies":"Blue Slaver","floor":10,"turns":4},{"damage":25,"enemies":"Exordium Thugs","floor":11,"turns":8},{"damage":0,"enemies":"Large Slime","floor":13,"turns":4},{"damage":60,"enemies":"Slime Boss","floor":16,"turns":21},{"damage":45,"enemies":"2 Thieves","floor":18,"turns":5},{"damage":9,"enemies":"3 Byrds","floor":19,"turns":10},{"damage":3,"enemies":"Centurion and Healer","floor":27,"turns":11},{"damage":17,"enemies":"Colosseum Slavers","floor":29,"turns":7},{"damage":55,"enemies":"Colosseum Nobs","floor":29,"turns":5}],"seed_played":"3044112065391319313","potions_obtained":[{"floor":4,"key":"EssenceOfSteel"},{"floor":7,"key":"SpeedPotion"},{"floor":10,"key":"GamblersBrew"},{"floor":11,"key":"EssenceOfSteel"},{"floor":13,"key":"Strength Potion"},{"floor":18,"key":"SmokeBomb"},{"floor":19,"key":"Weak Potion"},{"floor":27,"key":"Energy Potion"}],"is_trial":false,"path_per_floor":["M","M","$","M","M","R","M","M","T","M","M","R","M","$","R","B",null,"M","M","?","?","$","R","?","R","T","M","R","?"],"character_chosen":"DEFECT","items_purchased":["HandDrill","Genetic Algorithm","BootSequence"],"campfire_rested":0,"item_purchase_floors":[3,14,22],"current_hp_per_floor":[74,73,73,75,75,75,74,75,75,75,57,57,64,64,64,11,75,37,35,35,60,60,60,60,60,60,64,64,0],"gold":72,"neow_bonus":"HUNDRED_GOLD","is_prod":false,"is_daily":false,"chose_seed":false,"campfire_upgraded":6,"win_rate":0,"timestamp":1542692497,"path_taken":["M","M","$","M","M","R","M","M","T","M","M","R","M","$","R","BOSS","M","?","?","?","?","R","?","R","T","?","R","?"],"build_version":"2018-11-15","purchased_purges":1,"victory":false,"max_hp_per_floor":[75,75,75,75,75,75,75,75,75,75,75,75,75,75,75,75,75,75,75,75,75,75,75,75,75,75,75,75,75],"card_choices":[{"not_picked":["Compile Driver","Beam Cell"],"picked":"Conserve Battery","floor":1},{"not_picked":["Conserve Battery","Cold Snap"],"picked":"Self Repair","floor":2},{"not_picked":["Hyperbeam","Conserve Battery"],"picked":"Streamline","floor":4},{"not_picked":["Reprogram","Ball Lightning"],"picked":"Consume","floor":5},{"not_picked":["Doom and Gloom","Leap"],"picked":"Cold Snap","floor":7},{"not_picked":["Streamline","Auto Shields"],"picked":"Redo","floor":8},{"not_picked":["Barrage","Consume","Leap"],"picked":"SKIP","floor":10},{"not_picked":["Compile Driver","Cold Snap"],"picked":"Chill","floor":11},{"not_picked":["Double Energy","Compile Driver"],"picked":"Stack","floor":13},{"not_picked":["Machine Learning","Buffer"],"picked":"Creative AI","floor":16},{"not_picked":["Stack","Steam+1"],"picked":"Skim+1","floor":18},{"not_picked":["Stack","Compile Driver"],"picked":"Coolheaded","floor":19},{"not_picked":["White Noise","Darkness"],"picked":"Redo+1","floor":27}],"player_experience":341528,"relics_obtained":[{"floor":9,"key":"Potion Belt"},{"floor":26,"key":"Shuriken"}],"event_choices":[{"damage_healed":0,"gold_gain":0,"player_choice":"Opened","damage_taken":0,"relics_obtained":["Meat on the Bone"],"max_hp_gain":0,"max_hp_loss":0,"event_name":"The Mausoleum","floor":20,"gold_loss":0,"cards_obtained":["Writhe"]},{"damage_healed":25,"gold_gain":0,"player_choice":"Heal","damage_taken":0,"max_hp_gain":0,"max_hp_loss":0,"event_name":"The Library","floor":21,"gold_loss":0},{"damage_healed":0,"gold_gain":0,"player_choice":"Fight","damage_taken":0,"max_hp_gain":0,"max_hp_loss":0,"event_name":"Colosseum","floor":29,"gold_loss":0},{"damage_healed":0,"gold_gain":0,"player_choice":"Fought Nobs","damage_taken":0,"max_hp_gain":0,"max_hp_loss":0,"event_name":"Colosseum","floor":29,"gold_loss":0}],"is_beta":false,"boss_relics":[{"not_picked":["Runic Pyramid","Lizard Tail"],"picked":"White Beast Statue"}],"items_purged_floors":[22],"is_endless":false,"potions_floor_spawned":[4,7,10,11,13,18,19,27,29],"killed_by":"Colosseum Nobs","ascension_level":0}