{"path_per_floor":["M","M","M","?","M","R","E","M","T","E","$","E","R","E","R","B",null,"M","?","M","M","M","E","$","R","T","?","E","M","M","M","R"],"character_chosen":"IRONCLAD","items_purchased":["Inflame","Shrug It Off","Dual Wield","Happy Flower","Metallicize","Dual Wield"],"gold_per_floor":[118,137,153,228,243,243,272,289,289,317,9,42,42,70,70,169,169,181,106,124,138,151,182,5,5,5,5,38,50,68,86,86],"floor_reached":33,"campfire_rested":2,"playtime":2873,"current_hp_per_floor":[80,80,80,69,68,68,46,47,61,48,48,47,47,45,76,64,104,104,104,91,87,78,49,49,80,80,80,73,79,74,74,74],"items_purged":["Strike_R"],"gold":86,"play_id":"9267deb5-3b88-4b98-b98c-e941c4c35426","is_prod":false,"is_daily":false,"campfire_rituals":0,"campfire_upgraded":3,"is_hardmode":false,"path_taken":["M","M","M","?","M","R","E","M","T","E","$","E","R","E","R","BOSS","M","?","?","M","M","E","$","R","T","?","E","M","M","M","R","BOSS"],"build_version":"2018-01-04-PROD1","purchased_purges":1,"victory":false,"master_deck":["Strike_R","Defend_R","Defend_R","Defend_R","Defend_R","Bash","Twin Strike","Metallicize","Armaments","Cleave","Battle Trance","Spot Weakness","Inflame","Shrug It Off","Dual Wield","Whirlwind","Demon Form","Juggernaut","Heavy Blade","Flame Barrier","Dual Wield","Metallicize","Dual Wield","Clothesline","Entrench","Heavy Blade"],"max_hp_per_floor":[80,80,80,80,80,80,80,80,94,104,104,104,104,104,104,104,104,104,104,104,104,104,104,104,104,104,104,104,104,104,104,104],"relics":["Burning Blood","Shuriken","Mango","Pear","Happy Flower","Ancient Tea Set","Charon\u0027s Ashes","Snecko Eye","Prayer Wheel","Peace Pipe","Darkstone Periapt"],"campfire_meditates":0,"card_choices":[{"not_picked":["Shrug It Off","Anger"],"picked":"Metallicize"},{"not_picked":["Twin Strike","Power Through"],"picked":"Armaments"},{"not_picked":["Infernal Blade","Anger"],"picked":"Cleave"},{"not_picked":["Reaper","Second Wind"],"picked":"Battle Trance"},{"not_picked":["Fiend Fire","Infernal Blade"],"picked":"Spot Weakness"},{"not_picked":["Shockwave","Dark Embrace"],"picked":"Whirlwind"},{"not_picked":["Anger","Flex"],"picked":"Demon Form"},{"not_picked":["Barricade","Exhume"],"picked":"Juggernaut"},{"not_picked":["Headbutt","Sentinel"],"picked":"Heavy Blade"},{"not_picked":["Rupture","Searing Blow"],"picked":"Flame Barrier"},{"not_picked":["Ghostly Armor","Immolate"],"picked":"Dual Wield"},{"not_picked":["Shrug It Off","Intimidate"],"picked":"Clothesline"},{"not_picked":["Clash","Infernal Blade"],"picked":"Entrench"},{"not_picked":["Perfected Strike","Anger"],"picked":"Heavy Blade"}],"player_experience":200855,"potions_floor_usage":[12,14,23,23,23],"damage_taken":[{"damage":2,"enemies":"2 Louse","floor":1,"turns":3},{"damage":0,"enemies":"Small Slimes","floor":2,"turns":4},{"damage":3,"enemies":"Cultist","floor":3,"turns":4},{"damage":7,"enemies":"3 Louse","floor":5,"turns":3},{"damage":28,"enemies":"Lagavulin","floor":7,"turns":9},{"damage":5,"enemies":"2 Fungi Beasts","floor":8,"turns":4},{"damage":29,"enemies":"Gremlin Nob","floor":10,"turns":5},{"damage":7,"enemies":"3 Sentries","floor":12,"turns":6},{"damage":8,"enemies":"Lagavulin","floor":14,"turns":11},{"damage":18,"enemies":"The Guardian","floor":16,"turns":10},{"damage":2,"enemies":"3 Byrds","floor":18,"turns":3},{"damage":19,"enemies":"2 Thieves","floor":20,"turns":4},{"damage":10,"enemies":"Sentry and Sphere","floor":21,"turns":3},{"damage":15,"enemies":"Centurion and Healer","floor":22,"turns":4},{"damage":35,"enemies":"Slavers","floor":23,"turns":3},{"damage":13,"enemies":"Gremlin Leader","floor":28,"turns":8},{"damage":0,"enemies":"Chosen and Byrds","floor":29,"turns":6},{"damage":11,"enemies":"Snake Plant","floor":30,"turns":4},{"damage":6,"enemies":"Centurion and Healer","floor":31,"turns":4},{"damage":86,"enemies":"Automaton","floor":33,"turns":8}],"event_choices":[{"event_name":"World of Goop","player_choice":"Gather Gold","floor":4,"damage_taken":0},{"event_name":"Beggar","player_choice":"Gave Gold","floor":19,"damage_taken":0},{"event_name":"Back to Basics","player_choice":"Elegance","floor":27,"damage_taken":0}],"boss_relics":[{"not_picked":["Mark of Pain","Astrolabe"],"picked":"Snecko Eye"}],"potions_floor_spawned":[7,10,12,20,21,28,29],"seed_played":"-6918146181902982565","killed_by":"Automaton","is_trial":false}