{"gold_per_floor":[115,115,132,132,132,132,159,179,202,6,26,26,52,52,52,125,125,142,161,180,65,77,77,77],"floor_reached":24,"playtime":706,"items_purged":["Strike_B"],"score":412,"play_id":"9c3d09f8-32ea-452b-b18a-be92a8217598","local_time":"20190429172111","is_ascension_mode":true,"campfire_choices":[{"data":"Strike_B","floor":6,"key":"SMITH"},{"data":"Gash","floor":15,"key":"SMITH"},{"data":"Steam","floor":23,"key":"SMITH"}],"neow_cost":"NONE","seed_source_timestamp":3644913081344635,"circlet_count":0,"master_deck":["AscendersBane","Strike_B+1","Strike_B","Strike_B","Defend_B","Defend_B","Defend_B","Defend_B","Zap+1","Dualcast","Cold Snap+1","Gash+1","Ball Lightning","Gash","Reinforced Body","Conserve Battery","Steam+1","Echo Form","Defragment+1","Coolheaded"],"relics":["Cracked Core","Orichalcum","Dream Catcher","Smiling Mask","Gremlin Horn","Coffee Dripper","Kunai"],"potions_floor_usage":[7,11,18,19,20],"damage_taken":[{"damage":0,"enemies":"Cultist","floor":1,"turns":3},{"damage":4,"enemies":"2 Louse","floor":3,"turns":3},{"damage":3,"enemies":"Gremlin Nob","floor":7,"turns":3},{"damage":4,"enemies":"Small Slimes","floor":8,"turns":2},{"damage":20,"enemies":"Exordium Thugs","floor":11,"turns":3},{"damage":18,"enemies":"Lagavulin","floor":13,"turns":6},{"damage":35,"enemies":"The Guardian","floor":16,"turns":12},{"damage":18,"enemies":"2 Thieves","floor":18,"turns":4},{"damage":4,"enemies":"Chosen","floor":19,"turns":4},{"damage":25,"enemies":"Sentry and Sphere","floor":20,"turns":6},{"damage":7,"enemies":"Snecko","floor":22,"turns":6},{"damage":16,"enemies":"Cultist and Chosen","floor":24,"turns":3}],"seed_played":"-6989611496449688841","potions_obtained":[{"floor":1,"key":"AttackPotion"},{"floor":3,"key":"Swift Potion"},{"floor":16,"key":"Weak Potion"},{"floor":18,"key":"EssenceOfSteel"}],"is_trial":false,"path_per_floor":["M","?","M","$","?","R","E","M","T","$","M","?","E","?","R","B",null,"M","M","M","?","M","R","M"],"character_chosen":"DEFECT","items_purchased":["Gash","Reinforced Body","Fire Potion"],"campfire_rested":0,"item_purchase_floors":[10,10,10],"current_hp_per_floor":[64,64,60,60,60,60,57,53,53,53,33,33,15,71,71,36,62,44,40,15,15,8,8,0],"gold":77,"neow_bonus":"RANDOM_COMMON_RELIC","is_prod":false,"is_daily":false,"chose_seed":false,"campfire_upgraded":3,"win_rate":0,"timestamp":1556554871,"path_taken":["M","?","M","$","?","R","E","M","T","$","?","?","E","?","R","BOSS","M","?","?","?","M","R","?"],"build_version":"2019-01-23","purchased_purges":1,"victory":false,"max_hp_per_floor":[71,71,71,71,71,71,71,71,71,71,71,71,71,71,71,71,71,71,71,71,71,71,71,71],"card_choices":[{"not_picked":["Beam Cell","Glacier"],"picked":"Cold Snap","floor":1},{"not_picked":["Undo","Scrape","Beam Cell"],"picked":"SKIP","floor":3},{"not_picked":["Sweeping Beam","Steam"],"picked":"Gash","floor":7},{"not_picked":["Aggregate","Redo"],"picked":"Ball Lightning","floor":8},{"not_picked":["Turbo","Redo"],"picked":"Conserve Battery","floor":11},{"not_picked":["Compile Driver","Stack"],"picked":"Steam","floor":13},{"not_picked":["Seek","Multi-Cast"],"picked":"Echo Form","floor":16},{"not_picked":["Aggregate","Go for the Eyes"],"picked":"Defragment+1","floor":18},{"not_picked":["Stack","Rebound"],"picked":"Coolheaded","floor":19},{"not_picked":["Rebound","Storm","Ball Lightning"],"picked":"SKIP","floor":20},{"not_picked":["Darkness","Echo Form","Chaos"],"picked":"SKIP","floor":22}],"player_experience":735106,"relics_obtained":[{"floor":7,"key":"Dream Catcher"},{"floor":9,"key":"Smiling Mask"},{"floor":13,"key":"Gremlin Horn"}],"event_choices":[{"damage_healed":0,"gold_gain":0,"player_choice":"Grow","damage_taken":0,"max_hp_gain":0,"max_hp_loss":0,"event_name":"Living Wall","floor":2,"gold_loss":0,"cards_upgraded":["Cold Snap"]},{"damage_healed":0,"gold_gain":0,"player_choice":"Upgraded","damage_taken":0,"max_hp_gain":0,"max_hp_loss":0,"event_name":"Upgrade Shrine","floor":5,"gold_loss":0,"cards_upgraded":["Zap"]},{"damage_healed":0,"gold_gain":0,"player_choice":"Ignored","damage_taken":0,"max_hp_gain":0,"max_hp_loss":0,"event_name":"Shining Light","floor":12,"gold_loss":0},{"damage_healed":56,"gold_gain":0,"player_choice":"Full Heal","damage_taken":0,"max_hp_gain":0,"max_hp_loss":0,"event_name":"Wheel of Change","floor":14,"gold_loss":0},{"damage_healed":0,"gold_gain":0,"player_choice":"Paid Gold","damage_taken":0,"relics_obtained":["Kunai"],"max_hp_gain":0,"max_hp_loss":0,"event_name":"WeMeetAgain","floor":21,"gold_loss":115}],"is_beta":false,"boss_relics":[{"not_picked":["White Beast Statue","Velvet Choker"],"picked":"Coffee Dripper"}],"items_purged_floors":[10],"is_endless":false,"potions_floor_spawned":[1,3,16,18],"killed_by":"Cultist and Chosen","ascension_level":20}