{"path_per_floor":["M","?","M","$","M","E","?","R","T","M","M","M","R","M","R","B",null],"character_chosen":"DEFECT","items_purchased":["Leap"],"gold_per_floor":[112,112,127,3,22,52,52,52,52,75,93,111,111,126,126,247,247,270],"floor_reached":18,"campfire_rested":1,"playtime":886,"current_hp_per_floor":[75,75,67,67,67,39,39,59,59,55,55,55,55,50,50,26,69,49],"items_purged":["Regret"],"gold":270,"score":166,"play_id":"fab25c95-b402-4821-a780-f74bb6bce45c","local_time":"20180427163319","is_prod":false,"is_daily":false,"chose_seed":false,"is_ascension_mode":false,"campfire_upgraded":2,"timestamp":1524868399,"path_taken":["M","?","M","$","M","E","?","R","T","M","M","?","R","M","R","BOSS","M"],"build_version":"2018-04-26v2","seed_source_timestamp":161088519362205,"purchased_purges":1,"victory":false,"master_deck":["Strike_B","Strike_B","Strike_B","Strike_B","Defend_B","Defend_B","Defend_B","Defend_B","Zap","Dualcast","Cold Snap","Buffer+1","Leap","Capacitor","Turbo","Streamline","White Noise+1","Auto Shields","Nova"],"max_hp_per_floor":[75,75,75,75,75,75,69,69,69,69,69,69,69,69,69,69,69,69],"relics":["Cracked Core","Gremlin Horn","Pen Nib","Golden Idol","Bottled Lightning","Snecko Eye"],"card_choices":[{"not_picked":["Hello World","Capacitor"],"picked":"Cold Snap","floor":1},{"not_picked":["Rebound","Beam Cell"],"picked":"Buffer","floor":3},{"not_picked":["Rip and Tear","Sweeping Beam"],"picked":"Capacitor","floor":5},{"not_picked":["Impulse","Stack"],"picked":"Turbo","floor":6},{"not_picked":["Axe Kick","Impulse"],"picked":"Streamline","floor":11},{"not_picked":["Heatsinks","Rainbow"],"picked":"White Noise","floor":12},{"not_picked":["Gash","Force Field"],"picked":"Auto Shields","floor":14},{"not_picked":["Hyperbeam","Multi-Cast"],"picked":"Nova","floor":16}],"player_experience":351017,"potions_floor_usage":[6,10,12,16],"damage_taken":[{"damage":0,"enemies":"Small Slimes","floor":1,"turns":2},{"damage":8,"enemies":"Jaw Worm","floor":3,"turns":3},{"damage":0,"enemies":"Cultist","floor":5,"turns":5},{"damage":28,"enemies":"3 Sentries","floor":6,"turns":10},{"damage":4,"enemies":"Gremlin Gang","floor":10,"turns":5},{"damage":0,"enemies":"Looter","floor":11,"turns":4},{"damage":0,"enemies":"Large Slime","floor":12,"turns":7},{"damage":5,"enemies":"Exordium Thugs","floor":14,"turns":5},{"damage":24,"enemies":"Slime Boss","floor":16,"turns":15},{"damage":20,"enemies":"2 Thieves","floor":18,"turns":5}],"event_choices":[{"event_name":"Big Fish","player_choice":"Box","floor":2,"damage_taken":0},{"event_name":"Golden Idol","player_choice":"Lose Max HP","floor":7,"damage_taken":0}],"boss_relics":[{"not_picked":["Lizard Tail","Black Star"],"picked":"Snecko Eye"}],"potions_floor_spawned":[3,5,6,11,14],"seed_played":"-3675473361611407108","killed_by":"2 Thieves","ascension_level":0,"is_trial":false}