{"gold_per_floor":[13,25,25,42,56,91,104,104,127,155,175,175,187,204,204,308,308,326,336,237,251,269,269,294,294,294,304,304,331,347,359,359,454,454,465,465,478,168,168,168],"floor_reached":40,"playtime":4196,"items_purged":["Blizzard"],"score":536,"play_id":"b64e1522-414f-4b41-8f74-4a5343f73e79","local_time":"20190109203158","is_ascension_mode":true,"campfire_choices":[{"floor":8,"key":"REST"},{"data":"Coolheaded","floor":15,"key":"SMITH"},{"data":"Buffer","floor":23,"key":"SMITH"},{"floor":28,"key":"REST"},{"floor":32,"key":"REST"}],"neow_cost":"NO_GOLD","seed_source_timestamp":1303885327283673,"circlet_count":0,"master_deck":["Dualcast","Genetic Algorithm","Ball Lightning","Rebound+1","Ball Lightning","Leap","Conserve Battery","Stack","Coolheaded+1","Melter","Capacitor","Gash","BootSequence","Consume","Conserve Battery+1","Buffer+1","Melter","Sweeping Beam","Hologram","Sweeping Beam","Reprogram","Conserve Battery+1","Conserve Battery+1","Reboot","Conserve Battery+1","Flash of Steel","Stack+1","Reboot"],"special_seed":0,"relics":["Cracked Core","Pocketwatch","Orichalcum","Bag of Preparation","Bronze Scales","Odd Mushroom","Whetstone","Pandora\u0027s Box","Juzu Bracelet","Cables","Peace Pipe","Empty Cage","Art of War"],"potions_floor_usage":[5,25,33],"damage_taken":[{"damage":2,"enemies":"Jaw Worm","floor":1,"turns":3},{"damage":0,"enemies":"Small Slimes","floor":2,"turns":3},{"damage":1,"enemies":"Cultist","floor":4,"turns":3},{"damage":13,"enemies":"Lots of Slimes","floor":5,"turns":4},{"damage":33,"enemies":"Lagavulin","floor":6,"turns":4},{"damage":7,"enemies":"Looter","floor":7,"turns":3},{"damage":4,"enemies":"3 Sentries","floor":10,"turns":5},{"damage":6,"enemies":"The Mushroom Lair","floor":11,"turns":3},{"damage":0,"enemies":"Gremlin Gang","floor":13,"turns":3},{"damage":0,"enemies":"2 Fungi Beasts","floor":14,"turns":2},{"damage":28,"enemies":"The Guardian","floor":16,"turns":9},{"damage":4,"enemies":"3 Byrds","floor":18,"turns":2},{"damage":0,"enemies":"Shell Parasite","floor":19,"turns":4},{"damage":14,"enemies":"Cultist and Chosen","floor":21,"turns":4},{"damage":2,"enemies":"Snecko","floor":22,"turns":5},{"damage":33,"enemies":"Book of Stabbing","floor":24,"turns":7},{"damage":0,"enemies":"3 Cultists","floor":25,"turns":2},{"damage":16,"enemies":"Centurion and Healer","floor":27,"turns":8},{"damage":13,"enemies":"Gremlin Leader","floor":29,"turns":7},{"damage":17,"enemies":"Snake Plant","floor":30,"turns":3},{"damage":0,"enemies":"Sentry and Sphere","floor":31,"turns":3},{"damage":1,"enemies":"Champ","floor":33,"turns":12},{"damage":0,"enemies":"Orb Walker","floor":35,"turns":4},{"damage":2,"enemies":"3 Shapes","floor":37,"turns":6},{"damage":88,"enemies":"Giant Head","floor":40,"turns":11}],"seed_played":"6646673349464840559","potions_obtained":[{"floor":4,"key":"Dexterity Potion"},{"floor":5,"key":"Dexterity Potion"},{"floor":7,"key":"Fire Potion"},{"floor":11,"key":"Explosive Potion"},{"floor":18,"key":"SmokeBomb"},{"floor":37,"key":"SteroidPotion"}],"is_trial":false,"path_per_floor":["M","M","?","M","M","E","M","R","T","E","?","T","M","M","R","B",null,"M","M","$","M","M","R","E","M","T","M","R","E","M","M","R","B",null,"M","?","M","$","?","E"],"character_chosen":"DEFECT","items_purchased":["Sweeping Beam","Reboot","Art of War"],"campfire_rested":3,"item_purchase_floors":[20,38,38],"current_hp_per_floor":[73,73,78,77,64,31,24,48,48,44,38,38,38,38,38,10,80,76,76,76,62,60,60,27,27,27,11,35,22,5,5,29,28,80,80,80,78,78,78,0],"gold":168,"neow_bonus":"ONE_RARE_RELIC","is_prod":false,"is_daily":false,"chose_seed":false,"campfire_upgraded":2,"win_rate":0,"timestamp":1547065918,"path_taken":["M","M","?","M","M","E","M","R","T","E","?","?","M","M","R","BOSS","M","M","$","?","M","R","E","M","T","M","R","E","M","M","R","BOSS","M","?","M","$","?","E"],"build_version":"2019-01-03v4","purchased_purges":1,"victory":false,"max_hp_per_floor":[75,75,80,80,80,80,80,80,80,80,80,80,80,80,80,80,80,80,80,80,80,80,80,80,80,80,80,80,80,80,80,80,80,80,80,80,80,80,80,80],"card_choices":[{"not_picked":["Ball Lightning","Beam Cell"],"picked":"Genetic Algorithm","floor":1},{"not_picked":["Redo","Go for the Eyes"],"picked":"Ball Lightning","floor":2},{"not_picked":["Turbo","Loop"],"picked":"Rebound","floor":4},{"not_picked":["Sweeping Beam","Gash"],"picked":"Ball Lightning","floor":5},{"not_picked":["Steam","Streamline"],"picked":"Leap","floor":6},{"not_picked":["Ball Lightning","Scrape"],"picked":"Conserve Battery","floor":7},{"not_picked":["Lockon","Doom and Gloom"],"picked":"Stack","floor":10},{"not_picked":["Redo","Go for the Eyes"],"picked":"Coolheaded","floor":11},{"not_picked":["Chill","Sunder","Barrage"],"picked":"SKIP","floor":13},{"not_picked":["Chaos","Amplify"],"picked":"Melter","floor":14},{"not_picked":["Reinforced Body+1","Compile Driver"],"picked":"Melter","floor":18},{"not_picked":["Heatsinks","Consume+1","Storm"],"picked":"SKIP","floor":19},{"not_picked":["Turbo","Heatsinks"],"picked":"Hologram","floor":21},{"not_picked":["Go for the Eyes","Cold Snap"],"picked":"Sweeping Beam","floor":22},{"not_picked":["Static Discharge","Capacitor+1","Chaos"],"picked":"SKIP","floor":24},{"not_picked":["Genetic Algorithm","Go for the Eyes","White Noise"],"picked":"SKIP","floor":27},{"not_picked":["Leap","Biased Cognition"],"picked":"Reprogram","floor":29},{"not_picked":["Double Energy","Compile Driver"],"picked":"Conserve Battery+1","floor":30},{"not_picked":["Rebound+1","Rip and Tear"],"picked":"Conserve Battery+1","floor":31},{"not_picked":["All For One","Multi-Cast"],"picked":"Reboot","floor":33},{"not_picked":["Hologram+1","Rebound+1"],"picked":"Conserve Battery+1","floor":35},{"not_picked":["HandOfGreed","Bandage Up"],"picked":"Flash of Steel","floor":36},{"not_picked":["Skim+1","White Noise"],"picked":"Stack+1","floor":37}],"player_experience":124710,"relics_obtained":[{"floor":6,"key":"Orichalcum"},{"floor":9,"key":"Bag of Preparation"},{"floor":10,"key":"Bronze Scales"},{"floor":11,"key":"Odd Mushroom"},{"floor":12,"key":"Whetstone"},{"floor":24,"key":"Juzu Bracelet"},{"floor":26,"key":"Cables"},{"floor":29,"key":"Peace Pipe"}],"event_choices":[{"damage_healed":0,"gold_gain":0,"player_choice":"Donut","damage_taken":0,"max_hp_gain":5,"max_hp_loss":0,"event_name":"Big Fish","floor":3,"gold_loss":0},{"damage_healed":0,"gold_gain":0,"player_choice":"Fought Mushrooms","damage_taken":0,"max_hp_gain":0,"max_hp_loss":0,"event_name":"Mushrooms","floor":11,"gold_loss":0},{"damage_healed":0,"gold_gain":0,"player_choice":"Memory 1","damage_taken":0,"max_hp_gain":0,"max_hp_loss":0,"event_name":"SensoryStone","floor":36,"gold_loss":0},{"damage_healed":0,"gold_gain":0,"player_choice":"Upgraded","damage_taken":0,"max_hp_gain":0,"max_hp_loss":0,"event_name":"Upgrade Shrine","floor":39,"gold_loss":0,"cards_upgraded":["Conserve Battery"]}],"is_beta":false,"boss_relics":[{"not_picked":["Calling Bell","White Beast Statue"],"picked":"Pandora\u0027s Box"},{"not_picked":["Runic Dome","FrozenCore"],"picked":"Empty Cage"}],"items_purged_floors":[20],"is_endless":false,"potions_floor_spawned":[4,5,7,11,18,22,25,37],"killed_by":"Giant Head","ascension_level":3}