{"gold_per_floor":[114,114,114,132,147,147,180,180,180,196,209,209],"floor_reached":12,"playtime":386,"items_purged":[],"score":80,"play_id":"e5d49f78-a09f-4cd3-92b3-a6b0b0a8f896","local_time":"20190126145412","is_ascension_mode":false,"campfire_choices":[{"data":"Coolheaded","floor":6,"key":"SMITH"}],"neow_cost":"NONE","seed_source_timestamp":2659217143434,"circlet_count":0,"master_deck":["Strike_B","Strike_B","Strike_B","Strike_B","Defend_B","Defend_B","Defend_B","Defend_B","Zap","Dualcast","Core Surge","Rebound","Regret","Coolheaded+1","Capacitor","Melter","Compile Driver+1","White Noise"],"relics":["Cracked Core","Ginger","Regal Pillow","SsserpentHead","Molten Egg 2"],"potions_floor_usage":[12,12],"damage_taken":[{"damage":0,"enemies":"Small Slimes","floor":1,"turns":2},{"damage":2,"enemies":"Cultist","floor":4,"turns":3},{"damage":8,"enemies":"Jaw Worm","floor":5,"turns":3},{"damage":39,"enemies":"Lagavulin","floor":7,"turns":8},{"damage":13,"enemies":"Red Slaver","floor":10,"turns":4},{"damage":2,"enemies":"3 Louse","floor":11,"turns":2},{"damage":11,"enemies":"Gremlin Gang","floor":12,"turns":3}],"seed_played":"-1948497661135944913","potions_obtained":[{"floor":1,"key":"GamblersBrew"},{"floor":4,"key":"Weak Potion"}],"is_trial":false,"path_per_floor":["M","?","?","M","M","R","E","?","T","M","M","M"],"character_chosen":"DEFECT","items_purchased":[],"campfire_rested":0,"item_purchase_floors":[],"current_hp_per_floor":[75,75,75,73,65,65,26,26,26,13,11,0],"gold":209,"neow_bonus":"ONE_RANDOM_RARE_CARD","is_prod":false,"is_daily":false,"chose_seed":false,"campfire_upgraded":1,"win_rate":0,"timestamp":1548514452,"path_taken":["M","?","?","M","?","R","E","?","T","M","M","M"],"build_version":"2019-01-23","purchased_purges":0,"victory":false,"max_hp_per_floor":[75,75,75,75,75,75,75,75,75,75,75,75],"card_choices":[{"not_picked":["Recycle","Sweeping Beam"],"picked":"Rebound","floor":1},{"not_picked":["Steam","Conserve Battery"],"picked":"Coolheaded","floor":4},{"not_picked":["Conserve Battery","Beam Cell"],"picked":"Capacitor","floor":5},{"not_picked":["Go for the Eyes","Steam"],"picked":"Melter","floor":7},{"not_picked":["Streamline+1","Amplify"],"picked":"Compile Driver+1","floor":10},{"not_picked":["Recycle","Barrage+1"],"picked":"White Noise","floor":11}],"player_experience":168768,"relics_obtained":[{"floor":7,"key":"Regal Pillow"},{"floor":9,"key":"Molten Egg 2"}],"event_choices":[{"damage_healed":0,"gold_gain":0,"player_choice":"Box","damage_taken":0,"relics_obtained":["Ginger"],"max_hp_gain":0,"max_hp_loss":0,"event_name":"Big Fish","floor":2,"gold_loss":0,"cards_obtained":["Regret"]},{"damage_healed":0,"gold_gain":0,"player_choice":"Ignored","damage_taken":0,"max_hp_gain":0,"max_hp_loss":0,"event_name":"NoteForYourself","floor":3,"gold_loss":0},{"damage_healed":0,"gold_gain":0,"player_choice":"Trade","damage_taken":0,"relics_obtained":["SsserpentHead"],"max_hp_gain":0,"max_hp_loss":0,"event_name":"FaceTrader","floor":8,"gold_loss":0}],"is_beta":false,"boss_relics":[],"items_purged_floors":[],"is_endless":false,"potions_floor_spawned":[1,4],"killed_by":"Gremlin Gang","ascension_level":0}