{"gold_per_floor":[110,110,15,28,47,47,80,80,107,123,155,155,184,248,248,323,323,342,353,353,225,140,140],"floor_reached":23,"playtime":1041,"items_purged":["Strike_R"],"score":429,"play_id":"c8a25e7b-56af-44a1-8049-6553b8a8e1c1","local_time":"20190426204114","is_ascension_mode":true,"campfire_choices":[{"data":"Body Slam","floor":6,"key":"SMITH"},{"data":"Armaments","floor":12,"key":"SMITH"},{"data":"1","floor":15,"key":"LIFT"}],"neow_cost":"NONE","seed_source_timestamp":3397370290298278,"circlet_count":0,"master_deck":["AscendersBane","Strike_R","Strike_R","Strike_R","Strike_R","Defend_R+1","Defend_R","Defend_R","Defend_R","Bash","Rage","Shrug It Off","Dropkick","Headbutt","Body Slam+1","Shrug It Off+1","Ghostly Armor","Armaments+1","Shrug It Off","Juggernaut","Body Slam","True Grit","True Grit","Shrug It Off","Shrug It Off"],"relics":["Burning Blood","PreservedInsect","Bag of Marbles","Centennial Puzzle","Omamori","Girya","Pen Nib","Champion Belt","Orrery","War Paint"],"potions_floor_usage":[10,14,16,16],"damage_taken":[{"damage":10,"enemies":"Small Slimes","floor":1,"turns":3},{"damage":0,"enemies":"2 Louse","floor":4,"turns":3},{"damage":12,"enemies":"Jaw Worm","floor":5,"turns":2},{"damage":8,"enemies":"Gremlin Nob","floor":7,"turns":3},{"damage":0,"enemies":"3 Louse","floor":10,"turns":2},{"damage":19,"enemies":"Lagavulin","floor":11,"turns":8},{"damage":10,"enemies":"3 Sentries","floor":13,"turns":7},{"damage":5,"enemies":"Lagavulin Event","floor":14,"turns":4},{"damage":21,"enemies":"Hexaghost","floor":16,"turns":13},{"damage":0,"enemies":"Chosen","floor":18,"turns":5},{"damage":8,"enemies":"Shell Parasite","floor":19,"turns":10},{"damage":83,"enemies":"Gremlin Leader","floor":23,"turns":9}],"seed_played":"4188750705157440072","potions_obtained":[{"floor":4,"key":"Explosive Potion"},{"floor":7,"key":"Block Potion"},{"floor":13,"key":"PowerPotion"},{"floor":16,"key":"Fruit Juice"}],"is_trial":false,"path_per_floor":["M","?","$","M","M","R","E","?","T","M","E","R","E","?","R","B",null,"M","M","?","$","?","E"],"character_chosen":"IRONCLAD","items_purchased":["Shrug It Off","Dropkick","Shrug It Off"],"campfire_rested":0,"item_purchase_floors":[3,3,21],"current_hp_per_floor":[64,64,64,70,64,64,62,36,36,42,29,29,25,26,26,16,64,70,68,68,68,68,0],"gold":140,"neow_bonus":"RANDOM_COMMON_RELIC","is_prod":false,"is_daily":false,"chose_seed":false,"campfire_upgraded":2,"win_rate":0,"timestamp":1556307674,"path_taken":["M","?","$","M","M","R","E","?","T","M","E","R","E","?","R","BOSS","M","M","?","$","?","E"],"build_version":"2019-01-23","purchased_purges":1,"victory":false,"max_hp_per_floor":[75,75,75,75,75,75,75,75,75,75,75,75,75,75,75,80,80,80,80,80,80,80,80],"card_choices":[{"not_picked":["True Grit","Metallicize"],"picked":"Rage","floor":1},{"not_picked":["Second Wind","Disarm"],"picked":"Headbutt","floor":4},{"not_picked":["Perfected Strike","Carnage"],"picked":"Body Slam","floor":5},{"not_picked":["Body Slam","Anger"],"picked":"Shrug It Off","floor":7},{"not_picked":["Metallicize","Thunderclap"],"picked":"Ghostly Armor","floor":10},{"not_picked":["Twin Strike","Clash"],"picked":"Armaments","floor":11},{"not_picked":["Limit Break","Flame Barrier","Headbutt"],"picked":"SKIP","floor":13},{"not_picked":["Sword Boomerang","Flex"],"picked":"Shrug It Off","floor":14},{"not_picked":["Fiend Fire","Brutality"],"picked":"Juggernaut","floor":16},{"not_picked":["Armaments","Anger"],"picked":"Body Slam","floor":17},{"not_picked":["Iron Wave","Reaper"],"picked":"True Grit","floor":17},{"not_picked":["Havoc","Heavy Blade"],"picked":"True Grit","floor":17},{"not_picked":["Dual Wield","Sever Soul","Inflame"],"picked":"SKIP","floor":18},{"not_picked":["True Grit","Perfected Strike"],"picked":"Shrug It Off","floor":19}],"player_experience":678954,"relics_obtained":[{"floor":7,"key":"Bag of Marbles"},{"floor":9,"key":"Omamori"},{"floor":11,"key":"Girya"},{"floor":13,"key":"Pen Nib"},{"floor":14,"key":"Champion Belt"}],"event_choices":[{"damage_healed":0,"gold_gain":0,"player_choice":"Ignored","damage_taken":0,"max_hp_gain":0,"max_hp_loss":0,"event_name":"Golden Wing","floor":2,"gold_loss":0},{"damage_healed":0,"gold_gain":0,"player_choice":"Success","damage_taken":26,"relics_obtained":["Centennial Puzzle"],"max_hp_gain":0,"max_hp_loss":0,"event_name":"Scrap Ooze","floor":8,"gold_loss":0},{"damage_healed":0,"gold_gain":0,"player_choice":"Searched \u00272\u0027 times","damage_taken":0,"max_hp_gain":0,"max_hp_loss":0,"event_name":"Dead Adventurer","floor":14,"gold_loss":0},{"damage_healed":0,"gold_gain":0,"player_choice":"Ignored","damage_taken":0,"max_hp_gain":0,"max_hp_loss":0,"event_name":"Ghosts","floor":20,"gold_loss":0},{"damage_healed":0,"gold_gain":0,"player_choice":"Obtained Relic","damage_taken":0,"relics_obtained":["War Paint"],"max_hp_gain":0,"max_hp_loss":0,"event_name":"Addict","floor":22,"gold_loss":85}],"is_beta":false,"boss_relics":[{"not_picked":["Sozu","Mark of Pain"],"picked":"Orrery"}],"items_purged_floors":[21],"is_endless":false,"potions_floor_spawned":[4,7,13,16],"killed_by":"Gremlin Leader","ascension_level":19}