{"gold_per_floor":[111,111,111,131,131,131,143,155,179,30,30,50,50,68,68,68],"floor_reached":16,"playtime":169,"items_purged":[],"score":92,"play_id":"98ef61b1-7ae8-4a41-8f8b-f86a76e78a1c","local_time":"20190420145522","is_ascension_mode":false,"campfire_choices":[{"floor":6,"key":"REST"},{"data":"Coolheaded","floor":11,"key":"SMITH"},{"floor":15,"key":"REST"}],"neow_cost":"NONE","seed_source_timestamp":2859067850113520,"circlet_count":0,"master_deck":["Strike_B+1","Strike_B","Strike_B","Strike_B","Defend_B","Defend_B","Defend_B","Defend_B","Zap+1","Dualcast","Reinforced Body","Blizzard","Coolheaded+1","BootSequence","Gash"],"relics":["Cracked Core","NeowsBlessing","Centennial Puzzle","Bag of Marbles","Ancient Tea Set","Oddly Smooth Stone"],"potions_floor_usage":[],"damage_taken":[{"damage":0,"enemies":"2 Louse","floor":1,"turns":1},{"damage":0,"enemies":"Jaw Worm","floor":4,"turns":1},{"damage":0,"enemies":"Small Slimes","floor":7,"turns":1},{"damage":10,"enemies":"Blue Slaver","floor":8,"turns":3},{"damage":0,"enemies":"3 Louse","floor":12,"turns":3},{"damage":27,"enemies":"Gremlin Gang","floor":14,"turns":3},{"damage":0,"enemies":"Hexaghost","floor":16,"turns":1}],"seed_played":"9125401593691385680","potions_obtained":[{"floor":4,"key":"SkillPotion"},{"floor":7,"key":"Dexterity Potion"},{"floor":12,"key":"Weak Potion"}],"is_trial":false,"path_per_floor":["M","?","T","M","?","R","M","M","T","$","R","M","$","M","R","B"],"character_chosen":"DEFECT","items_purchased":["Oddly Smooth Stone"],"campfire_rested":2,"item_purchase_floors":[10],"current_hp_per_floor":[75,72,72,72,57,75,75,65,65,65,65,65,65,38,60,60],"gold":68,"neow_bonus":"THREE_ENEMY_KILL","is_prod":false,"is_daily":false,"chose_seed":false,"campfire_upgraded":1,"win_rate":0,"timestamp":1555768522,"path_taken":["M","?","?","M","?","R","M","M","T","$","R","M","?","?","R","BOSS"],"build_version":"2019-01-23","purchased_purges":0,"victory":false,"max_hp_per_floor":[75,75,75,75,75,75,75,75,75,75,75,75,75,75,75,75],"card_choices":[{"not_picked":["Leap","Hologram"],"picked":"Reinforced Body","floor":1},{"not_picked":["Ball Lightning","Leap"],"picked":"Blizzard","floor":4},{"not_picked":["Reprogram","Beam Cell"],"picked":"Coolheaded","floor":7},{"not_picked":["Redo","Self Repair","Echo Form"],"picked":"SKIP","floor":8},{"not_picked":["Coolheaded","Go for the Eyes"],"picked":"BootSequence","floor":12},{"not_picked":["Coolheaded","Stack"],"picked":"Gash","floor":14}],"player_experience":608126,"relics_obtained":[{"floor":3,"key":"Bag of Marbles"},{"floor":9,"key":"Ancient Tea Set"}],"event_choices":[{"damage_healed":0,"gold_gain":0,"player_choice":"Success","damage_taken":3,"relics_obtained":["Centennial Puzzle"],"max_hp_gain":0,"max_hp_loss":0,"event_name":"Scrap Ooze","floor":2,"gold_loss":0},{"damage_healed":0,"gold_gain":0,"player_choice":"Entered Light","damage_taken":15,"max_hp_gain":0,"max_hp_loss":0,"event_name":"Shining Light","floor":5,"gold_loss":0,"cards_upgraded":["Strike_B","Zap"]}],"is_beta":false,"boss_relics":[],"items_purged_floors":[],"is_endless":false,"potions_floor_spawned":[4,7,12],"killed_by":"Hexaghost","ascension_level":0}