{"gold_per_floor":[119,136,152,0,0,0,14,14,37,37,50,68,82,97,97,192,192,209,227,240,240,255,255,255,255,301,301,203,221,240,257,257,360,360,370,389,407,419,439,472,484,494,569,583,597,429,448,460,460,460,460,460,22,22],"floor_reached":54,"playtime":7699,"items_purged":["Strike_B","Strike_B+1","Parasite"],"score":677,"play_id":"1716deb5-b8da-42f7-8b9d-cf0497672a49","local_time":"20190405230917","is_ascension_mode":false,"campfire_choices":[{"data":"Dualcast","floor":6,"key":"SMITH"},{"data":"Capacitor","floor":10,"key":"SMITH"},{"data":"Redo","floor":15,"key":"SMITH"},{"data":"Rainbow","floor":23,"key":"SMITH"},{"floor":25,"key":"RECALL"},{"data":"Static Discharge","floor":32,"key":"SMITH"},{"floor":49,"key":"REST"},{"data":"Consume","floor":52,"key":"SMITH"}],"neow_cost":"NONE","seed_source_timestamp":7108294982490,"circlet_count":0,"master_deck":["Strike_B+1","Strike_B+1","Defend_B+1","Defend_B+1","Defend_B+1","Defend_B+1","Zap+1","Dualcast+1","Coolheaded","Blizzard+1","Chill","Capacitor+1","BootSequence","Cold Snap","Redo+1","Hologram+1","Conserve Battery+1","Rainbow+1","Static Discharge+1","Turbo","Blizzard+1","Core Surge","Defragment+1","Conserve Battery+1","Self Repair+1","Coolheaded","Barrage+1","FTL+1","Chaos","Streamline+1","Defragment","Consume+1","Coolheaded","Metamorphosis"],"relics":["Philosopher\u0027s Stone","Whetstone","Inserter","Pen Nib","White Beast Statue","Lantern","Symbiotic Virus","Anchor"],"potions_floor_usage":[11,16,16,18,20,29,33,38,39,40,40,41,42,48,48],"damage_taken":[{"damage":7,"enemies":"Jaw Worm","floor":1,"turns":4},{"damage":0,"enemies":"2 Louse","floor":2,"turns":2},{"damage":0,"enemies":"Cultist","floor":3,"turns":3},{"damage":0,"enemies":"Lots of Slimes","floor":7,"turns":2},{"damage":15,"enemies":"Large Slime","floor":11,"turns":7},{"damage":2,"enemies":"Exordium Thugs","floor":12,"turns":5},{"damage":0,"enemies":"3 Louse","floor":13,"turns":3},{"damage":0,"enemies":"Large Slime","floor":14,"turns":5},{"damage":4,"enemies":"The Guardian","floor":16,"turns":10},{"damage":0,"enemies":"Shell Parasite","floor":18,"turns":9},{"damage":5,"enemies":"Chosen","floor":19,"turns":7},{"damage":4,"enemies":"3 Cultists","floor":20,"turns":6},{"damage":12,"enemies":"Sentry and Sphere","floor":22,"turns":8},{"damage":6,"enemies":"Snake Plant","floor":29,"turns":5},{"damage":6,"enemies":"Centurion and Healer","floor":30,"turns":8},{"damage":12,"enemies":"Shelled Parasite and Fungi","floor":31,"turns":6},{"damage":51,"enemies":"Automaton","floor":33,"turns":10},{"damage":4,"enemies":"3 Shapes","floor":35,"turns":5},{"damage":31,"enemies":"3 Darklings","floor":36,"turns":6},{"damage":0,"enemies":"4 Shapes","floor":37,"turns":12},{"damage":23,"enemies":"Jaw Worm Horde","floor":38,"turns":5},{"damage":16,"enemies":"Transient","floor":39,"turns":5},{"damage":0,"enemies":"Reptomancer","floor":40,"turns":8},{"damage":10,"enemies":"Maw","floor":41,"turns":7},{"damage":28,"enemies":"3 Darklings","floor":42,"turns":5},{"damage":10,"enemies":"Sphere and 2 Shapes","floor":44,"turns":7},{"damage":18,"enemies":"Maw","floor":45,"turns":9},{"damage":3,"enemies":"3 Darklings","floor":47,"turns":7},{"damage":0,"enemies":"Writhing Mass","floor":48,"turns":5},{"damage":50,"enemies":"Donu and Deca","floor":50,"turns":12},{"damage":91,"enemies":"Shield and Spear","floor":54,"turns":3}],"seed_played":"-4697558793448087788","potions_obtained":[{"floor":1,"key":"GamblersBrew"},{"floor":3,"key":"Weak Potion"},{"floor":7,"key":"SpeedPotion"},{"floor":12,"key":"SteroidPotion"},{"floor":14,"key":"PowerPotion"},{"floor":16,"key":"Swift Potion"},{"floor":18,"key":"Weak Potion"},{"floor":22,"key":"FairyPotion"},{"floor":29,"key":"PowerPotion"},{"floor":35,"key":"Dexterity Potion"},{"floor":36,"key":"Strength Potion"},{"floor":38,"key":"Explosive Potion"},{"floor":39,"key":"LiquidBronze"},{"floor":40,"key":"Regen Potion"},{"floor":41,"key":"SkillPotion"},{"floor":42,"key":"Energy Potion"},{"floor":44,"key":"FearPotion"},{"floor":45,"key":"SpeedPotion"},{"floor":48,"key":"Poison Potion"}],"is_trial":false,"path_per_floor":["M","M","M","$","?","R","M","?","T","R","M","M","M","M","R","B",null,"M","M","M","?","M","R","?","R","T","?","$","M","M","M","R","B",null,"M","M","M","M","M","E","M","M","T","M","M","$","M","M","R","B",null,"R","$","E"],"character_chosen":"DEFECT","items_purchased":["Chill","Static Discharge","Turbo","Defragment","Metamorphosis","Anchor"],"campfire_rested":1,"item_purchase_floors":[4,28,28,46,53,53],"current_hp_per_floor":[68,68,68,68,68,68,68,53,53,53,38,36,36,36,36,32,75,75,70,66,66,54,54,54,54,54,85,85,79,73,61,61,10,85,81,50,50,37,31,41,56,38,38,38,30,30,37,47,72,32,85,85,82,0],"gold":22,"neow_bonus":"BOSS_RELIC","is_prod":false,"is_daily":false,"chose_seed":false,"campfire_upgraded":6,"win_rate":0,"timestamp":1554523757,"path_taken":["M","M","M","$","?","R","M","?","T","R","M","M","M","M","R","BOSS","M","M","M","?","M","R","?","R","T","?","$","M","M","M","R","BOSS","M","M","M","M","M","E","M","M","T","M","M","$","?","?","R","BOSS","R","$","E"],"build_version":"2019-01-23","purchased_purges":3,"victory":false,"max_hp_per_floor":[75,75,75,75,75,75,75,75,75,75,75,75,75,75,75,75,75,75,75,75,75,75,75,75,75,75,85,85,85,85,85,85,85,85,85,85,85,85,85,85,85,85,85,85,85,85,85,85,85,85,85,85,82,82],"card_choices":[{"not_picked":["Storm","Rip and Tear"],"picked":"Coolheaded","floor":1},{"not_picked":["Tempest","Self Repair"],"picked":"Blizzard","floor":2},{"not_picked":["Sweeping Beam","Beam Cell","Steam"],"picked":"SKIP","floor":3},{"not_picked":["Rip and Tear","Loop"],"picked":"Capacitor","floor":7},{"not_picked":["Turbo","Rainbow"],"picked":"BootSequence","floor":11},{"not_picked":["Steam","Doom and Gloom","Recycle"],"picked":"SKIP","floor":12},{"not_picked":["Sweeping Beam","Steam"],"picked":"Cold Snap","floor":13},{"not_picked":["Reinforced Body","Double Energy"],"picked":"Redo","floor":14},{"not_picked":["Hyperbeam","Reboot"],"picked":"Seek","floor":16},{"not_picked":["Steam","Go for the Eyes"],"picked":"Hologram+1","floor":18},{"not_picked":["Gash","White Noise"],"picked":"Conserve Battery+1","floor":19},{"not_picked":["Sweeping Beam","Redo","Stack"],"picked":"SKIP","floor":20},{"not_picked":["Fusion","Go for the Eyes"],"picked":"Rainbow","floor":22},{"not_picked":["Hologram+1","Compile Driver"],"picked":"Blizzard+1","floor":29},{"not_picked":["Go for the Eyes","Reinforced Body","Steam+1"],"picked":"SKIP","floor":30},{"not_picked":["BootSequence","Rebound","Sweeping Beam"],"picked":"SKIP","floor":31},{"not_picked":["Reboot","Seek"],"picked":"Core Surge","floor":33},{"not_picked":["Lockon","Barrage+1"],"picked":"Defragment+1","floor":35},{"not_picked":["Static Discharge","Capacitor"],"picked":"Conserve Battery+1","floor":36},{"not_picked":["Go for the Eyes","Ball Lightning"],"picked":"Self Repair+1","floor":37},{"not_picked":["Rebound+1","Gash","Self Repair"],"picked":"SKIP","floor":38},{"not_picked":["Hologram","Double Energy"],"picked":"Coolheaded","floor":39},{"not_picked":["Auto Shields","FTL"],"picked":"Barrage+1","floor":40},{"not_picked":["Double Energy","Reinforced Body+1","Lockon"],"picked":"SKIP","floor":41},{"not_picked":["Multi-Cast","Chaos"],"picked":"FTL+1","floor":42},{"not_picked":["Fusion","Steam+1"],"picked":"Chaos","floor":44},{"not_picked":["Conserve Battery+1","Tempest+1"],"picked":"Streamline+1","floor":45},{"not_picked":["Melter+1","Turbo"],"picked":"Consume","floor":47},{"not_picked":["Steam+1","Go for the Eyes"],"picked":"Coolheaded","floor":48}],"player_experience":404368,"relics_obtained":[{"floor":9,"key":"Whetstone"},{"floor":40,"key":"Lantern"},{"floor":43,"key":"Symbiotic Virus"}],"event_choices":[{"damage_healed":0,"gold_gain":0,"player_choice":"Grow","damage_taken":0,"max_hp_gain":0,"max_hp_loss":0,"event_name":"Living Wall","floor":5,"gold_loss":0,"cards_upgraded":["Zap"]},{"damage_healed":0,"gold_gain":0,"player_choice":"Entered Light","damage_taken":15,"max_hp_gain":0,"max_hp_loss":0,"event_name":"Shining Light","floor":8,"gold_loss":0,"cards_upgraded":["Strike_B","Defend_B"]},{"damage_healed":0,"gold_gain":0,"player_choice":"Simplicity","damage_taken":0,"max_hp_gain":0,"max_hp_loss":0,"event_name":"Back to Basics","floor":21,"gold_loss":0,"cards_upgraded":["Strike_B","Defend_B","Defend_B","Defend_B"]},{"damage_healed":0,"gold_gain":0,"player_choice":"Opened","damage_taken":0,"relics_obtained":["Pen Nib"],"max_hp_gain":0,"max_hp_loss":0,"event_name":"The Mausoleum","floor":24,"gold_loss":0},{"cards_removed":["Seek"],"damage_healed":21,"gold_gain":0,"player_choice":"Offered Rare","damage_taken":0,"max_hp_gain":10,"max_hp_loss":0,"event_name":"Bonfire Elementals","floor":27,"gold_loss":0}],"is_beta":false,"boss_relics":[{"not_picked":["Fusion Hammer","Tiny House"],"picked":"Inserter"},{"not_picked":["Pandora\u0027s Box","Coffee Dripper"],"picked":"White Beast Statue"}],"items_purged_floors":[4,46,53],"is_endless":false,"potions_floor_spawned":[1,3,7,12,14,16,18,22,29,35,36,37,38,39,40,41,42,44,45,47,48],"killed_by":"Shield and Spear","ascension_level":0}