{"path_per_floor":["M","M","M","?","?","E","M","M","T","R","E","R","M","M","R","B",null,"M","?","?","M","M"],"character_chosen":"IRONCLAD","items_purchased":[],"gold_per_floor":[114,130,145,220,220,246,263,276,276,276,307,307,321,339,339,436,436,446,446,446,457,471],"floor_reached":23,"campfire_rested":2,"playtime":1719,"current_hp_per_floor":[74,80,76,65,49,15,15,14,14,38,28,52,53,59,59,36,80,66,56,66,61,32],"items_purged":[],"gold":471,"play_id":"45a449f9-5968-4259-a9eb-18cd31034a25","is_prod":false,"is_daily":false,"campfire_rituals":0,"campfire_upgraded":1,"is_hardmode":false,"path_taken":["M","M","M","?","?","E","M","?","T","R","E","R","M","M","R","BOSS","M","?","?","M","M","E"],"build_version":"2017-12-21-PROD1","purchased_purges":0,"victory":false,"master_deck":["Defend_R","Defend_R","Defend_R","Defend_R","Bash","Flex","Dropkick","Cleave","Uppercut","Metallicize","Armaments","Thunderclap","Twin Strike","Iron Wave","Twin Strike","Bite_R","Bite_R","Bite_R","Bite_R","Bite_R","Shrug It Off","Flex"],"max_hp_per_floor":[80,80,80,80,80,80,80,80,80,80,80,80,80,80,80,80,80,80,56,66,66,66],"relics":["Burning Blood","Oddly Smooth Stone","Whetstone","Vajra","Gambling Chip","Question Card"],"campfire_meditates":0,"card_choices":[{"not_picked":["Intimidate","Wild Strike"],"picked":"Flex"},{"not_picked":["Clothesline","True Grit"],"picked":"Dropkick"},{"not_picked":["Headbutt","Flame Barrier"],"picked":"Cleave"},{"not_picked":["Armaments","Feel No Pain"],"picked":"Uppercut"},{"not_picked":["Burning Pact","Impervious"],"picked":"Metallicize"},{"not_picked":["Anger","Sword Boomerang"],"picked":"Armaments"},{"not_picked":["Fire Breathing","Perfected Strike"],"picked":"Thunderclap"},{"not_picked":["Anger","Disarm"],"picked":"Twin Strike"},{"not_picked":["Evolve","Heavy Blade"],"picked":"Iron Wave"},{"not_picked":["Reaper","Feed"],"picked":"Impervious"},{"not_picked":["True Grit","Shockwave","Clash"],"picked":"Twin Strike"},{"not_picked":["Dual Wield","Clash","Headbutt"],"picked":"Shrug It Off"},{"not_picked":["Combust","Bloodletting","Wild Strike"],"picked":"Flex"}],"player_experience":23511,"potions_floor_usage":[],"damage_taken":[{"damage":12,"enemies":"Cultist","floor":1,"turns":5},{"damage":0,"enemies":"Jaw Worm","floor":2,"turns":3},{"damage":10,"enemies":"Looter","floor":3,"turns":3},{"damage":40,"enemies":"Lagavulin","floor":6,"turns":7},{"damage":6,"enemies":"2 Fungi Beasts","floor":7,"turns":3},{"damage":7,"enemies":"Exordium Thugs","floor":8,"turns":5},{"damage":16,"enemies":"Gremlin Nob","floor":11,"turns":4},{"damage":5,"enemies":"Large Slime","floor":13,"turns":5},{"damage":0,"enemies":"3 Louse","floor":14,"turns":1},{"damage":29,"enemies":"The Guardian","floor":16,"turns":9},{"damage":20,"enemies":"Spheric Guardian","floor":18,"turns":4},{"damage":21,"enemies":"Shell Parasite","floor":21,"turns":7},{"damage":45,"enemies":"Sentry and Sphere","floor":22,"turns":8},{"damage":38,"enemies":"Gremlin Leader","floor":23,"turns":2}],"event_choices":[{"event_name":"World of Goop","player_choice":"Gather Gold","floor":4,"damage_taken":0},{"event_name":"Shining Light","player_choice":"Entered Light","floor":5,"damage_taken":0},{"event_name":"Vampires","player_choice":"Became a vampire","floor":19,"damage_taken":0},{"event_name":"Bonfire Elementals","player_choice":"SKILL","floor":20,"damage_taken":0}],"boss_relics":[{"not_picked":["Velvet Choker","Black Blood"],"picked":"Question Card"}],"potions_floor_spawned":[1,8,13,16,22],"seed_played":"3855757177040985132","killed_by":"Gremlin Leader","is_trial":false}