{"gold_per_floor":[111,111,17,36,36,36,71,71,71,103,160,140,152,187,187,261,261,272,291,291],"floor_reached":20,"playtime":1002,"items_purged":[],"score":376,"play_id":"3b5a693a-79b2-4dda-85b5-70bfed782a08","local_time":"20190130151950","is_ascension_mode":true,"campfire_choices":[{"data":"Dualcast","floor":6,"key":"SMITH"},{"data":"Defend_B","floor":8,"key":"SMITH"},{"data":"Stack","floor":15,"key":"SMITH"}],"neow_cost":"NONE","seed_source_timestamp":3102947659831395,"circlet_count":0,"master_deck":["AscendersBane","Strike_B","Strike_B","Strike_B","Strike_B","Defend_B","Defend_B+1","Defend_B","Defend_B","Zap","Dualcast+1","Sweeping Beam","Conserve Battery","Lockon","Machine Learning","Glacier","Stack+1","Fission","Stack","Leap+1"],"relics":["Cracked Core","NeowsBlessing","Orichalcum","Calipers","Emotion Chip","Centennial Puzzle","Bag of Marbles","Inserter"],"potions_floor_usage":[10,14,16,16,20],"damage_taken":[{"damage":0,"enemies":"Jaw Worm","floor":1,"turns":1},{"damage":0,"enemies":"Cultist","floor":4,"turns":1},{"damage":0,"enemies":"3 Sentries","floor":7,"turns":1},{"damage":10,"enemies":"Gremlin Nob","floor":10,"turns":3},{"damage":23,"enemies":"Gremlin Nob","floor":11,"turns":4},{"damage":0,"enemies":"Small Slimes","floor":13,"turns":3},{"damage":6,"enemies":"3 Sentries","floor":14,"turns":9},{"damage":23,"enemies":"Slime Boss","floor":16,"turns":11},{"damage":21,"enemies":"Chosen","floor":18,"turns":9},{"damage":18,"enemies":"Shell Parasite","floor":19,"turns":18},{"damage":30,"enemies":"Chosen and Byrds","floor":20,"turns":10}],"seed_played":"-5338134393199513834","potions_obtained":[{"floor":7,"key":"Regen Potion"},{"floor":11,"key":"FearPotion"},{"floor":12,"key":"SteroidPotion"},{"floor":14,"key":"AttackPotion"},{"floor":19,"key":"Weak Potion"}],"is_trial":false,"path_per_floor":["M","?","$","M","$","R","E","R","T","E","?","?","M","E","R","B",null,"M","M","M"],"character_chosen":"DEFECT","items_purchased":["Conserve Battery","AttackPotion"],"campfire_rested":0,"item_purchase_floors":[3,3],"current_hp_per_floor":[64,64,64,64,64,64,64,64,64,54,31,31,31,40,40,17,58,37,19,0],"gold":291,"neow_bonus":"THREE_ENEMY_KILL","is_prod":false,"is_daily":false,"chose_seed":false,"campfire_upgraded":3,"win_rate":0,"timestamp":1548861590,"path_taken":["M","?","?","?","?","R","E","R","T","E","?","?","M","E","R","BOSS","M","?","M"],"build_version":"2019-01-23","purchased_purges":0,"victory":false,"max_hp_per_floor":[71,71,71,71,71,71,71,71,71,71,71,71,71,71,71,71,71,71,71,71],"card_choices":[{"not_picked":["Aggregate","Streamline"],"picked":"Sweeping Beam","floor":1},{"not_picked":["Double Energy","Reprogram","Barrage"],"picked":"SKIP","floor":4},{"not_picked":["Steam","Redo"],"picked":"Lockon","floor":7},{"not_picked":["Recycle","Meteor Strike"],"picked":"Machine Learning","floor":10},{"not_picked":["Steam","Stack"],"picked":"Glacier","floor":11},{"not_picked":["Consume","Blizzard"],"picked":"Stack","floor":13},{"not_picked":["Turbo","Redo","Sweeping Beam"],"picked":"SKIP","floor":14},{"not_picked":["Rainbow","Core Surge"],"picked":"Fission","floor":16},{"not_picked":["Reprogram+1","Self Repair"],"picked":"Stack","floor":18},{"not_picked":["Scrape","FTL+1"],"picked":"Leap+1","floor":19}],"player_experience":492990,"relics_obtained":[{"floor":7,"key":"Orichalcum"},{"floor":9,"key":"Calipers"},{"floor":10,"key":"Emotion Chip"},{"floor":11,"key":"Centennial Puzzle"},{"floor":14,"key":"Bag of Marbles"}],"event_choices":[{"damage_healed":0,"gold_gain":0,"player_choice":"0 cards matched","damage_taken":0,"max_hp_gain":0,"max_hp_loss":0,"event_name":"Match and Keep!","floor":2,"gold_loss":0,"cards_obtained":[]},{"damage_healed":0,"gold_gain":0,"player_choice":"Searched \u00271\u0027 times","damage_taken":0,"max_hp_gain":0,"max_hp_loss":0,"event_name":"Dead Adventurer","floor":11,"gold_loss":0},{"damage_healed":0,"gold_gain":0,"player_choice":"Bought 1 Potion","damage_taken":0,"max_hp_gain":0,"max_hp_loss":0,"event_name":"The Woman in Blue","floor":12,"gold_loss":0}],"is_beta":false,"boss_relics":[{"not_picked":["Fusion Hammer","Tiny House"],"picked":"Inserter"}],"items_purged_floors":[],"is_endless":false,"potions_floor_spawned":[7,11,13,14,19],"killed_by":"Chosen and Byrds","ascension_level":15}