{"gold_per_floor":[119,119,44,44,44,79,79,112,112,112,146,163,163,177,177,177],"floor_reached":16,"playtime":635,"items_purged":["Defend_R"],"score":291,"play_id":"9f8374ba-52f9-4d5a-aa46-df9fc55a988d","local_time":"20180823184225","is_ascension_mode":true,"campfire_choices":[{"floor":7,"key":"REST"},{"floor":10,"key":"REST"},{"floor":15,"key":"REST"}],"neow_cost":"NONE","seed_source_timestamp":706464502392282,"circlet_count":0,"master_deck":["Strike_R","Strike_R","Strike_R","Strike_R","Strike_R+1","Defend_R","Defend_R+1","Defend_R","Bash","AscendersBane","Flex+1","Double Tap","Whirlwind","Blood for Blood"],"relics":["Runic Cube","Ornamental Fan","Mango","Juzu Bracelet","Ginger"],"potions_floor_usage":[16],"damage_taken":[{"damage":2,"enemies":"2 Louse","floor":1,"turns":4},{"damage":28,"enemies":"Gremlin Nob","floor":6,"turns":4},{"damage":31,"enemies":"3 Sentries","floor":8,"turns":7},{"damage":23,"enemies":"Lagavulin","floor":11,"turns":6},{"damage":0,"enemies":"Cultist","floor":12,"turns":3},{"damage":8,"enemies":"Jaw Worm","floor":14,"turns":2}],"seed_played":"2762026938414122965","potions_obtained":[{"floor":6,"key":"SmokeBomb"},{"floor":8,"key":"Dexterity Potion"},{"floor":11,"key":"Energy Potion"}],"is_trial":false,"path_per_floor":["M","?","$","?","?","E","R","E","T","R","E","M","?","M","R"],"character_chosen":"IRONCLAD","items_purchased":[],"campfire_rested":3,"item_purchase_floors":[],"current_hp_per_floor":[66,66,66,66,43,15,37,20,20,46,23,23,10,2,28,0],"gold":177,"neow_bonus":"BOSS_RELIC","is_prod":false,"is_daily":false,"chose_seed":false,"campfire_upgraded":0,"win_rate":0,"timestamp":1535046145,"path_taken":["M","?","$","?","?","E","R","E","T","R","E","M","?","M","R","BOSS"],"build_version":"2018-08-16","purchased_purges":1,"victory":false,"max_hp_per_floor":[75,75,75,75,75,75,75,89,89,89,89,89,89,89,89,89],"card_choices":[{"not_picked":["Anger","Cleave"],"picked":"Flex","floor":1},{"not_picked":["True Grit","Fire Breathing"],"picked":"Double Tap","floor":6},{"not_picked":["Wild Strike","Anger","Clash"],"picked":"SKIP","floor":8},{"not_picked":["Ghostly Armor","Warcry","Havoc"],"picked":"SKIP","floor":11},{"not_picked":["Twin Strike","Pommel Strike"],"picked":"Whirlwind","floor":12},{"not_picked":["Havoc","Body Slam"],"picked":"Blood for Blood","floor":14}],"player_experience":310578,"relics_obtained":[{"floor":6,"key":"Ornamental Fan"},{"floor":8,"key":"Mango"},{"floor":9,"key":"Juzu Bracelet"},{"floor":11,"key":"Ginger"}],"event_choices":[{"event_name":"Accursed Blacksmith","player_choice":"Forge","floor":2,"damage_taken":0},{"event_name":"The Cleric","player_choice":"Leave","floor":4,"damage_taken":0},{"event_name":"Shining Light","player_choice":"Entered Light","floor":5,"damage_taken":0},{"event_name":"Wheel of Change","player_choice":"Damage","floor":13,"damage_taken":0}],"is_beta":false,"boss_relics":[],"items_purged_floors":[3],"is_endless":false,"potions_floor_spawned":[6,8,11],"killed_by":"The Guardian","ascension_level":15}