{"path_per_floor":["M","?","?","M","M","R","M","E","T","R","?","M","$","?","R","B",null,"M","?","?","M","$","R","?","E","T","M","M","R","?","$","R","B",null,"M","M","M","?","M","R","M","R","T","M","M","M","$","M","R"],"character_chosen":"THE_SILENT","items_purchased":["Ornamental Fan","Accuracy","Cloak And Dagger","Cloak And Dagger","Strength Potion"],"gold_per_floor":[112,212,212,227,240,240,255,285,362,362,422,437,107,107,107,204,204,219,219,219,232,30,30,30,63,63,78,96,96,96,1,1,102,102,118,138,149,149,164,164,177,177,177,190,209,219,121,132,132],"floor_reached":50,"campfire_rested":3,"playtime":3301,"current_hp_per_floor":[70,70,70,70,70,70,70,56,56,56,18,18,18,4,25,18,57,48,48,48,52,52,52,52,16,16,11,1,37,37,37,37,46,64,57,55,63,54,41,41,49,70,70,60,56,50,50,55,55],"items_purged":["Strike_G","Strike_G","Defend_G","Strike_G"],"gold":132,"score":544,"play_id":"644dcc56-6a86-471b-84ca-1312dc0d69b8","is_prod":false,"is_daily":false,"is_ascension_mode":true,"campfire_upgraded":6,"path_taken":["M","?","?","M","M","R","?","E","T","R","?","M","$","?","R","BOSS","M","?","?","?","$","R","?","E","T","?","M","R","?","?","R","BOSS","M","?","?","?","M","R","M","R","T","M","M","M","$","M","R","BOSS"],"build_version":"2018-02-22-PROD1","purchased_purges":5,"victory":false,"master_deck":["Defend_G","Defend_G","Defend_G+1","Strike_G","Strike_G+1","Survivor","Neutralize+1","Dagger Spray+1","Infinite Blades","Backstab","Burst","Infinite Blades","Caltrops","Accuracy+1","Cloak And Dagger+1","Masterful Stab+1","Cloak And Dagger+1","Blur+1","Madness+1","Madness","Cloak And Dagger+1","Acrobatics+1"],"max_hp_per_floor":[70,70,70,70,70,70,70,70,70,70,70,70,70,70,70,70,70,70,70,70,70,70,70,70,70,70,70,70,70,70,70,70,70,70,70,70,70,70,70,70,70,70,70,70,70,70,70,70,70],"relics":["Ring of the Snake","NeowsBlessing","Bird Faced Urn","Pantograph","Omamori","Ornamental Fan","Calling Bell","Thread and Needle","Mercury Hourglass","Regal Pillow","Happy Flower","Ginger","Smiling Mask","Spirit Poop","White Beast Statue","Girya"],"card_choices":[{"not_picked":["Concentrate","Flying Knee"],"picked":"Dagger Spray"},{"not_picked":["Deflect","Underhanded Strike"],"picked":"Infinite Blades"},{"not_picked":["Slice","Acrobatics"],"picked":"Backstab"},{"not_picked":["Night Terror","Doppelganger"],"picked":"Burst"},{"not_picked":["Riddle With Holes","Underhanded Strike"],"picked":"Infinite Blades"},{"not_picked":["Underhanded Strike","Well Laid Plans"],"picked":"Caltrops"},{"not_picked":["Flying Knee","Calculated Gamble"],"picked":"Masterful Stab"},{"not_picked":["Quick Slash","Catalyst"],"picked":"Blur"},{"not_picked":["All Out Attack","Deadly Poison"],"picked":"Cloak And Dagger"},{"not_picked":["Quick Slash","Deflect"],"picked":"Acrobatics"}],"player_experience":136914,"potions_floor_usage":[11,11,16,27,28,37,37,39,41,44,45,48,50,50],"damage_taken":[{"damage":0.0,"enemies":"2 Louse","floor":1.0,"turns":1.0},{"damage":0.0,"enemies":"Cultist","floor":4.0,"turns":1.0},{"damage":0.0,"enemies":"Jaw Worm","floor":5.0,"turns":1.0},{"damage":0.0,"enemies":"Lots of Slimes","floor":7.0,"turns":1.0},{"damage":14.0,"enemies":"3 Sentries","floor":8.0,"turns":5.0},{"damage":40,"enemies":"Lagavulin Event","floor":11,"turns":7},{"damage":0,"enemies":"2 Fungi Beasts","floor":12,"turns":2},{"damage":34,"enemies":"Slime Boss","floor":16,"turns":11},{"damage":11,"enemies":"Spheric Guardian","floor":18,"turns":5},{"damage":0,"enemies":"Shell Parasite","floor":21,"turns":5},{"damage":44,"enemies":"Slavers","floor":25,"turns":4},{"damage":28,"enemies":"Cultist and Chosen","floor":27,"turns":6},{"damage":16,"enemies":"Snake Plant","floor":28,"turns":3},{"damage":24,"enemies":"Automaton","floor":33,"turns":9},{"damage":15,"enemies":"3 Darklings","floor":35,"turns":5},{"damage":8,"enemies":"3 Shapes","floor":36,"turns":4},{"damage":0,"enemies":"Maw","floor":37,"turns":7},{"damage":21,"enemies":"3 Darklings","floor":39,"turns":4},{"damage":0,"enemies":"4 Shapes","floor":41,"turns":6},{"damage":13,"enemies":"Sphere and 2 Shapes","floor":44,"turns":6},{"damage":12,"enemies":"3 Darklings","floor":45,"turns":4},{"damage":14,"enemies":"Maw","floor":46,"turns":8},{"damage":3,"enemies":"Sphere and 2 Shapes","floor":48,"turns":6},{"damage":80,"enemies":"Awakened One","floor":50,"turns":7}],"event_choices":[{"event_name":"Golden Shrine","player_choice":"Pray","floor":2.0,"damage_taken":0.0},{"event_name":"Purifier","player_choice":"One Purge","floor":3.0,"damage_taken":0.0},{"event_name":"Dead Adventurer","player_choice":"Searched \u00271\u0027 times","floor":11,"damage_taken":0},{"event_name":"Shining Light","player_choice":"Entered Light","floor":14,"damage_taken":0},{"event_name":"The Mausoleum","player_choice":"Yes","floor":19,"damage_taken":0},{"event_name":"Purifier","player_choice":"One Purge","floor":20,"damage_taken":0},{"event_name":"Forgotten Altar","player_choice":"Smashed Altar","floor":24,"damage_taken":0},{"event_name":"Bonfire Elementals","player_choice":"CURSE","floor":30,"damage_taken":0},{"event_name":"Winding Halls","player_choice":"Embrace Madness","floor":38,"damage_taken":0}],"boss_relics":[{"not_picked":["Eternal Feather","Astrolabe"],"picked":"Calling Bell"},{"not_picked":["Runic Pyramid","Lizard Tail"],"picked":"White Beast Statue"}],"potions_floor_spawned":[4,7,8,11,25,27,35,36,37,39,41,44,45,46,48],"seed_played":"848337255752469109","killed_by":"Awakened One","ascension_level":5,"is_trial":false}