{"gold_per_floor":[111,111,111,121,138,164,164,89,89,89,101,1,26,43,43,116,116,88,88,88,88,107,107],"floor_reached":23,"playtime":1190,"items_purged":["Pain","Strike_R"],"score":403,"play_id":"4da41de1-9b8a-428f-936b-dcd76062be5c","local_time":"20180909194216","is_ascension_mode":true,"campfire_choices":[{"data":"Reaper","floor":7,"key":"SMITH"},{"floor":10,"key":"REST"},{"data":"Combust","floor":15,"key":"SMITH"}],"neow_cost":"PERCENT_DAMAGE","seed_source_timestamp":2178395305686888,"circlet_count":0,"master_deck":["Strike_R","Strike_R","Strike_R","Strike_R","Defend_R","Defend_R","Defend_R","Defend_R","Bash","AscendersBane","Combust+1","Second Wind","Reckless Charge","Reaper+1","Spot Weakness","Impervious","Carnage","Brutality","J.A.X."],"relics":["Burning Blood","WarpedTongs","Meat on the Bone","Matryoshka","Dream Catcher","Mark of Pain"],"potions_floor_usage":[6,16,16],"damage_taken":[{"damage":5,"enemies":"2 Louse","floor":1,"turns":3},{"damage":4,"enemies":"Cultist","floor":4,"turns":3},{"damage":17,"enemies":"Jaw Worm","floor":5,"turns":3},{"damage":20,"enemies":"3 Sentries","floor":6,"turns":6},{"damage":22,"enemies":"Exordium Thugs","floor":11,"turns":5},{"damage":29,"enemies":"Gremlin Nob","floor":13,"turns":4},{"damage":21,"enemies":"Gremlin Gang","floor":14,"turns":5},{"damage":69,"enemies":"Slime Boss","floor":16,"turns":11},{"damage":32,"enemies":"2 Thieves","floor":18,"turns":4},{"damage":34,"enemies":"Chosen","floor":22,"turns":5},{"damage":77,"enemies":"Slavers","floor":23,"turns":5}],"seed_played":"4528207993107534782","potions_obtained":[{"floor":5,"key":"SteroidPotion"},{"floor":11,"key":"GamblersBrew"},{"floor":16,"key":"Fruit Juice"}],"is_trial":false,"path_per_floor":["M","?","?","M","M","E","R","$","T","R","M","$","E","M","R","B",null,"M","?","?","$","M"],"character_chosen":"IRONCLAD","items_purchased":[],"campfire_rested":1,"item_purchase_floors":[],"current_hp_per_floor":[59,64,64,66,55,41,41,41,41,69,58,58,52,64,64,34,83,67,67,67,67,56,0],"gold":107,"neow_bonus":"TWENTY_PERCENT_HP_BONUS","is_prod":false,"is_daily":false,"chose_seed":false,"campfire_upgraded":2,"win_rate":0,"timestamp":1536518536,"path_taken":["M","?","?","?","M","E","R","$","T","R","M","?","E","?","R","BOSS","M","?","?","$","M","E"],"build_version":"2018-09-06","purchased_purges":2,"victory":false,"max_hp_per_floor":[89,94,94,94,94,94,94,94,94,94,94,94,94,94,94,99,99,99,99,99,99,99,99],"card_choices":[{"not_picked":["Havoc","Seeing Red"],"picked":"Combust","floor":1},{"not_picked":["Cleave","Heavy Blade"],"picked":"Second Wind","floor":4},{"not_picked":["Infernal Blade","Intimidate"],"picked":"Reckless Charge","floor":5},{"not_picked":["Power Through","Twin Strike"],"picked":"Reaper","floor":6},{"not_picked":["Warcry","True Grit"],"picked":"Spot Weakness","floor":11},{"not_picked":["Wild Strike","Exhume"],"picked":"Impervious","floor":13},{"not_picked":["Seeing Red","Body Slam"],"picked":"Carnage","floor":14},{"not_picked":["Impervious","Exhume"],"picked":"Brutality","floor":16},{"not_picked":["Pummel","Sever Soul","Heavy Blade"],"picked":"SKIP","floor":18},{"not_picked":["Pummel","Anger","Clothesline"],"picked":"SKIP","floor":22}],"player_experience":330331,"relics_obtained":[{"floor":6,"key":"Meat on the Bone"},{"floor":9,"key":"Matryoshka"},{"floor":13,"key":"Dream Catcher"}],"event_choices":[{"event_name":"Big Fish","player_choice":"Donut","floor":2,"damage_taken":0},{"event_name":"Accursed Blacksmith","player_choice":"Rummage","floor":3,"damage_taken":0},{"event_name":"Vampires","player_choice":"Ignored","floor":19,"damage_taken":0},{"event_name":"Drug Dealer","player_choice":"Got JAX","floor":20,"damage_taken":0}],"is_beta":false,"boss_relics":[{"not_picked":["Runic Dome","Velvet Choker"],"picked":"Mark of Pain"}],"items_purged_floors":[8,12],"is_endless":false,"potions_floor_spawned":[5,11,16],"killed_by":"Slavers","ascension_level":18}