{"gold_per_floor":[118,137,151,151,165,51,51,90,145,166,6,6,47,67,67,67],"floor_reached":16,"playtime":481,"items_purged":["Injury"],"score":218,"play_id":"4a7efae0-871c-4271-a242-44f7c75ef979","local_time":"20190427020541","is_ascension_mode":true,"campfire_choices":[{"data":"Armaments","floor":7,"key":"SMITH"},{"data":"Thunderclap","floor":12,"key":"SMITH"},{"data":"Flex","floor":15,"key":"SMITH"}],"neow_cost":"PERCENT_DAMAGE","seed_source_timestamp":3417396791619919,"circlet_count":0,"master_deck":["AscendersBane","Strike_R","Strike_R","Strike_R","Strike_R","Strike_R","Defend_R","Defend_R","Defend_R","Defend_R","Bash","Violence","PanicButton","Sword Boomerang","Flex+1","Armaments+1","Inflame","Reaper","Thunderclap+1","Demon Form","Shrug It Off"],"relics":["Burning Blood","Golden Idol","Smiling Mask","Tiny Chest","PreservedInsect","Anchor"],"potions_floor_usage":[10,16,16],"damage_taken":[{"damage":11,"enemies":"Cultist","floor":1,"turns":4},{"damage":0,"enemies":"Jaw Worm","floor":2,"turns":3},{"damage":3,"enemies":"2 Louse","floor":3,"turns":3},{"damage":6,"enemies":"Looter","floor":5,"turns":3},{"damage":8,"enemies":"Gremlin Nob","floor":8,"turns":4},{"damage":22,"enemies":"Exordium Wildlife","floor":10,"turns":5},{"damage":30,"enemies":"3 Sentries","floor":13,"turns":6},{"damage":2,"enemies":"3 Louse","floor":14,"turns":2},{"damage":57,"enemies":"Slime Boss","floor":16,"turns":6}],"seed_played":"8666744093699730552","potions_obtained":[{"floor":1,"key":"Weak Potion"},{"floor":5,"key":"SkillPotion"},{"floor":10,"key":"Block Potion"},{"floor":14,"key":"AttackPotion"}],"is_trial":false,"path_per_floor":["M","M","M","?","M","$","R","E","T","M","$","R","E","M","R","B"],"character_chosen":"IRONCLAD","items_purchased":["Inflame","PreservedInsect"],"campfire_rested":0,"item_purchase_floors":[6,11],"current_hp_per_floor":[45,51,54,54,54,54,54,52,52,51,51,51,27,39,39,0],"gold":67,"neow_bonus":"RANDOM_COLORLESS_2","is_prod":false,"is_daily":false,"chose_seed":false,"campfire_upgraded":3,"win_rate":0,"timestamp":1556327141,"path_taken":["M","?","M","?","M","$","R","E","T","M","?","R","E","?","R","BOSS"],"build_version":"2019-01-23","purchased_purges":1,"victory":false,"max_hp_per_floor":[75,75,75,75,75,75,75,75,75,75,75,75,75,75,75,75],"card_choices":[{"not_picked":["Wild Strike","Sword Boomerang","Heavy Blade"],"picked":"SKIP","floor":1},{"not_picked":["Wild Strike","Heavy Blade"],"picked":"Sword Boomerang","floor":1},{"not_picked":["Bloodletting","Hemokinesis"],"picked":"Flex","floor":2},{"not_picked":["Hemokinesis","Iron Wave"],"picked":"Armaments","floor":3},{"not_picked":["Power Through","Anger","Heavy Blade"],"picked":"SKIP","floor":5},{"not_picked":["Rupture","Flex"],"picked":"Reaper","floor":8},{"not_picked":["Sentinel","Cleave"],"picked":"Thunderclap","floor":10},{"not_picked":["Power Through","True Grit"],"picked":"Demon Form","floor":13},{"not_picked":["Headbutt","Metallicize"],"picked":"Shrug It Off","floor":14}],"player_experience":686703,"relics_obtained":[{"floor":8,"key":"Smiling Mask"},{"floor":9,"key":"Tiny Chest"},{"floor":13,"key":"Anchor"}],"event_choices":[{"damage_healed":0,"gold_gain":0,"player_choice":"Take Wound","damage_taken":0,"relics_obtained":["Golden Idol"],"max_hp_gain":0,"max_hp_loss":0,"event_name":"Golden Idol","floor":4,"gold_loss":0,"cards_obtained":["Injury"]}],"is_beta":false,"boss_relics":[],"items_purged_floors":[6],"is_endless":false,"potions_floor_spawned":[1,5,10,14],"killed_by":"Slime Boss","ascension_level":19}