{"gold_per_floor":[112,112,128,143,156,181,131,195,222,242,242,81,99,112,112,208,208,227,227,18,31,45,45,75,91,91,118,142,173,173,193,193,294,294,311,366,376,376,376,405,405,417,444,444,444,456,202,232,232,232,232,232,107,137,137],"floor_reached":55,"playtime":6940,"items_purged":["Strike_B","Strike_B+1","Self Repair"],"score":870,"play_id":"dcd9535d-10af-4dfe-9f38-f18eca96cfd8","local_time":"20190228161105","is_ascension_mode":true,"campfire_choices":[{"data":"Defragment","floor":11,"key":"SMITH"},{"floor":15,"key":"REST"},{"data":"Coolheaded","floor":23,"key":"SMITH"},{"data":"Buffer","floor":30,"key":"SMITH"},{"floor":32,"key":"REST"},{"data":"Hologram","floor":41,"key":"SMITH"},{"floor":44,"key":"RECALL"},{"floor":49,"key":"REST"},{"data":"Go for the Eyes","floor":52,"key":"SMITH"}],"neow_cost":"NONE","seed_source_timestamp":85798359226726,"circlet_count":0,"master_deck":["Strike_B+1","Defend_B","Defend_B","Defend_B","Defend_B","Zap","Dualcast+1","Cold Snap","Electrodynamics","Go for the Eyes+1","Defragment+1","Coolheaded+1","Auto Shields","Conserve Battery+1","Sunder","Hologram","Buffer+1","Hologram+1","Undo+1","Tempest+1","Genetic Algorithm+1","Creative AI","Compile Driver+1","Rainbow","Core Surge","Hologram+1","Echo Form"],"relics":["Cracked Core","Dead Branch","Tiny Chest","Whetstone","Odd Mushroom","Snecko Eye","ClockworkSouvenir","War Paint","Matryoshka","Orichalcum","Dream Catcher","Happy Flower","Red Mask","Nuclear Battery","Nunchaku","Oddly Smooth Stone","Turnip","Gremlin Horn","Boot","Blood Vial","Letter Opener"],"potions_floor_usage":[8,14,24,50,55],"damage_taken":[{"damage":2,"enemies":"Jaw Worm","floor":1,"turns":3},{"damage":1,"enemies":"2 Louse","floor":3,"turns":2},{"damage":0,"enemies":"Cultist","floor":4,"turns":3},{"damage":0,"enemies":"Exordium Thugs","floor":5,"turns":3},{"damage":29,"enemies":"Gremlin Nob","floor":6,"turns":5},{"damage":19,"enemies":"Lagavulin","floor":8,"turns":7},{"damage":18,"enemies":"The Mushroom Lair","floor":10,"turns":2},{"damage":0,"enemies":"3 Louse","floor":13,"turns":1},{"damage":14,"enemies":"Large Slime","floor":14,"turns":4},{"damage":17,"enemies":"Slime Boss","floor":16,"turns":7},{"damage":15,"enemies":"Chosen","floor":18,"turns":4},{"damage":1,"enemies":"Spheric Guardian","floor":21,"turns":3},{"damage":9,"enemies":"Snake Plant","floor":22,"turns":5},{"damage":25,"enemies":"Book of Stabbing","floor":24,"turns":6},{"damage":6,"enemies":"Chosen and Byrds","floor":25,"turns":4},{"damage":3,"enemies":"Gremlin Leader","floor":27,"turns":5},{"damage":0,"enemies":"Masked Bandits","floor":29,"turns":1},{"damage":0,"enemies":"Centurion and Healer","floor":31,"turns":3},{"damage":30,"enemies":"Champ","floor":33,"turns":17},{"damage":11,"enemies":"3 Darklings","floor":35,"turns":3},{"damage":3,"enemies":"2 Orb Walkers","floor":36,"turns":5},{"damage":4,"enemies":"Orb Walker","floor":37,"turns":3},{"damage":9,"enemies":"Nemesis","floor":40,"turns":9},{"damage":0,"enemies":"Writhing Mass","floor":42,"turns":6},{"damage":0,"enemies":"3 Darklings","floor":46,"turns":1},{"damage":39,"enemies":"Giant Head","floor":48,"turns":11},{"damage":39,"enemies":"Awakened One","floor":50,"turns":17},{"damage":25,"enemies":"Shield and Spear","floor":54,"turns":5},{"damage":51,"enemies":"The Heart","floor":55,"turns":8}],"seed_played":"5621711721680452483","potions_obtained":[{"floor":0,"key":"Regen Potion"},{"floor":0,"key":"SneckoOil"},{"floor":0,"key":"EssenceOfSteel"},{"floor":5,"key":"PowerPotion"},{"floor":8,"key":"Dexterity Potion"},{"floor":14,"key":"FearPotion"},{"floor":24,"key":"Swift Potion"},{"floor":33,"key":"Poison Potion"},{"floor":40,"key":"FearPotion"},{"floor":42,"key":"FocusPotion"}],"is_trial":false,"path_per_floor":["M","?","M","M","M","E","?","E","T","?","R","$","M","M","R","B",null,"M","T","$","M","M","R","E","M","T","E","T","?","R","M","R","B",null,"M","?","M","T","?","E","R","M","T","R","?","M","$","E","R","B",null,"R","$","E","B"],"character_chosen":"DEFECT","items_purchased":["Conserve Battery","Sunder","ClockworkSouvenir","Rainbow"],"campfire_rested":3,"item_purchase_floors":[12,12,20,47],"current_hp_per_floor":[73,73,72,72,72,43,43,43,43,32,32,32,32,25,47,37,75,67,67,67,66,64,64,39,40,40,44,44,44,44,44,66,43,75,64,68,64,64,64,62,62,69,69,69,69,69,69,37,58,28,71,71,71,46,0],"gold":137,"neow_bonus":"THREE_SMALL_POTIONS","is_prod":false,"is_daily":false,"chose_seed":false,"campfire_upgraded":5,"win_rate":0,"timestamp":1551391865,"path_taken":["M","?","M","M","M","E","?","E","T","?","R","?","?","M","R","BOSS","M","?","$","M","?","R","E","M","T","E","?","?","R","M","R","BOSS","M","?","M","?","?","E","R","M","T","R","?","M","$","E","R","BOSS","R","$","E","BOSS"],"build_version":"2019-01-23","purchased_purges":3,"victory":false,"max_hp_per_floor":[75,75,75,75,75,75,75,75,75,75,75,75,75,75,75,75,75,75,75,75,75,75,75,75,75,75,75,75,75,75,75,75,75,75,75,75,75,75,75,75,75,75,75,75,71,71,71,71,71,71,71,71,71,71,71],"card_choices":[{"not_picked":["Hologram","Leap"],"picked":"Cold Snap","floor":1},{"not_picked":["Beam Cell","Ball Lightning"],"picked":"Electrodynamics","floor":3},{"not_picked":["Reprogram","Darkness"],"picked":"Go for the Eyes","floor":4},{"not_picked":["Double Energy","Gash"],"picked":"Self Repair","floor":5},{"not_picked":["Aggregate","Barrage"],"picked":"Defragment","floor":6},{"not_picked":["Undo","Aggregate"],"picked":"Coolheaded","floor":8},{"not_picked":["Redo","Compile Driver"],"picked":"Auto Shields","floor":10},{"not_picked":["Electrodynamics","Steam Power"],"picked":"Ball Lightning","floor":13},{"not_picked":["Consume","Coolheaded"],"picked":"Hologram","floor":14},{"not_picked":["Meteor Strike","Hyperbeam"],"picked":"Buffer","floor":16},{"not_picked":["Consume+1","Turbo"],"picked":"Hologram","floor":18},{"not_picked":["Streamline+1","Go for the Eyes+1"],"picked":"Undo+1","floor":21},{"not_picked":["Coolheaded","Streamline","Conserve Battery"],"picked":"SKIP","floor":22},{"not_picked":["Barrage+1","Turbo"],"picked":"Tempest+1","floor":24},{"not_picked":["Cold Snap+1","Sunder"],"picked":"Genetic Algorithm+1","floor":25},{"not_picked":["Coolheaded","Fusion","Darkness"],"picked":"SKIP","floor":27},{"not_picked":["Cold Snap","Rebound","Lockon"],"picked":"SKIP","floor":31},{"not_picked":["Reboot","Machine Learning"],"picked":"Creative AI","floor":33},{"not_picked":["Tempest+1","Conserve Battery","Undo"],"picked":"SKIP","floor":35},{"not_picked":["Turbo+1","Beam Cell+1","Self Repair+1"],"picked":"SKIP","floor":37},{"not_picked":["Darkness+1","Cold Snap","Leap+1"],"picked":"SKIP","floor":40},{"not_picked":["White Noise","Steam","Gash"],"picked":"SKIP","floor":42},{"not_picked":["Compile Driver+1","FTL+1","Turbo"],"picked":"SKIP","floor":46},{"not_picked":["FTL+1","Turbo"],"picked":"Compile Driver+1","floor":46},{"not_picked":["Heatsinks+1","White Noise+1"],"picked":"Core Surge","floor":48},{"not_picked":["Barrage+1","Gash"],"picked":"Hologram+1","floor":49},{"not_picked":["Sweeping Beam","Turbo+1"],"picked":"Echo Form","floor":54}],"player_experience":485388,"relics_obtained":[{"floor":6,"key":"Dead Branch"},{"floor":8,"key":"Tiny Chest"},{"floor":9,"key":"Whetstone"},{"floor":10,"key":"Odd Mushroom"},{"floor":24,"key":"War Paint"},{"floor":26,"key":"Matryoshka"},{"floor":27,"key":"Orichalcum"},{"floor":28,"key":"Dream Catcher"},{"floor":28,"key":"Happy Flower"},{"floor":29,"key":"Red Mask"},{"floor":36,"key":"Nunchaku"},{"floor":38,"key":"Oddly Smooth Stone"},{"floor":38,"key":"Turnip"},{"floor":40,"key":"Gremlin Horn"},{"floor":43,"key":"Boot"},{"floor":48,"key":"Blood Vial"},{"floor":54,"key":"Letter Opener"}],"event_choices":[{"cards_removed":["Strike_B"],"damage_healed":0,"gold_gain":0,"player_choice":"Forget","damage_taken":0,"max_hp_gain":0,"max_hp_loss":0,"event_name":"Living Wall","floor":2,"gold_loss":0},{"damage_healed":0,"gold_gain":0,"player_choice":"Left Gold","damage_taken":0,"max_hp_gain":0,"max_hp_loss":0,"event_name":"World of Goop","floor":7,"gold_loss":50},{"damage_healed":0,"gold_gain":0,"player_choice":"Fought Mushrooms","damage_taken":0,"max_hp_gain":0,"max_hp_loss":0,"event_name":"Mushrooms","floor":10,"gold_loss":0},{"damage_healed":0,"gold_gain":0,"player_choice":"Fought Bandits","damage_taken":0,"max_hp_gain":0,"max_hp_loss":0,"event_name":"Masked Bandits","floor":29,"gold_loss":0},{"damage_healed":0,"gold_gain":0,"player_choice":"Fight","damage_taken":0,"max_hp_gain":0,"max_hp_loss":0,"event_name":"Mysterious Sphere","floor":36,"gold_loss":0},{"cards_removed":["Ball Lightning"],"damage_healed":0,"gold_gain":0,"player_choice":"Removed Attack","damage_taken":0,"max_hp_gain":0,"max_hp_loss":0,"event_name":"Falling","floor":39,"gold_loss":0},{"damage_healed":0,"gold_gain":0,"player_choice":"Max HP","damage_taken":0,"max_hp_gain":0,"max_hp_loss":4,"event_name":"Winding Halls","floor":45,"gold_loss":0}],"is_beta":false,"boss_relics":[{"not_picked":["Black Star","Inserter"],"picked":"Snecko Eye"},{"not_picked":["Busted Crown","Runic Pyramid"],"picked":"Nuclear Battery"}],"items_purged_floors":[12,47,53],"is_endless":false,"potions_floor_spawned":[5,8,10,13,14,24,25,29,33,35,40,42,48],"killed_by":"The Heart","ascension_level":4}