{"gold_per_floor":[129,144,159,159,60,79,98,98,148,186,205,224,262,281,281,406,406,425,270,270,289,308,308,346,346,346,365,384,384,384,422,422,547,547,566,566,28,47,66,104,123,142,142,161,177,196,215,253,253,253],"floor_reached":51,"playtime":937,"items_purged":[],"score":1467,"play_id":"81bd232e-267d-4fee-bac2-cf455b928b2e","local_time":"20180821120115","daily_mods":["Allstar","Night Terrors","Hoarder"],"is_ascension_mode":false,"campfire_choices":[{"data":"Mind Blast","floor":8,"key":"SMITH"},{"data":"Mind Blast","floor":15,"key":"SMITH"},{"data":"Mind Blast","floor":23,"key":"SMITH"},{"data":"Jack Of All Trades","floor":25,"key":"SMITH"},{"data":"Buffer","floor":30,"key":"SMITH"},{"data":"Apotheosis","floor":32,"key":"SMITH"},{"data":"Hologram","floor":49,"key":"SMITH"}],"neow_cost":"","seed_source_timestamp":0,"circlet_count":0,"master_deck":["Strike_B","Strike_B","Strike_B","Strike_B","Defend_B","Defend_B","Defend_B","Defend_B","Zap","Dualcast","Transmutation","Transmutation","Transmutation","Apotheosis+1","Apotheosis","Apotheosis","Jack Of All Trades+1","Jack Of All Trades","Jack Of All Trades","Enlightenment","Enlightenment","Enlightenment","Blind","Blind","Blind","Aggregate","Aggregate","Aggregate","Cold Snap","Cold Snap","Cold Snap","Gash","Gash","Gash","Injury","Injury","Injury","Mind Blast+1","Mind Blast+1","Mind Blast+1","Conserve Battery","Conserve Battery","Conserve Battery","Gash","Gash","Gash","Cold Snap+1","Cold Snap+1","Cold Snap+1","Glacier","Glacier","Glacier","Aggregate","Aggregate","Aggregate","Beam Cell+1","Beam Cell+1","Beam Cell+1","Ball Lightning+1","Ball Lightning+1","Ball Lightning+1","Buffer+1","Buffer","Buffer","Turbo","Turbo","Turbo","Conserve Battery","Conserve Battery","Conserve Battery","Blind","Blind","Blind","Shame","Shame","Shame","Leap","Leap","Leap","White Noise","White Noise","White Noise","Beam Cell+1","Beam Cell+1","Beam Cell+1","Hologram+1","Hologram","Hologram","BootSequence+1","BootSequence+1","BootSequence+1","Go for the Eyes+1","Go for the Eyes+1","Go for the Eyes+1","FTL+1","FTL+1","FTL+1","Hologram","Hologram","Hologram","Glacier+1","Glacier+1","Glacier+1","Go for the Eyes+1","Go for the Eyes+1","Go for the Eyes+1","Hologram+1","Hologram+1","Hologram+1","Leap","Leap","Leap","Gash+1","Gash+1","Gash+1"],"special_seed":17764,"relics":["Cracked Core","Golden Idol","Bag of Marbles","Molten Egg 2","Pear","Nuclear Battery","Dream Catcher","Oddly Smooth Stone","Gambling Chip","Incense Burner","Sozu","Cables","Singing Bowl","Anchor","Symbiotic Virus","Emotion Chip","Peace Pipe"],"potions_floor_usage":[33,33],"damage_taken":[{"damage":0,"enemies":"Small Slimes","floor":1,"turns":3},{"damage":2,"enemies":"2 Louse","floor":2,"turns":2},{"damage":0,"enemies":"Cultist","floor":3,"turns":3},{"damage":0,"enemies":"3 Louse","floor":6,"turns":1},{"damage":10,"enemies":"Looter","floor":7,"turns":3},{"damage":0,"enemies":"Gremlin Nob","floor":10,"turns":1},{"damage":0,"enemies":"Exordium Thugs","floor":11,"turns":1},{"damage":0,"enemies":"Gremlin Gang","floor":12,"turns":4},{"damage":0,"enemies":"Lagavulin","floor":13,"turns":1},{"damage":0,"enemies":"3 Louse","floor":14,"turns":2},{"damage":0,"enemies":"Slime Boss","floor":16,"turns":1},{"damage":0,"enemies":"3 Byrds","floor":18,"turns":1},{"damage":0,"enemies":"Spheric Guardian","floor":21,"turns":1},{"damage":0,"enemies":"Snake Plant","floor":22,"turns":1},{"damage":0,"enemies":"Book of Stabbing","floor":24,"turns":1},{"damage":0,"enemies":"Centurion and Healer","floor":27,"turns":1},{"damage":0,"enemies":"3 Cultists","floor":28,"turns":1},{"damage":0,"enemies":"Gremlin Leader","floor":31,"turns":1},{"damage":3,"enemies":"Automaton","floor":33,"turns":3},{"damage":0,"enemies":"3 Shapes","floor":35,"turns":1},{"damage":0,"enemies":"Flame Bruiser 1 Orb","floor":38,"turns":1},{"damage":0,"enemies":"3 Darklings","floor":39,"turns":1},{"damage":0,"enemies":"2 Orb Walkers","floor":40,"turns":1},{"damage":0,"enemies":"Sphere and 2 Shapes","floor":41,"turns":1},{"damage":0,"enemies":"Transient","floor":42,"turns":5},{"damage":0,"enemies":"Spire Growth","floor":44,"turns":1},{"damage":0,"floor":45,"turns":1},{"damage":0,"enemies":"Jaw Worm Horde","floor":46,"turns":1},{"damage":0,"enemies":"Maw","floor":47,"turns":1},{"damage":0,"enemies":"Nemesis","floor":48,"turns":1},{"damage":0,"enemies":"Time Eater","floor":50,"turns":1}],"seed_played":"-3893326877167468496","potions_obtained":[{"floor":2,"key":"Regen Potion"},{"floor":6,"key":"Ancient Potion"},{"floor":7,"key":"AttackPotion"},{"floor":12,"key":"Block Potion"},{"floor":16,"key":"FearPotion"},{"floor":33,"key":"Regen Potion"}],"is_trial":false,"path_per_floor":["M","M","M","?","$","M","M","R","T","E","M","M","E","M","R","B",null,"M","$","?","M","M","R","E","R","T","M","M","?","R","E","R","B",null,"M","?","$","M","M","E","M","M","T","M","?","M","M","E","R","B"],"character_chosen":"DEFECT","items_purchased":["Mind Blast","Conserve Battery","Blind","Cables","Singing Bowl","FTL+1"],"campfire_rested":0,"item_purchase_floors":[5,19,19,37,37,37],"current_hp_per_floor":[75,73,73,73,73,73,63,63,63,63,63,67,77,77,77,77,85,85,85,85,85,85,85,85,85,85,85,85,85,85,85,85,82,85,85,85,85,87,87,89,89,89,89,89,91,91,93,93,93,93],"gold":253,"neow_bonus":"","is_prod":false,"is_daily":true,"chose_seed":false,"campfire_upgraded":7,"win_rate":0,"timestamp":1534874475,"path_taken":["M","M","M","?","?","M","M","R","T","E","M","M","E","M","R","BOSS","M","$","?","M","M","R","E","R","T","M","M","?","R","E","R","BOSS","M","?","$","M","?","E","M","M","T","M","?","?","M","E","R","BOSS"],"build_version":"2018-08-20","purchased_purges":0,"victory":true,"max_hp_per_floor":[75,75,75,75,75,75,75,75,75,75,75,75,85,85,85,85,85,85,85,85,85,85,85,85,85,85,85,85,85,85,85,85,85,85,85,85,85,87,87,89,89,89,89,89,91,91,93,93,93,93],"card_choices":[{"not_picked":["Reprogram","BootSequence"],"picked":"Aggregate","floor":1},{"not_picked":["Scrape","Glacier"],"picked":"Cold Snap","floor":2},{"not_picked":["Streamline","Compile Driver"],"picked":"Gash","floor":3},{"not_picked":["Hologram","Stack"],"picked":"Conserve Battery","floor":6},{"not_picked":["Steam Power","Redo"],"picked":"Gash","floor":7},{"not_picked":["Doom and Gloom","Scrape"],"picked":"Cold Snap","floor":10},{"not_picked":["Rebound+1","Steam Power"],"picked":"Glacier","floor":11},{"not_picked":["Double Energy","Buffer"],"picked":"Aggregate","floor":12},{"not_picked":["Turbo","Sweeping Beam+1"],"picked":"Beam Cell+1","floor":13},{"not_picked":["Static Discharge","Conserve Battery"],"picked":"Ball Lightning+1","floor":14},{"not_picked":["Thunder Strike+1","Amplify"],"picked":"Buffer","floor":16},{"not_picked":["Storm","Redo"],"picked":"Turbo","floor":18},{"not_picked":["Undo","Rebound+1"],"picked":"Leap","floor":21},{"not_picked":["Heatsinks","Streamline+1"],"picked":"White Noise","floor":22},{"not_picked":["Streamline+1","Barrage+1","Force Field+1"],"picked":"SKIP","floor":24},{"not_picked":["Compile Driver+1","Gash+1"],"picked":"Beam Cell+1","floor":27},{"not_picked":["Barrage+1","Sweeping Beam+1"],"picked":"Hologram","floor":28},{"not_picked":["Cold Snap+1","Beam Cell+1"],"picked":"BootSequence+1","floor":31},{"not_picked":["Redo","Blizzard+1"],"picked":"Go for the Eyes+1","floor":35},{"not_picked":["Redo+1","Ball Lightning+1","Tempest"],"picked":"Singing Bowl","floor":38},{"not_picked":["Amplify","Coolheaded+1"],"picked":"Hologram","floor":39},{"not_picked":["Steam","Redo+1","Stack"],"picked":"Singing Bowl","floor":40},{"not_picked":["Go for the Eyes+1","Stack"],"picked":"Glacier+1","floor":41},{"not_picked":["Turbo","Tempest"],"picked":"Go for the Eyes+1","floor":42},{"not_picked":["Beam Cell+1","Gash+1"],"picked":"Hologram+1","floor":44},{"not_picked":["Streamline+1","Defragment","Melter+1"],"picked":"Singing Bowl","floor":45},{"not_picked":["Double Energy+1","Streamline+1"],"picked":"Leap","floor":46},{"not_picked":["FTL+1","Hello World+1","Self Repair+1"],"picked":"Singing Bowl","floor":47},{"not_picked":["Darkness","Reinforced Body"],"picked":"Gash+1","floor":48}],"player_experience":505458,"relics_obtained":[{"floor":9,"key":"Bag of Marbles"},{"floor":10,"key":"Molten Egg 2"},{"floor":13,"key":"Pear"},{"floor":24,"key":"Oddly Smooth Stone"},{"floor":26,"key":"Gambling Chip"},{"floor":31,"key":"Incense Burner"},{"floor":40,"key":"Anchor"},{"floor":43,"key":"Symbiotic Virus"},{"floor":45,"key":"Emotion Chip"},{"floor":48,"key":"Peace Pipe"}],"event_choices":[{"event_name":"Golden Idol","player_choice":"Take Wound","floor":4,"damage_taken":0},{"event_name":"Addict","player_choice":"Stole Relic","floor":20,"damage_taken":0},{"event_name":"The Woman in Blue","player_choice":"Bought 0 Potions","floor":29,"damage_taken":0},{"event_name":"Tomb of Lord Red Mask","player_choice":"Ignored","floor":36,"damage_taken":0},{"event_name":"Mysterious Sphere","player_choice":"Fight","floor":45,"damage_taken":0}],"is_beta":true,"boss_relics":[{"not_picked":["Orrery","FrozenCore"],"picked":"Nuclear Battery"},{"not_picked":["Eternal Feather","White Beast Statue"],"picked":"Sozu"}],"items_purged_floors":[],"is_endless":false,"potions_floor_spawned":[2,6,7,12,16,22,31,33,35,41,47,48],"ascension_level":0}