{"gold_per_floor":[109,109,128,128,428,428,446,466,490,490,505,548,298,44,44,175,175,195,195,195,206,51,79,79,108,108,120,138,151,182,182,182,278,328,347,365,365,365,281,309,309,322,402,430,25,39,56,73,73,73],"floor_reached":51,"playtime":4851,"items_purged":["Strike_B+1"],"score":896,"play_id":"cf444dd2-ec82-4faf-841a-de04825806c8","local_time":"20190109143411","is_ascension_mode":true,"campfire_choices":[{"data":"Conserve Battery","floor":6,"key":"SMITH"},{"data":"Zap","floor":10,"key":"SMITH"},{"data":"Defend_B","floor":15,"key":"SMITH"},{"floor":24,"key":"RECALL"},{"floor":32,"key":"REST"},{"floor":41,"key":"REST"},{"floor":49,"key":"REST"}],"neow_cost":"NONE","seed_source_timestamp":1281862290288963,"circlet_count":0,"master_deck":["Strike_B+1","Strike_B+1","Defend_B+1","Defend_B+1","Defend_B+1","Zap+1","Conserve Battery+1","Chill","Rip and Tear","Conserve Battery+1","Reboot+1","Compile Driver","Genetic Algorithm+1","Gash+1","Gash","Conserve Battery+1","Machine Learning","Rebound","FTL+1","Compile Driver+1","All For One","Hologram+1","Hologram+1","Gash","Stack+1"],"relics":["Empty Cage","Bloody Idol","Old Coin","Bag of Preparation","Toxic Egg 2","Sundial","PreservedInsect","Fusion Hammer","Boot","Smiling Mask","Kunai","Bottled Flame","Tiny House","Matryoshka","Happy Flower","Pear","Gremlin Horn","Pocketwatch","Pen Nib","ClockworkSouvenir"],"potions_floor_usage":[14,30,50,50,50,50],"damage_taken":[{"damage":2,"enemies":"2 Louse","floor":1,"turns":3},{"damage":10,"enemies":"Cultist","floor":3,"turns":4},{"damage":3,"enemies":"Jaw Worm","floor":7,"turns":4},{"damage":3,"enemies":"Blue Slaver","floor":8,"turns":4},{"damage":0,"enemies":"Gremlin Gang","floor":11,"turns":5},{"damage":7,"enemies":"Lagavulin","floor":12,"turns":6},{"damage":27,"enemies":"Slime Boss","floor":16,"turns":13},{"damage":1,"enemies":"3 Byrds","floor":18,"turns":6},{"damage":2,"enemies":"Shell Parasite","floor":21,"turns":5},{"damage":10,"enemies":"Book of Stabbing","floor":23,"turns":5},{"damage":31,"enemies":"Gremlin Leader","floor":25,"turns":10},{"damage":3,"enemies":"Shelled Parasite and Fungi","floor":27,"turns":5},{"damage":12,"enemies":"Snake Plant","floor":28,"turns":6},{"damage":3,"enemies":"Snecko","floor":29,"turns":6},{"damage":13,"enemies":"Slavers","floor":30,"turns":5},{"damage":0,"enemies":"Automaton","floor":33,"turns":10},{"damage":1,"enemies":"3 Shapes","floor":35,"turns":4},{"damage":0,"enemies":"Orb Walker","floor":36,"turns":2},{"damage":25,"enemies":"Reptomancer","floor":40,"turns":6},{"damage":26,"enemies":"Spire Growth","floor":42,"turns":4},{"damage":0,"enemies":"Giant Head","floor":44,"turns":7},{"damage":0,"enemies":"Sphere and 2 Shapes","floor":46,"turns":4},{"damage":10,"enemies":"Maw","floor":47,"turns":5},{"damage":5,"enemies":"Writhing Mass","floor":48,"turns":5},{"damage":26,"enemies":"Time Eater","floor":50,"turns":8}],"seed_played":"-8289915153215766115","potions_obtained":[{"floor":1,"key":"Weak Potion"},{"floor":11,"key":"Explosive Potion"},{"floor":12,"key":"Dexterity Potion"},{"floor":33,"key":"Regen Potion"},{"floor":34,"key":"EntropicBrew"}],"is_trial":false,"path_per_floor":["M","?","M","?","T","R","M","M","T","R","M","E","$","$","R","B",null,"M","?","?","M","$","E","R","E","T","M","M","M","E","?","R","B",null,"M","M","?","$","?","E","R","M","T","E","$","M","M","M","R","B",null],"character_chosen":"DEFECT","items_purchased":["Sundial","PreservedInsect","Fruit Juice","Gash","Conserve Battery+1","EssenceOfSteel","Pen Nib","ClockworkSouvenir"],"campfire_rested":3,"item_purchase_floors":[13,14,14,22,22,22,45,45],"current_hp_per_floor":[73,73,63,63,63,63,60,57,57,57,57,50,50,55,55,28,74,73,73,73,74,74,69,69,43,43,45,38,40,32,32,54,59,79,79,79,75,75,75,55,75,54,69,74,74,79,74,74,85,59],"gold":73,"neow_bonus":"BOSS_RELIC","is_prod":false,"is_daily":false,"chose_seed":false,"campfire_upgraded":3,"win_rate":0,"timestamp":1547044451,"path_taken":["M","?","?","?","?","R","?","M","T","R","M","E","?","$","R","BOSS","M","?","?","M","?","E","R","E","T","?","M","M","E","?","R","BOSS","M","M","?","$","?","E","R","M","T","E","$","M","M","?","R","BOSS"],"build_version":"2019-01-03v4","purchased_purges":1,"victory":true,"max_hp_per_floor":[75,75,75,69,69,69,69,69,69,69,69,69,69,74,74,74,74,74,74,74,74,74,74,74,74,74,74,74,74,74,74,74,74,79,79,79,75,75,75,75,75,75,85,85,85,85,85,85,85,85],"card_choices":[{"not_picked":["Steam","Stack","Hologram"],"picked":"SKIP","floor":1},{"not_picked":["Streamline","Compile Driver"],"picked":"Conserve Battery","floor":3},{"not_picked":["Chaos","Scrape","Defragment"],"picked":"SKIP","floor":7},{"not_picked":["Sunder","Hologram"],"picked":"Chill","floor":8},{"not_picked":["Streamline","Force Field"],"picked":"Rip and Tear","floor":11},{"not_picked":["Recycle","Barrage"],"picked":"Conserve Battery","floor":12},{"not_picked":["All For One","Biased Cognition"],"picked":"Reboot+1","floor":16},{"not_picked":["Sweeping Beam","Ball Lightning"],"picked":"Compile Driver","floor":18},{"not_picked":["Steam+1","Rebound"],"picked":"Gash","floor":21},{"not_picked":["Defragment","Beam Cell","Amplify+1"],"picked":"SKIP","floor":23},{"not_picked":["Melter","Reinforced Body+1"],"picked":"Machine Learning","floor":25},{"not_picked":["Sweeping Beam","Ball Lightning"],"picked":"Rebound","floor":27},{"not_picked":["Auto Shields+1","Go for the Eyes","Genetic Algorithm+1"],"picked":"SKIP","floor":28},{"not_picked":["Coolheaded+1","Compile Driver"],"picked":"FTL+1","floor":29},{"not_picked":["Rainbow+1","Turbo+1"],"picked":"Compile Driver+1","floor":30},{"not_picked":["Fission+1","Thunder Strike"],"picked":"All For One","floor":33},{"not_picked":["Redo+1","Reprogram+1","Barrage"],"picked":"SKIP","floor":35},{"not_picked":["Doom and Gloom+1","Double Energy+1","Compile Driver+1"],"picked":"SKIP","floor":36},{"not_picked":["Glacier+1","FTL","Defragment+1"],"picked":"SKIP","floor":40},{"not_picked":["White Noise+1","Turbo+1"],"picked":"Hologram+1","floor":42},{"not_picked":["Chill+1","Storm","Sweeping Beam"],"picked":"SKIP","floor":44},{"not_picked":["Cold Snap+1","Ball Lightning"],"picked":"Hologram+1","floor":46},{"not_picked":["Tempest+1","Steam+1"],"picked":"Gash","floor":47},{"not_picked":["Loop+1","Heatsinks"],"picked":"Stack+1","floor":48}],"player_experience":105944,"relics_obtained":[{"floor":5,"key":"Old Coin"},{"floor":9,"key":"Bag of Preparation"},{"floor":12,"key":"Toxic Egg 2"},{"floor":23,"key":"Boot"},{"floor":25,"key":"Smiling Mask"},{"floor":26,"key":"Kunai"},{"floor":30,"key":"Bottled Flame"},{"floor":40,"key":"Happy Flower"},{"floor":43,"key":"Pear"},{"floor":43,"key":"Gremlin Horn"},{"floor":44,"key":"Pocketwatch"}],"event_choices":[{"cards_removed":["Dualcast"],"damage_healed":0,"gold_gain":0,"player_choice":"Offered Basic","damage_taken":0,"max_hp_gain":0,"max_hp_loss":0,"event_name":"Bonfire Elementals","floor":2,"gold_loss":0},{"damage_healed":0,"gold_gain":0,"player_choice":"Lose Max HP","damage_taken":0,"relics_obtained":["Golden Idol"],"max_hp_gain":0,"max_hp_loss":6,"event_name":"Golden Idol","floor":4,"gold_loss":0},{"damage_healed":0,"gold_gain":0,"player_choice":"Read","damage_taken":0,"max_hp_gain":0,"max_hp_loss":0,"event_name":"The Library","floor":19,"gold_loss":0,"cards_obtained":["Genetic Algorithm"]},{"damage_healed":0,"gold_gain":0,"player_choice":"Gave Idol","damage_taken":0,"relics_obtained":["Bloody Idol"],"max_hp_gain":0,"max_hp_loss":0,"event_name":"Forgotten Altar","floor":20,"relics_lost":["Golden Idol"],"gold_loss":0},{"damage_healed":0,"gold_gain":0,"player_choice":"Simplicity","damage_taken":0,"max_hp_gain":0,"max_hp_loss":0,"event_name":"Back to Basics","floor":31,"gold_loss":0,"cards_upgraded":["Strike_B","Strike_B","Strike_B","Defend_B","Defend_B"]},{"damage_healed":0,"gold_gain":0,"player_choice":"Max HP","damage_taken":0,"max_hp_gain":0,"max_hp_loss":4,"event_name":"Winding Halls","floor":37,"gold_loss":0},{"damage_healed":0,"gold_gain":0,"player_choice":"Paid Gold","damage_taken":0,"relics_obtained":["Matryoshka"],"max_hp_gain":0,"max_hp_loss":0,"event_name":"WeMeetAgain","floor":39,"gold_loss":84}],"is_beta":false,"boss_relics":[{"not_picked":["Inserter","White Beast Statue"],"picked":"Fusion Hammer"},{"not_picked":["Runic Dome","Lizard Tail"],"picked":"Tiny House"}],"items_purged_floors":[45],"is_endless":false,"potions_floor_spawned":[1,11,12,25,28,33,35,36,42,46],"ascension_level":2}