{"path_per_floor":["M","?","M","M","M","R","M","M","T","?","R","$","M","$","R","B",null,"M","?","M","M"],"character_chosen":"IRONCLAD","items_purchased":["Double Tap"],"gold_per_floor":[112,112,123,139,156,156,172,190,216,166,166,13,26,26,26,127,127,142,142,158,176],"floor_reached":22,"campfire_rested":0,"playtime":801,"current_hp_per_floor":[77,61,61,66,64,64,70,63,63,63,63,63,69,69,69,16,62,42,42,48,38],"items_purged":[],"gold":176,"score":288,"play_id":"07f78afc-7517-4e91-bc0c-447ae22d61a4","local_time":"20180304160804","is_prod":false,"is_daily":false,"is_ascension_mode":true,"campfire_upgraded":3,"timestamp":1520179684,"path_taken":["M","?","?","M","M","R","M","M","T","?","R","$","M","?","R","BOSS","M","?","M","M","M"],"build_version":"2018-03-01-PROD1","purchased_purges":0,"victory":false,"master_deck":["Strike_R","Strike_R","Strike_R","Strike_R","Strike_R","Defend_R","Defend_R+1","Defend_R","Defend_R","Bash+1","Sever Soul+1","Rampage+1","Whirlwind+1","Double Tap","Inflame","Bandage Up","Burning Pact"],"max_hp_per_floor":[80,80,80,80,80,80,80,80,80,77,77,77,77,77,77,77,77,77,77,77,77],"relics":["Burning Blood","Art of War","Mark of Pain"],"card_choices":[{"not_picked":["True Grit","Shockwave"],"picked":"Sever Soul"},{"not_picked":["Pummel","Intimidate"],"picked":"Rampage"},{"not_picked":["Wild Strike","Flex"],"picked":"Whirlwind"},{"not_picked":["Evolve","Headbutt"],"picked":"Inflame"}],"player_experience":193940,"potions_floor_usage":[5,21,21],"damage_taken":[{"damage":1.0,"enemies":"Cultist","floor":1.0,"turns":3.0},{"damage":6.0,"enemies":"Jaw Worm","floor":3.0,"turns":3.0},{"damage":1.0,"enemies":"2 Louse","floor":4.0,"turns":2.0},{"damage":8,"enemies":"Blue Slaver","floor":5,"turns":3},{"damage":0,"enemies":"2 Fungi Beasts","floor":7,"turns":2},{"damage":13,"enemies":"Exordium Wildlife","floor":8,"turns":3},{"damage":0,"enemies":"Large Slime","floor":13,"turns":3},{"damage":59,"enemies":"The Guardian","floor":16,"turns":8},{"damage":26,"enemies":"Shell Parasite","floor":18,"turns":4},{"damage":0,"enemies":"3 Byrds","floor":20,"turns":1},{"damage":20,"enemies":"Centurion and Healer","floor":21,"turns":3},{"damage":46,"enemies":"Cultist and Chosen","floor":22,"turns":5}],"event_choices":[{"event_name":"Shining Light","player_choice":"Entered Light","floor":2.0,"damage_taken":0.0},{"event_name":"The Cleric","player_choice":"Card Removal","floor":10,"damage_taken":0},{"event_name":"Match and Keep!","player_choice":"2 cards matched","floor":19,"damage_taken":0}],"boss_relics":[{"not_picked":["Calling Bell","Runic Pyramid"],"picked":"Mark of Pain"}],"potions_floor_spawned":[1,7,8,21],"seed_played":"-2501905599533577109","killed_by":"Cultist and Chosen","ascension_level":12,"is_trial":false}