{"gold_per_floor":[109,125,135,152,8,8,8,23,50,50,50,225,244,169,169,273,273,284,304,304,304,336,336,352,352,352,352,352,352,425,237,237,338,338,356,356,376,376,390,390,390],"floor_reached":41,"playtime":1367,"items_purged":["Doubt"],"score":379,"play_id":"e5cb25b3-718b-4cc4-8bf6-23572072266d","local_time":"20181001125624","is_ascension_mode":false,"campfire_choices":[{"data":"Berserk","floor":6,"key":"SMITH"},{"data":"Uppercut","floor":10,"key":"SMITH"},{"data":"Inflame","floor":15,"key":"SMITH"},{"data":"Reaper","floor":23,"key":"SMITH"},{"data":"Sever Soul","floor":25,"key":"SMITH"},{"data":"Clash","floor":27,"key":"SMITH"},{"data":"Demon Form","floor":29,"key":"SMITH"},{"floor":32,"key":"REST"},{"floor":40,"key":"REST"}],"neow_cost":"","seed_source_timestamp":73707545492495,"circlet_count":0,"master_deck":["Strike_R+1","Strike_R+1","Strike_R+1","Strike_R+1","Strike_R+1","Defend_R+1","Defend_R+1","Defend_R+1","Defend_R+1","Bash","Sever Soul+1","Inflame+1","Uppercut+1","Berserk+1","Clash+1","Reaper+1","Flame Barrier","Rampage+1","Pommel Strike+1","Demon Form+1","Chrysalis","Cleave+1","Secret Technique","Trip","Violence"],"relics":["Burning Blood","Centennial Puzzle"],"potions_floor_usage":[16,18,22,33,33,39,39],"damage_taken":[{"damage":4,"enemies":"Small Slimes","floor":1,"turns":4},{"damage":6,"enemies":"Cultist","floor":2,"turns":3},{"damage":6,"enemies":"2 Louse","floor":3,"turns":3},{"damage":6,"enemies":"Large Slime","floor":4,"turns":5},{"damage":12,"enemies":"Exordium Wildlife","floor":8,"turns":4},{"damage":0,"enemies":"3 Louse","floor":13,"turns":2},{"damage":32,"enemies":"The Guardian","floor":16,"turns":7},{"damage":12,"enemies":"2 Thieves","floor":18,"turns":4},{"damage":33,"enemies":"3 Byrds","floor":19,"turns":5},{"damage":22,"enemies":"Masked Bandits","floor":22,"turns":5},{"damage":5,"enemies":"Snecko","floor":24,"turns":4},{"damage":61,"enemies":"Champ","floor":33,"turns":9},{"damage":9,"enemies":"3 Shapes","floor":35,"turns":5},{"damage":37,"enemies":"Orb Walker","floor":37,"turns":4},{"damage":42,"enemies":"Spire Growth","floor":39,"turns":4},{"damage":0,"enemies":"3 Darklings","floor":41,"turns":1}],"seed_played":"2861920381794260340","potions_obtained":[{"floor":2,"key":"Poison Potion"},{"floor":8,"key":"Poison Potion"},{"floor":16,"key":"SteroidPotion"},{"floor":18,"key":"Weak Potion"},{"floor":19,"key":"GamblersBrew"},{"floor":24,"key":"Strength Potion"},{"floor":33,"key":"Explosive Potion"},{"floor":37,"key":"Energy Potion"},{"floor":39,"key":"Block Potion"}],"is_trial":false,"path_per_floor":["M","M","M","M","$","R","$","M","T","R","?","?","M","$","R","B",null,"M","M","?","?","?","R","M","R","T","R","?","R","T","$","R","B",null,"M","?","M","?","M","R"],"character_chosen":"IRONCLAD","items_purchased":["Berserk","Chrysalis"],"campfire_rested":2,"item_purchase_floors":[5,31],"current_hp_per_floor":[80,80,80,80,80,80,80,74,74,74,74,74,80,80,80,54,80,74,58,58,58,42,42,50,50,50,50,50,50,50,50,74,28,80,77,67,43,43,7,31,31],"gold":390,"neow_bonus":"","is_prod":false,"is_daily":false,"chose_seed":false,"campfire_upgraded":7,"win_rate":0,"timestamp":1538394984,"path_taken":["M","M","M","M","$","R","$","M","T","R","?","?","?","$","R","BOSS","M","M","?","?","?","R","?","R","T","R","?","R","?","?","R","BOSS","M","?","M","?","?","R","M"],"build_version":"2018-09-27","purchased_purges":1,"victory":false,"max_hp_per_floor":[80,80,80,80,80,80,80,80,80,80,80,80,80,80,80,80,80,80,80,80,80,80,80,80,80,80,80,80,80,80,80,80,80,80,80,80,80,80,80,80,80],"card_choices":[{"not_picked":["Twin Strike","Havoc"],"picked":"Sever Soul","floor":1},{"not_picked":["Anger","True Grit","Sword Boomerang"],"picked":"SKIP","floor":2},{"not_picked":["Cleave","Havoc"],"picked":"Inflame","floor":3},{"not_picked":["Ghostly Armor","True Grit"],"picked":"Uppercut","floor":4},{"not_picked":["True Grit","Body Slam"],"picked":"Clash","floor":8},{"not_picked":["Clash","Rage","True Grit"],"picked":"SKIP","floor":13},{"not_picked":["Exhume","Barricade"],"picked":"Reaper","floor":16},{"not_picked":["Shrug It Off","Armaments"],"picked":"Flame Barrier","floor":18},{"not_picked":["Flex","Warcry"],"picked":"Rampage+1","floor":19},{"not_picked":["Burning Pact","Reckless Charge"],"picked":"Pommel Strike+1","floor":22},{"not_picked":["Armaments","Body Slam"],"picked":"Demon Form","floor":24},{"not_picked":["Heavy Blade+1","Clothesline"],"picked":"Cleave+1","floor":35},{"not_picked":["Discovery","Enlightenment"],"picked":"Secret Technique","floor":36},{"not_picked":["Good Instincts","Sadistic Nature"],"picked":"Trip","floor":36},{"not_picked":["Good Instincts","Blind"],"picked":"Violence","floor":36},{"not_picked":["Intimidate","Wild Strike+1","Clothesline+1"],"picked":"SKIP","floor":37},{"not_picked":["Combust+1","Warcry+1","Havoc"],"picked":"SKIP","floor":39}],"player_experience":391031,"relics_obtained":[{"floor":9,"key":"Centennial Puzzle"}],"event_choices":[{"event_name":"WeMeetAgain","player_choice":"Attack","floor":11,"damage_taken":0},{"event_name":"Liars Game","player_choice":"agreed","floor":12,"damage_taken":0},{"event_name":"Back to Basics","player_choice":"Simplicity","floor":20,"damage_taken":0},{"event_name":"Ghosts","player_choice":"Ignored","floor":21,"damage_taken":0},{"event_name":"Masked Bandits","player_choice":"Fought Bandits","floor":22,"damage_taken":0},{"event_name":"Cursed Tome","player_choice":"Ignored","floor":28,"damage_taken":0},{"event_name":"SensoryStone","player_choice":"Memory 3","floor":36,"damage_taken":0},{"event_name":"SecretPortal","player_choice":"Rejected Portal.","floor":38,"damage_taken":0}],"is_beta":false,"boss_relics":[{"not_picked":["Busted Crown","Snecko Eye","Velvet Choker"]},{"not_picked":["Busted Crown","Snecko Eye","Velvet Choker"]}],"items_purged_floors":[14],"is_endless":false,"potions_floor_spawned":[2,8,16,18,19,24,33,37,39],"killed_by":"3 Darklings","ascension_level":0}