{"gold_per_floor":[214,214,364,378,79,44,44,73,73,93,105,105,105,125,125,125],"floor_reached":16,"playtime":422,"items_purged":[],"score":200,"play_id":"fb48ea14-2892-493d-b49c-6ad1889a703d","local_time":"20180920191131","is_ascension_mode":true,"campfire_choices":[{"data":"Bash","floor":7,"key":"SMITH"},{"floor":13,"key":"REST"},{"floor":15,"key":"REST"}],"neow_cost":"NONE","seed_source_timestamp":539600072049041,"circlet_count":0,"master_deck":["Strike_R","Strike_R","Strike_R","Strike_R","Strike_R","Defend_R","Defend_R","Defend_R","Defend_R","Bash+1","AscendersBane","Rage","Doubt","Rupture","Thunderclap+1","Bludgeon+1","Headbutt+1"],"relics":["Burning Blood","Bronze Scales","Blue Candle","Molten Egg 2","Darkstone Periapt"],"potions_floor_usage":[8,16],"damage_taken":[{"damage":7,"enemies":"Jaw Worm","floor":1,"turns":3},{"damage":9,"enemies":"Small Slimes","floor":4,"turns":4},{"damage":49,"enemies":"Lagavulin","floor":8,"turns":8},{"damage":9,"enemies":"2 Louse","floor":10,"turns":3},{"damage":9,"enemies":"Looter","floor":11,"turns":4},{"damage":17,"enemies":"Large Slime","floor":14,"turns":6},{"damage":49,"enemies":"Hexaghost","floor":16,"turns":4}],"seed_played":"8695077602001308321","potions_obtained":[{"floor":4,"key":"Block Potion"},{"floor":14,"key":"Strength Potion"}],"is_trial":false,"path_per_floor":["M","?","?","M","$","?","R","E","T","M","M","?","R","M","R"],"character_chosen":"IRONCLAD","items_purchased":["Blue Candle"],"campfire_rested":2,"item_purchase_floors":[5],"current_hp_per_floor":[67,49,49,46,46,64,64,21,21,18,15,15,37,26,48,0],"gold":125,"neow_bonus":"HUNDRED_GOLD","is_prod":false,"is_daily":false,"chose_seed":false,"campfire_upgraded":1,"win_rate":0,"timestamp":1537467091,"path_taken":["M","?","?","M","$","?","R","E","T","?","M","?","R","?","R","BOSS"],"build_version":"2018-09-06","purchased_purges":0,"victory":false,"max_hp_per_floor":[75,75,75,75,75,75,75,75,75,75,75,75,75,75,75,75],"card_choices":[{"not_picked":["Sword Boomerang","Thunderclap"],"picked":"Rage","floor":1},{"not_picked":["Warcry","Twin Strike","Disarm"],"picked":"SKIP","floor":4},{"not_picked":["Reckless Charge","Thunderclap"],"picked":"Rupture","floor":8},{"not_picked":["Intimidate","True Grit"],"picked":"Thunderclap+1","floor":10},{"not_picked":["Pummel+1","Evolve"],"picked":"Bludgeon+1","floor":11},{"not_picked":["Thunderclap+1","Wild Strike+1"],"picked":"Headbutt+1","floor":14}],"player_experience":387117,"relics_obtained":[{"floor":8,"key":"Molten Egg 2"},{"floor":9,"key":"Darkstone Periapt"}],"event_choices":[{"event_name":"Scrap Ooze","player_choice":"success","floor":2,"damage_taken":18},{"event_name":"Liars Game","player_choice":"agreed","floor":3,"damage_taken":0},{"event_name":"The Cleric","player_choice":"Healed","floor":6,"damage_taken":0},{"event_name":"Shining Light","player_choice":"Ignored","floor":12,"damage_taken":0}],"is_beta":false,"boss_relics":[],"items_purged_floors":[],"is_endless":false,"potions_floor_spawned":[4,14],"killed_by":"Hexaghost","ascension_level":20}