{"path_per_floor":["M","M","?","M","$","E","M","R","T","M","M","M","$","M","R","B",null,"M","?","?","M","M","R","M","R","T","?","R","E","?","M","R","B",null,"M","?","M","?","T","R","$","E","T","$","$","M","M"],"character_chosen":"IRONCLAD","items_purchased":["Vajra","Rupture"],"gold_per_floor":[116,131,131,150,75,104,114,114,114,132,148,161,18,34,34,138,138,138,138,53,53,53,53,53,53,53,53,53,53,53,53,53,53,53,53,53,53,53,53,53,53,53,53,53,17,17,17],"floor_reached":48,"campfire_rested":1,"playtime":2556,"current_hp_per_floor":[75,74,74,79,79,60,53,53,53,59,62,61,61,66,66,66,80,73,73,73,76,72,72,75,75,75,75,75,57,57,61,80,56,80,67,67,73,73,73,73,73,43,43,43,43,42,19],"items_purged":["Strike_R"],"gold":17,"score":459,"play_id":"1c193254-64ed-4c65-89b0-8d91731f2f8b","is_prod":false,"is_daily":false,"is_ascension_mode":false,"campfire_upgraded":6,"path_taken":["M","?","?","M","?","E","?","R","T","M","?","M","?","M","R","BOSS","M","?","?","M","?","R","M","R","T","?","R","E","?","M","R","BOSS","M","?","?","?","?","R","$","E","T","?","$","M","M","M"],"build_version":"2018-02-12-PROD1","purchased_purges":1,"victory":false,"master_deck":["Strike_R","Strike_R","Defend_R","Defend_R","Defend_R","Bash+1","Searing Blow+3","Rampage+1","Bludgeon+1","Hemokinesis+1","Berserk","Rampage+1","Combust","Double Tap","Flame Barrier+1","Bloodletting","Rupture"],"max_hp_per_floor":[80,80,80,80,80,80,80,80,80,80,80,80,80,80,80,80,80,80,80,80,80,80,80,80,80,80,80,80,80,80,80,80,80,80,80,80,80,80,80,80,80,80,80,80,80,80,80],"relics":["Burning Blood","Anchor","Lantern","Vajra","Ectoplasm","Bag of Marbles","Gambling Chip","Self Forming Clay","Black Star","Regal Pillow","Darkstone Periapt","Centennial Puzzle","Prayer Wheel"],"card_choices":[{"not_picked":["Metallicize","Body Slam"],"picked":"Searing Blow"},{"not_picked":["Disarm","Sword Boomerang"],"picked":"Rampage"},{"not_picked":["Shrug It Off","Armaments"],"picked":"Bludgeon"},{"not_picked":["Cleave","Pummel"],"picked":"Hemokinesis"},{"not_picked":["Juggernaut","Bludgeon"],"picked":"Berserk"},{"not_picked":["Thunderclap","Perfected Strike"],"picked":"Rampage"},{"not_picked":["Limit Break","Dark Embrace"],"picked":"Double Tap"},{"not_picked":["Spot Weakness","Shrug It Off"],"picked":"Flame Barrier"},{"not_picked":["Pummel","Warcry"],"picked":"Bloodletting"}],"player_experience":43969,"potions_floor_usage":[6,29,33,33,33],"damage_taken":[{"damage":11,"enemies":"Blue Slaver","floor":1,"turns":6},{"damage":7,"enemies":"Small Slimes","floor":2,"turns":4},{"damage":1,"enemies":"Cultist","floor":4,"turns":4},{"damage":25,"enemies":"Gremlin Nob","floor":6,"turns":4},{"damage":13,"enemies":"Exordium Wildlife","floor":7,"turns":6},{"damage":0,"enemies":"Exordium Thugs","floor":10,"turns":4},{"damage":3,"enemies":"Red Slaver","floor":11,"turns":4},{"damage":7,"enemies":"Gremlin Gang","floor":12,"turns":3},{"damage":1,"enemies":"Exordium Thugs","floor":14,"turns":3},{"damage":6,"enemies":"Slime Boss","floor":16,"turns":6},{"damage":13,"enemies":"Shell Parasite","floor":18,"turns":3},{"damage":3,"enemies":"Spheric Guardian","floor":21,"turns":2},{"damage":10,"enemies":"Cultist and Chosen","floor":22,"turns":3},{"damage":3,"enemies":"Chosen and Byrds","floor":24,"turns":3},{"damage":24,"enemies":"Slavers","floor":29,"turns":4},{"damage":2,"enemies":"Snecko","floor":31,"turns":2},{"damage":30,"enemies":"Automaton","floor":33,"turns":6},{"damage":19,"enemies":"3 Darklings","floor":35,"turns":4},{"damage":0,"enemies":"Orb Walker","floor":37,"turns":2},{"damage":36,"enemies":"2 Orb Walkers","floor":42,"turns":4},{"damage":7,"enemies":"4 Shapes","floor":46,"turns":5},{"damage":29,"enemies":"3 Darklings","floor":47,"turns":5},{"damage":19,"enemies":"Maw","floor":48,"turns":5}],"event_choices":[{"event_name":"Living Wall","player_choice":"Forget","floor":3,"damage_taken":0},{"event_name":"Vampires","player_choice":"Ignored","floor":19,"damage_taken":0},{"event_name":"Addict","player_choice":"Obtained Relic","floor":20,"damage_taken":0},{"event_name":"The Library","player_choice":"Read","floor":27,"damage_taken":0},{"event_name":"Bonfire Elementals","player_choice":"BASIC","floor":30,"damage_taken":0},{"event_name":"Upgrade Shrine","player_choice":"Upgraded","floor":36,"damage_taken":0},{"event_name":"Wheel of Change","player_choice":"Card Removal","floor":38,"damage_taken":0}],"boss_relics":[{"not_picked":["Tiny House","Eternal Feather"],"picked":"Ectoplasm"},{"not_picked":["Orrery","Lizard Tail"],"picked":"Black Star"}],"potions_floor_spawned":[1,10,11,16,18,22,29,37],"seed_played":"5158780253236936709","killed_by":"Maw","ascension_level":0,"is_trial":false}