{"gold_per_floor":[111,129,147,163,163,163,194,159,159,159,159,58,74,74,74,173,173,188,199,114,114,128,128,155,155,155,115,115,75,75,75,75,177,177,187,207,61,61,114,114,127,127,178,178,105,105,115,130,130,130],"floor_reached":51,"playtime":6426,"items_purged":["Strike_G"],"score":667,"play_id":"f1463e82-6d40-4e6f-8109-50370b58e0d9","local_time":"20190108152442","is_ascension_mode":true,"campfire_choices":[{"floor":6,"key":"REST"},{"data":"Prepared","floor":11,"key":"SMITH"},{"data":"Neutralize","floor":15,"key":"SMITH"},{"data":"Tactician","floor":23,"key":"SMITH"},{"data":"Reflex","floor":28,"key":"SMITH"},{"data":"Underhanded Strike","floor":30,"key":"SMITH"},{"floor":32,"key":"REST"},{"floor":40,"key":"REST"},{"floor":46,"key":"REST"},{"floor":49,"key":"REST"}],"neow_cost":"NONE","seed_source_timestamp":1196886166021851,"circlet_count":0,"master_deck":["Defend_G","Defend_G+1","Defend_G+1","Defend_G","Strike_G","Strike_G","Strike_G","Survivor+1","Neutralize+1","Predator","Dagger Throw","Reflex+1","Prepared+1","Sucker Punch","Underhanded Strike+1","Underhanded Strike","Tools of the Trade+1","Dagger Throw","Prepared+1","Tactician+1","Acrobatics","Unload","All Out Attack","Tools of the Trade","Underhanded Strike+1","Outmaneuver+1","Well Laid Plans+1","PiercingWail+1","Backflip","PanicButton","Underhanded Strike","Finisher+1","Reflex","Prepared+1"],"relics":["Empty Cage","Orichalcum","Pen Nib","Sundial","Oddly Smooth Stone","Lizard Tail","Vajra","Bag of Marbles","MutagenicStrength","Shuriken","Orrery","Tough Bandages","Bottled Flame","Dream Catcher","Gremlin Horn"],"potions_floor_usage":[4,24,35,36,50,50],"damage_taken":[{"damage":2,"enemies":"Small Slimes","floor":1,"turns":4},{"damage":0,"enemies":"2 Louse","floor":2,"turns":2},{"damage":0,"enemies":"Cultist","floor":3,"turns":3},{"damage":7,"enemies":"3 Louse","floor":4,"turns":3},{"damage":26,"enemies":"3 Sentries","floor":7,"turns":9},{"damage":1,"enemies":"Blue Slaver","floor":13,"turns":2},{"damage":30,"enemies":"The Guardian","floor":16,"turns":10},{"damage":8,"enemies":"2 Thieves","floor":18,"turns":3},{"damage":5,"enemies":"Shell Parasite","floor":19,"turns":5},{"damage":6,"enemies":"Centurion and Healer","floor":22,"turns":3},{"damage":10,"enemies":"Book of Stabbing","floor":24,"turns":6},{"damage":29,"enemies":"Collector","floor":33,"turns":4},{"damage":0,"enemies":"3 Darklings","floor":35,"turns":5},{"damage":3,"enemies":"3 Shapes","floor":36,"turns":5},{"damage":42,"enemies":"2 Orb Walkers","floor":39,"turns":5},{"damage":0,"enemies":"Maw","floor":41,"turns":6},{"damage":10,"enemies":"Spire Growth","floor":47,"turns":3},{"damage":18,"enemies":"Writhing Mass","floor":48,"turns":5},{"damage":41,"enemies":"Donu and Deca","floor":50,"turns":8}],"seed_played":"8794323488395021567","potions_obtained":[{"floor":2,"key":"SkillPotion"},{"floor":3,"key":"SpeedPotion"},{"floor":4,"key":"SpeedPotion"},{"floor":16,"key":"SkillPotion"},{"floor":24,"key":"SpeedPotion"},{"floor":39,"key":"GhostInAJar"},{"floor":48,"key":"EssenceOfSteel"}],"is_trial":false,"path_per_floor":["M","M","M","M","?","R","E","?","T","?","R","$","M","T","R","B",null,"M","M","?","?","M","R","E","?","T","$","R","?","R","$","R","B",null,"M","M","$","?","?","R","M","T","T","T","$","R","M","M","R","B",null],"character_chosen":"THE_SILENT","items_purchased":["Underhanded Strike","All Out Attack","PanicButton","Underhanded Strike","Reflex"],"campfire_rested":5,"item_purchase_floors":[12,27,37,37,45],"current_hp_per_floor":[68,68,68,61,47,68,42,59,59,56,56,56,55,55,55,25,70,62,57,57,57,51,51,41,41,41,41,41,41,41,41,62,33,70,70,67,67,66,24,43,43,43,43,43,43,62,52,34,53,12],"gold":130,"neow_bonus":"BOSS_RELIC","is_prod":false,"is_daily":false,"chose_seed":false,"campfire_upgraded":5,"win_rate":0,"timestamp":1546961082,"path_taken":["M","M","M","M","?","R","E","?","T","?","R","$","M","?","R","BOSS","M","M","?","?","M","R","E","?","T","$","R","?","R","$","R","BOSS","M","M","$","?","?","R","M","?","T","?","?","R","M","M","R","BOSS"],"build_version":"2019-01-03v4","purchased_purges":1,"victory":true,"max_hp_per_floor":[70,70,70,70,70,70,70,70,70,70,70,70,70,70,70,70,70,70,70,70,70,70,70,70,70,70,70,70,70,70,70,70,70,70,70,70,70,66,66,66,66,66,66,66,66,66,66,66,66,66],"card_choices":[{"not_picked":["Bane","Distraction"],"picked":"Predator","floor":1},{"not_picked":["Poisoned Stab","Underhanded Strike"],"picked":"Dagger Throw","floor":2},{"not_picked":["Acrobatics","Underhanded Strike"],"picked":"Reflex","floor":3},{"not_picked":["Outmaneuver","Crippling Poison"],"picked":"Prepared","floor":4},{"not_picked":["Backstab","Calculated Gamble"],"picked":"Sucker Punch","floor":7},{"not_picked":["Skewer","Calculated Gamble"],"picked":"Underhanded Strike","floor":13},{"not_picked":["Adrenaline","Wraith Form v2"],"picked":"Tools of the Trade","floor":16},{"not_picked":["Poisoned Stab","Well Laid Plans"],"picked":"Dagger Throw","floor":18},{"not_picked":["Quick Slash","Footwork"],"picked":"Prepared+1","floor":19},{"not_picked":["Backflip","Bane+1"],"picked":"Acrobatics","floor":22},{"not_picked":["Burst","Blade Dance+1"],"picked":"Unload","floor":24},{"not_picked":["Doppelganger","Malaise"],"picked":"Tools of the Trade","floor":33},{"not_picked":["Acrobatics","Slice"],"picked":"Underhanded Strike+1","floor":34},{"not_picked":["Poisoned Stab","Blade Dance"],"picked":"Outmaneuver+1","floor":34},{"not_picked":["Poisoned Stab","Dagger Throw"],"picked":"Well Laid Plans+1","floor":34},{"not_picked":["Backstab","Doppelganger"],"picked":"PiercingWail+1","floor":34},{"not_picked":["Quick Slash","Leg Sweep+1"],"picked":"Backflip","floor":34},{"not_picked":["Bouncing Flask+1","Malaise","Sucker Punch+1"],"picked":"SKIP","floor":35},{"not_picked":["Poisoned Stab+1","Flying Knee","Distraction+1"],"picked":"SKIP","floor":36},{"not_picked":["Caltrops","Catalyst+1"],"picked":"Finisher+1","floor":41},{"not_picked":["Calculated Gamble","Flying Knee+1"],"picked":"Prepared+1","floor":46},{"not_picked":["Flying Knee","Cloak And Dagger+1","Deflect"],"picked":"SKIP","floor":47},{"not_picked":["Deadly Poison+1","Catalyst","Quick Slash"],"picked":"SKIP","floor":48}],"player_experience":67995,"relics_obtained":[{"floor":7,"key":"Orichalcum"},{"floor":9,"key":"Pen Nib"},{"floor":14,"key":"Oddly Smooth Stone"},{"floor":24,"key":"Bag of Marbles"},{"floor":26,"key":"Shuriken"},{"floor":39,"key":"Tough Bandages"},{"floor":42,"key":"Bottled Flame"},{"floor":43,"key":"Dream Catcher"},{"floor":44,"key":"Gremlin Horn"}],"event_choices":[{"damage_healed":0,"gold_gain":0,"player_choice":"Entered Light","damage_taken":14,"max_hp_gain":0,"max_hp_loss":0,"event_name":"Shining Light","floor":5,"gold_loss":0,"cards_upgraded":["Defend_G","Survivor"]},{"damage_healed":17,"gold_gain":0,"player_choice":"Healed","damage_taken":0,"max_hp_gain":0,"max_hp_loss":0,"event_name":"The Cleric","floor":8,"gold_loss":35},{"damage_healed":0,"gold_gain":0,"player_choice":"Success","damage_taken":3,"relics_obtained":["Sundial"],"max_hp_gain":0,"max_hp_loss":0,"event_name":"Scrap Ooze","floor":10,"gold_loss":0},{"damage_healed":0,"gold_gain":0,"player_choice":"Obtained Relic","damage_taken":0,"relics_obtained":["Vajra"],"max_hp_gain":0,"max_hp_loss":0,"event_name":"Addict","floor":20,"gold_loss":85},{"damage_healed":0,"gold_gain":0,"player_choice":"Read","damage_taken":0,"max_hp_gain":0,"max_hp_loss":0,"event_name":"The Library","floor":21,"gold_loss":0,"cards_obtained":["Tactician"]},{"damage_healed":0,"gold_gain":0,"player_choice":"Inject Mutagens","damage_taken":0,"relics_obtained":["MutagenicStrength"],"max_hp_gain":0,"max_hp_loss":0,"event_name":"Drug Dealer","floor":25,"gold_loss":0},{"damage_healed":0,"gold_gain":0,"player_choice":"Upgraded Two","damage_taken":0,"max_hp_gain":0,"max_hp_loss":0,"event_name":"Designer","floor":29,"gold_loss":40,"cards_upgraded":["Tools of the Trade","Defend_G"]},{"damage_healed":0,"gold_gain":0,"player_choice":"Max HP","damage_taken":0,"max_hp_gain":0,"max_hp_loss":4,"event_name":"Winding Halls","floor":38,"gold_loss":0},{"damage_healed":0,"gold_gain":0,"player_choice":"Fight","damage_taken":0,"max_hp_gain":0,"max_hp_loss":0,"event_name":"Mysterious Sphere","floor":39,"gold_loss":0}],"is_beta":false,"boss_relics":[{"not_picked":["Busted Crown","White Beast Statue"],"picked":"Lizard Tail"},{"not_picked":["Coffee Dripper","Black Star"],"picked":"Orrery"}],"items_purged_floors":[12],"is_endless":false,"potions_floor_spawned":[2,3,4,16,19,24,39,48],"ascension_level":1}