{"gold_per_floor":[113,131,131,31,31,63,80,110,135,135,135,161,161,23,23,97,97,108,108,118,118,18,18,50,65,91,91,108,108,136,186,186,186],"floor_reached":33,"playtime":743,"items_purged":["Regret","Decay"],"score":823,"play_id":"bb833a7f-c603-4005-a5ec-0a94a06f57a0","local_time":"20190430204441","is_ascension_mode":true,"campfire_choices":[{"floor":11,"key":"REST"},{"data":"Perfected Strike","floor":13,"key":"SMITH"},{"data":"Perfected Strike","floor":15,"key":"SMITH"},{"data":"Perfected Strike","floor":23,"key":"SMITH"},{"data":"Metallicize","floor":29,"key":"SMITH"},{"data":"Perfected Strike","floor":32,"key":"SMITH"}],"neow_cost":"NONE","seed_source_timestamp":3743488986373625,"circlet_count":0,"master_deck":["AscendersBane","Strike_R+1","Strike_R+1","Strike_R+1","Strike_R+1","Strike_R+1","Defend_R+1","Defend_R+1","Defend_R+1","Defend_R+1","Bash","Shrug It Off","Perfected Strike+1","Perfected Strike+1","Perfected Strike+1","Shrug It Off","Metallicize","Perfected Strike+1","Metallicize","Offering","Armaments+1","Shrug It Off","Thunderclap","Metallicize+1","Perfected Strike+1"],"relics":["Burning Blood","Ancient Tea Set","Regal Pillow","Vajra","PreservedInsect","Bird Faced Urn","Runic Dome","Boot","Art of War","Lantern"],"potions_floor_usage":[6,8,8,16],"damage_taken":[{"damage":6,"enemies":"Cultist","floor":1,"turns":3},{"damage":9,"enemies":"Jaw Worm","floor":2,"turns":6},{"damage":32,"enemies":"Gremlin Nob","floor":6,"turns":4},{"damage":7,"enemies":"2 Louse","floor":7,"turns":2},{"damage":27,"enemies":"Lagavulin","floor":8,"turns":5},{"damage":0,"enemies":"Gremlin Nob","floor":12,"turns":3},{"damage":0,"enemies":"Slime Boss","floor":16,"turns":5},{"damage":0,"enemies":"Chosen","floor":18,"turns":2},{"damage":6,"enemies":"3 Byrds","floor":20,"turns":6},{"damage":20,"enemies":"Book of Stabbing","floor":24,"turns":3},{"damage":10,"enemies":"Centurion and Healer","floor":25,"turns":4},{"damage":7,"enemies":"Sentry and Sphere","floor":28,"turns":4},{"damage":6,"enemies":"Gremlin Leader","floor":30,"turns":4},{"damage":74,"enemies":"Collector","floor":33,"turns":7}],"seed_played":"8553841911735114954","potions_obtained":[{"floor":0,"key":"LiquidBronze"},{"floor":0,"key":"Poison Potion"},{"floor":1,"key":"Energy Potion"},{"floor":6,"key":"FearPotion"},{"floor":7,"key":"BloodPotion"},{"floor":24,"key":"SpeedPotion"},{"floor":25,"key":"LiquidBronze"}],"is_trial":false,"path_per_floor":["M","M","?","$","?","E","M","E","T","?","R","E","R","$","R","B",null,"M","?","M","?","$","R","E","M","T","?","M","R","E","?","R","B"],"character_chosen":"IRONCLAD","items_purchased":["Perfected Strike","Metallicize","AttackPotion"],"campfire_rested":1,"item_purchase_floors":[4,14,14],"current_hp_per_floor":[68,65,65,65,65,39,38,24,24,24,61,67,67,67,67,75,75,75,75,75,75,75,75,61,59,59,59,60,60,66,66,66,0],"gold":186,"neow_bonus":"THREE_SMALL_POTIONS","is_prod":false,"is_daily":false,"chose_seed":false,"campfire_upgraded":5,"win_rate":0,"timestamp":1556653481,"path_taken":["M","M","?","?","?","E","M","E","T","?","R","E","R","?","R","BOSS","M","?","M","?","$","R","E","M","T","?","M","R","E","?","R","BOSS"],"build_version":"2019-01-23","purchased_purges":2,"victory":false,"max_hp_per_floor":[75,75,75,75,75,75,75,75,75,75,75,75,75,75,75,75,75,75,75,75,75,75,75,75,75,75,75,75,75,75,75,75,75],"card_choices":[{"not_picked":["Flex","Battle Trance"],"picked":"Shrug It Off","floor":1},{"not_picked":["Blood for Blood","Shrug It Off"],"picked":"Perfected Strike","floor":2},{"not_picked":["True Grit","Sever Soul"],"picked":"Perfected Strike","floor":6},{"not_picked":["Thunderclap","Juggernaut"],"picked":"Shrug It Off","floor":7},{"not_picked":["Heavy Blade","Dropkick"],"picked":"Metallicize","floor":8},{"not_picked":["Fire Breathing","Sentinel"],"picked":"Perfected Strike","floor":12},{"not_picked":["Barricade","Juggernaut"],"picked":"Offering","floor":16},{"not_picked":["Flex","Shrug It Off"],"picked":"Armaments+1","floor":18},{"not_picked":["Hemokinesis","Combust"],"picked":"Thunderclap","floor":20},{"not_picked":["Infernal Blade","Heavy Blade+1"],"picked":"Metallicize","floor":24},{"not_picked":["Iron Wave","True Grit","Heavy Blade"],"picked":"SKIP","floor":25},{"not_picked":["Rampage","Clothesline"],"picked":"Perfected Strike+1","floor":28},{"not_picked":["Demon Form","Headbutt","Sword Boomerang+1"],"picked":"SKIP","floor":30}],"player_experience":750539,"relics_obtained":[{"floor":6,"key":"Regal Pillow"},{"floor":8,"key":"Vajra"},{"floor":9,"key":"PreservedInsect"},{"floor":12,"key":"Bird Faced Urn"},{"floor":24,"key":"Boot"},{"floor":26,"key":"Art of War"},{"floor":30,"key":"Lantern"}],"event_choices":[{"damage_healed":0,"gold_gain":0,"player_choice":"Box","damage_taken":0,"relics_obtained":["Ancient Tea Set"],"max_hp_gain":0,"max_hp_loss":0,"event_name":"Big Fish","floor":3,"gold_loss":0,"cards_obtained":["Regret"]},{"damage_healed":0,"gold_gain":0,"player_choice":"Leave","damage_taken":0,"max_hp_gain":0,"max_hp_loss":0,"event_name":"The Cleric","floor":5,"gold_loss":0},{"damage_healed":0,"gold_gain":0,"player_choice":"Fled","damage_taken":0,"max_hp_gain":0,"max_hp_loss":0,"event_name":"Scrap Ooze","floor":10,"gold_loss":0},{"damage_healed":0,"gold_gain":0,"player_choice":"Read","damage_taken":0,"max_hp_gain":0,"max_hp_loss":0,"event_name":"The Library","floor":19,"gold_loss":0,"cards_obtained":["Shrug It Off"]},{"damage_healed":0,"gold_gain":0,"player_choice":"Smashed Altar","damage_taken":0,"max_hp_gain":0,"max_hp_loss":0,"event_name":"Forgotten Altar","floor":21,"gold_loss":0,"cards_obtained":["Decay"]},{"damage_healed":0,"gold_gain":0,"player_choice":"Simplicity","damage_taken":0,"max_hp_gain":0,"max_hp_loss":0,"event_name":"Back to Basics","floor":27,"gold_loss":0,"cards_upgraded":["Strike_R","Strike_R","Strike_R","Strike_R","Strike_R","Defend_R","Defend_R","Defend_R","Defend_R"]},{"damage_healed":0,"gold_gain":50,"player_choice":"Stole From Cult","damage_taken":0,"max_hp_gain":0,"max_hp_loss":0,"event_name":"Nest","floor":31,"gold_loss":0}],"is_beta":false,"boss_relics":[{"not_picked":["Tiny House","Runic Pyramid"],"picked":"Runic Dome"}],"items_purged_floors":[4,22],"is_endless":false,"potions_floor_spawned":[1,6,7,24,25,30],"killed_by":"Collector","ascension_level":20}