{"gold_per_floor":[114,114,114,127,140,169,169,202,202,202,221,246,261,67,67,164,214,234,75,90,101,117,117,152,164,246,275,275,304,332,332,332,431,431,444,457,471,484,584,614,614,649,649,2,2,13,13,45,45,45],"floor_reached":51,"playtime":2850,"items_purged":["True Grit"],"score":1310,"play_id":"b88b6b25-3259-477d-b82e-37ec0f207fc8","local_time":"20190126192537","daily_mods":["SealedDeck","DeadlyEvents","Elite Swarm","Uncertain Future","Binary"],"is_ascension_mode":false,"campfire_choices":[{"data":"Dual Wield","floor":7,"key":"SMITH"},{"data":"Flex","floor":10,"key":"SMITH"},{"data":"Pommel Strike","floor":15,"key":"SMITH"},{"data":"Clash","floor":23,"key":"SMITH"},{"data":"Sentinel","floor":28,"key":"SMITH"},{"data":"Pommel Strike","floor":32,"key":"SMITH"},{"floor":41,"key":"DIG"},{"floor":45,"key":"DIG"},{"floor":49,"key":"DIG"}],"neow_cost":"","seed_source_timestamp":0,"circlet_count":0,"master_deck":["Thunderclap","Flex+1","Flex+1","Sentinel+1","Clash+1","Pommel Strike+1","Dual Wield+1","Pommel Strike+1","Shrug It Off","Ghostly Armor+1","Shrug It Off","Swift Strike+1","Bash"],"relics":["Burning Blood","Busted Crown","The Courier","Mercury Hourglass","Self Forming Clay","War Paint","Tiny House","TheAbacus","Calipers","Gremlin Horn","Blue Candle","Anchor","Meat on the Bone","Fusion Hammer","Shovel","Bottled Flame","Happy Flower","Bag of Marbles","Ancient Tea Set","Dodecahedron","Boot","Lantern","Sundial","Prayer Wheel","Letter Opener","Magic Flower","Bag of Preparation"],"potions_floor_usage":[30,50,50,50],"damage_taken":[{"damage":0,"enemies":"Cultist","floor":1,"turns":2},{"damage":0,"enemies":"Jaw Worm","floor":4,"turns":2},{"damage":0,"enemies":"2 Louse","floor":5,"turns":1},{"damage":4,"enemies":"3 Sentries","floor":6,"turns":5},{"damage":0,"enemies":"Lagavulin","floor":8,"turns":2},{"damage":0,"enemies":"Gremlin Gang","floor":11,"turns":2},{"damage":0,"enemies":"Gremlin Nob","floor":12,"turns":2},{"damage":0,"enemies":"Lots of Slimes","floor":13,"turns":1},{"damage":0,"enemies":"The Guardian","floor":16,"turns":5},{"damage":0,"enemies":"Spheric Guardian","floor":18,"turns":2},{"damage":0,"enemies":"Chosen","floor":20,"turns":3},{"damage":0,"enemies":"3 Cultists","floor":21,"turns":4},{"damage":0,"enemies":"Snake Plant","floor":22,"turns":2},{"damage":0,"enemies":"Book of Stabbing","floor":24,"turns":3},{"damage":0,"enemies":"Centurion and Healer","floor":25,"turns":3},{"damage":0,"enemies":"Gremlin Leader","floor":27,"turns":3},{"damage":0,"enemies":"Slavers","floor":29,"turns":1},{"damage":0,"enemies":"Book of Stabbing","floor":30,"turns":3},{"damage":0,"enemies":"Automaton","floor":33,"turns":6},{"damage":0,"enemies":"3 Darklings","floor":35,"turns":3},{"damage":0,"enemies":"Orb Walker","floor":36,"turns":2},{"damage":0,"enemies":"4 Shapes","floor":37,"turns":1},{"damage":0,"enemies":"Sphere and 2 Shapes","floor":38,"turns":2},{"damage":0,"enemies":"Mind Bloom Boss Battle","floor":39,"turns":3},{"damage":0,"enemies":"Reptomancer","floor":40,"turns":3},{"damage":0,"enemies":"Giant Head","floor":42,"turns":5},{"damage":0,"enemies":"Transient","floor":46,"turns":5},{"damage":3,"enemies":"Nemesis","floor":48,"turns":3},{"damage":0,"enemies":"Awakened One","floor":50,"turns":5}],"seed_played":"18561906561","potions_obtained":[{"floor":4,"key":"LiquidBronze"},{"floor":8,"key":"SpeedPotion"},{"floor":11,"key":"FairyPotion"},{"floor":13,"key":"FearPotion"},{"floor":22,"key":"SkillPotion"},{"floor":30,"key":"Regen Potion"},{"floor":37,"key":"SteroidPotion"},{"floor":48,"key":"Strength Potion"}],"is_trial":true,"path_per_floor":["M","?","?","M","M","E","R","E","T","R","M","E","M","$","R","B",null,"M","$","M","M","M","R","E","M","T","E","R","E","E","?","R","B",null,"M","M","M","M","?","E","R","E","T","$","R","M","T","E","R","B",null],"character_chosen":"IRONCLAD","items_purchased":["Shrug It Off","True Grit","Swift Strike","TheAbacus","Dodecahedron","Boot","Lantern","Sundial"],"campfire_rested":0,"item_purchase_floors":[14,14,14,19,44,44,44,44],"current_hp_per_floor":[80,80,80,80,80,80,80,80,80,80,80,80,80,80,80,80,85,85,85,85,85,85,85,85,85,85,85,85,85,85,85,85,85,85,85,85,85,85,85,85,85,85,85,85,85,85,85,85,85,85],"gold":45,"neow_bonus":"","is_prod":false,"is_daily":false,"chose_seed":true,"campfire_upgraded":6,"win_rate":0,"timestamp":1548530737,"path_taken":["M","?","?","M","M","E","R","E","T","R","?","E","M","$","R","BOSS","M","$","M","M","M","R","E","?","T","E","R","E","?","?","R","BOSS","M","M","?","M","?","E","R","E","T","$","R","M","?","E","R","BOSS"],"build_version":"2019-01-23","purchased_purges":1,"victory":true,"max_hp_per_floor":[80,80,80,80,80,80,80,80,80,80,80,80,80,80,80,80,85,85,85,85,85,85,85,85,85,85,85,85,85,85,85,85,85,85,85,85,85,85,85,85,85,85,85,85,85,85,85,85,85,85],"card_choices":[],"player_experience":472387,"relics_obtained":[{"floor":6,"key":"The Courier"},{"floor":8,"key":"Mercury Hourglass"},{"floor":9,"key":"Self Forming Clay"},{"floor":12,"key":"War Paint"},{"floor":24,"key":"Calipers"},{"floor":26,"key":"Gremlin Horn"},{"floor":27,"key":"Blue Candle"},{"floor":29,"key":"Anchor"},{"floor":30,"key":"Meat on the Bone"},{"floor":39,"key":"Shovel"},{"floor":40,"key":"Bottled Flame"},{"floor":41,"key":"Happy Flower"},{"floor":42,"key":"Bag of Marbles"},{"floor":43,"key":"Ancient Tea Set"},{"floor":45,"key":"Prayer Wheel"},{"floor":47,"key":"Letter Opener"},{"floor":48,"key":"Magic Flower"},{"floor":49,"key":"Bag of Preparation"}],"event_choices":[{"damage_healed":0,"gold_gain":0,"player_choice":"Leave","damage_taken":0,"max_hp_gain":0,"max_hp_loss":0,"event_name":"The Cleric","floor":2,"gold_loss":0},{"damage_healed":0,"gold_gain":0,"player_choice":"Ignored","damage_taken":0,"max_hp_gain":0,"max_hp_loss":0,"event_name":"Golden Idol","floor":3,"gold_loss":0},{"damage_healed":0,"gold_gain":0,"player_choice":"1 cards matched","damage_taken":0,"max_hp_gain":0,"max_hp_loss":0,"event_name":"Match and Keep!","floor":31,"gold_loss":0,"cards_obtained":["Bash"]},{"damage_healed":0,"gold_gain":0,"player_choice":"Fight","damage_taken":0,"max_hp_gain":0,"max_hp_loss":0,"event_name":"MindBloom","floor":39,"gold_loss":0}],"is_beta":false,"boss_relics":[{"not_picked":["Eternal Feather","Calling Bell"],"picked":"Tiny House"},{"not_picked":["White Beast Statue","Runic Dome"],"picked":"Fusion Hammer"}],"items_purged_floors":[14],"is_endless":false,"potions_floor_spawned":[4,8,11,13,21,22,25,30,33,37,38,42,48],"ascension_level":0}