{"path_per_floor":["M","?","?","M","T","E","?","R","T","M","$","M","M","M","R","B",null,"M","$","M","M","M","M","R","?","T","R","?","M","R","M","R","B",null,"M","M","$","M","M","R","M","?","T","R","?","M","M","$","R"],"character_chosen":"IRONCLAD","items_purchased":["Jack Of All Trades","Flex","Anger","Kunai","Metallicize","Double Tap","Inflame"],"gold_per_floor":[110,110,110,130,198,227,227,227,227,243,64,82,98,123,123,248,248,264,11,35,56,79,100,100,100,100,100,100,118,118,139,139,262,262,283,304,1,20,39,39,58,391,414,414,465,478,498,331,331],"floor_reached":50,"campfire_rested":6,"playtime":3862,"current_hp_per_floor":[77,77,77,68,68,39,45,85,85,86,86,81,72,72,72,24,86,86,86,75,41,14,10,50,86,86,86,76,55,55,41,83,13,92,88,17,17,22,32,74,24,24,30,74,81,73,35,35,79],"items_purged":["Injury","Writhe"],"gold":331,"play_id":"f2f14b82-cb30-4ca2-bd02-d9dfe318d8d7","is_prod":false,"is_daily":false,"campfire_rituals":0,"campfire_upgraded":2,"is_hardmode":false,"path_taken":["M","?","?","?","?","E","?","R","T","M","$","?","?","M","R","BOSS","M","$","M","?","M","M","R","?","T","R","?","?","R","M","R","BOSS","M","M","$","M","M","R","M","?","T","R","?","M","M","$","R","BOSS"],"build_version":"2017-12-21-PROD1","purchased_purges":2,"victory":false,"master_deck":["Strike_R","Strike_R","Strike_R","Strike_R","Strike_R","Defend_R","Defend_R","Defend_R","Defend_R","Bash","Metallicize","Thunderclap","Flex","Seeing Red","Jack Of All Trades","Flex","Anger","Rampage","Body Slam","Sword Boomerang","Demon Form","Heavy Blade","Whirlwind","Shrug It Off","Shrug It Off","Necronomicurse","Barricade","Reaper","Bludgeon","Metallicize","Double Tap","Flame Barrier","Inflame","Cleave","Inflame","Inflame"],"max_hp_per_floor":[80,80,80,80,80,80,86,86,86,86,86,86,86,86,86,86,86,86,86,86,86,86,86,86,86,86,86,92,92,92,92,92,92,92,92,92,92,92,92,92,92,92,98,98,98,98,98,98,98],"relics":["Burning Blood","Orichalcum","Pen Nib","Darkstone Periapt","Regal Pillow","Bronze Scales","Velvet Choker","Kunai","Peace Pipe","Necronomicon","Cursed Key","Ancient Tea Set","Sundial"],"campfire_meditates":0,"card_choices":[{"not_picked":["Anger","True Grit"],"picked":"Metallicize"},{"not_picked":["Sever Soul","Clash"],"picked":"Thunderclap"},{"not_picked":["True Grit","Shockwave"],"picked":"Flex"},{"not_picked":["Disarm","Dual Wield"],"picked":"Seeing Red"},{"not_picked":["Havoc","Headbutt"],"picked":"Rampage"},{"not_picked":["Shockwave","Anger"],"picked":"Body Slam"},{"not_picked":["True Grit","Dual Wield"],"picked":"Sword Boomerang"},{"not_picked":["Dark Embrace","Exhume"],"picked":"Demon Form"},{"not_picked":["Power Through","Flex"],"picked":"Heavy Blade"},{"not_picked":["Armaments","Havoc"],"picked":"Whirlwind"},{"not_picked":["Clothesline","Flame Barrier"],"picked":"Shrug It Off"},{"not_picked":["Anger","Combust"],"picked":"Shrug It Off"},{"not_picked":["Intimidate","Dropkick"],"picked":"Barricade"},{"not_picked":["Bludgeon","Fiend Fire"],"picked":"Reaper"},{"not_picked":["Sword Boomerang","Wild Strike"],"picked":"Bludgeon"},{"not_picked":["Rampage","Thunderclap"],"picked":"Flame Barrier"},{"not_picked":["Rage","Heavy Blade"],"picked":"Inflame"},{"not_picked":["Body Slam","Flex"],"picked":"Cleave"},{"not_picked":["Headbutt","Havoc"],"picked":"Inflame"}],"player_experience":28907,"potions_floor_usage":[16,22,23,23,50,50],"damage_taken":[{"damage":9,"enemies":"Jaw Worm","floor":1,"turns":4},{"damage":15,"enemies":"Blue Slaver","floor":4,"turns":4},{"damage":35,"enemies":"Lagavulin","floor":6,"turns":6},{"damage":0,"enemies":"Cultist","floor":10,"turns":3},{"damage":11,"enemies":"Large Slime","floor":12,"turns":4},{"damage":15,"enemies":"3 Louse","floor":13,"turns":3},{"damage":6,"enemies":"2 Fungi Beasts","floor":14,"turns":2},{"damage":54,"enemies":"The Guardian","floor":16,"turns":9},{"damage":4,"enemies":"Shell Parasite","floor":18,"turns":4},{"damage":17,"enemies":"2 Thieves","floor":20,"turns":4},{"damage":40,"enemies":"Chosen and Byrds","floor":21,"turns":6},{"damage":33,"enemies":"3 Cultists","floor":22,"turns":5},{"damage":10,"enemies":"Sentry and Sphere","floor":23,"turns":6},{"damage":27,"enemies":"Snake Plant","floor":29,"turns":3},{"damage":20,"enemies":"Centurion and Healer","floor":31,"turns":5},{"damage":76,"enemies":"Collector","floor":33,"turns":10},{"damage":10,"enemies":"Orb Walker","floor":35,"turns":3},{"damage":77,"enemies":"3 Shapes","floor":36,"turns":4},{"damage":1,"enemies":"Maw","floor":38,"turns":7},{"damage":36,"enemies":"4 Shapes","floor":39,"turns":5},{"damage":56,"enemies":"Sphere and 2 Shapes","floor":41,"turns":7},{"damage":39,"enemies":"Mysterious Sphere","floor":45,"turns":5},{"damage":14,"enemies":"3 Darklings","floor":46,"turns":6},{"damage":44,"enemies":"Maw","floor":47,"turns":9},{"damage":95,"enemies":"Donu and Deca","floor":50,"turns":6}],"event_choices":[{"event_name":"Purifier","player_choice":"Skipped","floor":2,"damage_taken":0},{"event_name":"Big Fish","player_choice":"Box","floor":3,"damage_taken":0},{"event_name":"Golden Idol","player_choice":"Take Wound","floor":7,"damage_taken":0},{"event_name":"Wheel of Change","player_choice":"Full Heal","floor":25,"damage_taken":0},{"event_name":"Cursed Tome","player_choice":"Obtained Book","floor":28,"damage_taken":0},{"event_name":"The Moai Head","player_choice":"Gave Idol","floor":42,"damage_taken":0},{"event_name":"Mysterious Sphere","player_choice":"Fight","floor":45,"damage_taken":0}],"boss_relics":[{"not_picked":["Mark of Pain","Question Card"],"picked":"Velvet Choker"},{"not_picked":["Black Star","Sozu"],"picked":"Cursed Key"}],"potions_floor_spawned":[4,13,16,18,22,29,31,35,38,47],"seed_played":"5187771604095363142","killed_by":"Donu and Deca","is_trial":false}