{"path_per_floor":["M","M","?","M","?","E","R","E","T","$","M","M","$","M","R","B",null,"M","?","$","M","?","R","E","R","T","E","$","E","M","M","R","B",null,"M","?","M","?","T","E","M","M","T","M","E","M","?","$","R","B"],"character_chosen":"IRONCLAD","items_purchased":["Unceasing Top","Rage","Champion Belt","Kunai","Question Card","Meat on the Bone"],"gold_per_floor":[144,189,189,234,234,324,324,414,414,39,84,129,29,74,74,374,374,419,464,265,310,310,310,430,430,430,520,70,160,205,250,250,550,550,595,595,640,685,685,775,820,865,865,910,1000,1045,1267,342,342,342],"floor_reached":51,"campfire_rested":4,"playtime":1525,"current_hp_per_floor":[80,80,80,80,80,80,80,80,80,80,80,80,80,80,80,48,80,80,80,80,71,55,79,80,80,80,80,80,80,80,80,80,55,80,80,70,67,66,66,80,80,80,80,80,80,80,80,80,80,57],"items_purged":["Cleave","Cleave","True Grit","Headbutt","Twin Strike"],"gold":342,"score":1077,"play_id":"9b260800-5c51-4fca-a256-2b054d8cf9b9","local_time":"20180419131134","daily_mods":["Draft","Midas","Lethality"],"is_prod":false,"is_daily":true,"chose_seed":false,"is_ascension_mode":false,"campfire_upgraded":0,"timestamp":1524165094,"path_taken":["M","M","?","?","?","E","R","E","T","$","?","M","$","M","R","BOSS","M","?","$","?","?","R","E","R","T","E","?","E","M","?","R","BOSS","M","?","M","?","?","E","M","M","T","M","E","M","?","$","R","BOSS"],"build_version":"2018-04-18","seed_source_timestamp":0,"purchased_purges":5,"victory":true,"master_deck":["Clash","Uppercut","Sword Boomerang","Rupture","Thunderclap","Dropkick","Spot Weakness","Pummel","Armaments+1","Havoc","Bloodletting+1","Dropkick","Dropkick","Flex","Anger+1","Rage","Clash+1","Dual Wield+1","Seeing Red+1","Flex+1","Madness","Madness","Anger+1","Thunderclap+1"],"max_hp_per_floor":[80,80,80,80,80,80,80,80,80,80,80,80,80,80,80,80,80,80,80,80,80,80,80,80,80,80,80,80,80,80,80,80,80,80,80,80,80,80,80,80,80,80,80,80,80,80,80,80,80,80],"relics":["Burning Blood","Ice Cream","Molten Egg 2","Paper Frog","Blue Candle","Unceasing Top","Black Star","Red Mask","Enchiridion","Lantern","Tiny Chest","Mummified Hand","Girya","Calipers","Champion Belt","Torii","Charon\u0027s Ashes","Sozu","Magic Flower","Toolbox","Ancient Tea Set","War Paint","Shuriken","Juzu Bracelet","Omamori","Kunai","Question Card","Meat on the Bone"],"card_choices":[{"not_picked":["Warcry","Flex"],"picked":"Cleave","floor":0},{"not_picked":["Sword Boomerang","Havoc"],"picked":"Clash","floor":0},{"not_picked":["Warcry","Intimidate"],"picked":"Headbutt","floor":0},{"not_picked":["Anger","Havoc"],"picked":"True Grit","floor":0},{"not_picked":["Sword Boomerang","Armaments"],"picked":"Uppercut","floor":0},{"not_picked":["Uppercut","Cleave"],"picked":"Sword Boomerang","floor":0},{"not_picked":["Wild Strike","Evolve"],"picked":"Cleave","floor":0},{"not_picked":["Hemokinesis","Combust"],"picked":"Rupture","floor":0},{"not_picked":["Dual Wield","Inflame"],"picked":"Thunderclap","floor":0},{"not_picked":["Pommel Strike","Searing Blow"],"picked":"Dropkick","floor":0},{"not_picked":["Sever Soul","Body Slam"],"picked":"Spot Weakness","floor":0},{"not_picked":["Anger","True Grit"],"picked":"Twin Strike","floor":0},{"not_picked":["Wild Strike","Spot Weakness"],"picked":"Pummel","floor":0},{"not_picked":["Wild Strike","Body Slam"],"picked":"Armaments","floor":0},{"not_picked":["Anger","Perfected Strike"],"picked":"Havoc","floor":0},{"not_picked":["Headbutt","Carnage"],"picked":"Bloodletting","floor":1},{"not_picked":["Shockwave","Perfected Strike"],"picked":"Dropkick","floor":2},{"not_picked":["Combust","Iron Wave"],"picked":"Dropkick","floor":4},{"not_picked":["Sword Boomerang","Headbutt"],"picked":"Flex","floor":18},{"not_picked":["Uppercut","Rupture"],"picked":"Anger","floor":19},{"not_picked":["Burning Pact","Feed"],"picked":"Clash","floor":24},{"not_picked":["Havoc","Blood for Blood"],"picked":"Dual Wield","floor":29},{"not_picked":["Wild Strike","Metallicize"],"picked":"Seeing Red","floor":30},{"not_picked":["Headbutt","Heavy Blade"],"picked":"Flex","floor":35},{"not_picked":["Burning Pact","Battle Trance"],"picked":"Anger","floor":37},{"not_picked":["Iron Wave","Perfected Strike"],"picked":"Thunderclap","floor":40}],"player_experience":313673,"potions_floor_usage":[8,16,21,33,50,50],"damage_taken":[{"damage":0,"enemies":"Jaw Worm","floor":1,"turns":1},{"damage":1,"enemies":"Cultist","floor":2,"turns":3},{"damage":0,"enemies":"Small Slimes","floor":4,"turns":1},{"damage":3,"enemies":"Gremlin Nob","floor":6,"turns":3},{"damage":0,"enemies":"Lagavulin","floor":8,"turns":2},{"damage":0,"enemies":"Exordium Thugs","floor":11,"turns":1},{"damage":0,"enemies":"2 Fungi Beasts","floor":12,"turns":2},{"damage":2,"enemies":"Red Slaver","floor":14,"turns":2},{"damage":38,"enemies":"The Guardian","floor":16,"turns":4},{"damage":0,"enemies":"Shell Parasite","floor":18,"turns":1},{"damage":6,"enemies":"Masked Bandits","floor":19,"turns":1},{"damage":15,"enemies":"3 Byrds","floor":21,"turns":3},{"damage":5,"enemies":"Slavers","floor":24,"turns":2},{"damage":0,"enemies":"Book of Stabbing","floor":27,"turns":2},{"damage":0,"enemies":"Slavers","floor":29,"turns":1},{"damage":0,"enemies":"Centurion and Healer","floor":30,"turns":2},{"damage":0,"enemies":"Snake Plant","floor":31,"turns":1},{"damage":31,"enemies":"Collector","floor":33,"turns":4},{"damage":0,"enemies":"3 Darklings","floor":35,"turns":2},{"damage":9,"enemies":"3 Shapes","floor":37,"turns":1},{"damage":7,"enemies":"Mysterious Sphere","floor":38,"turns":1},{"damage":0,"enemies":"2 Orb Walkers","floor":40,"turns":1},{"damage":3,"enemies":"Flame Bruiser 2 Orb","floor":41,"turns":1},{"damage":3,"enemies":"Spire Growth","floor":42,"turns":1},{"damage":6,"enemies":"4 Shapes","floor":44,"turns":1},{"damage":0,"enemies":"Nemesis","floor":45,"turns":1},{"damage":3,"enemies":"Flame Bruiser 2 Orb","floor":46,"turns":1},{"damage":38,"enemies":"Time Eater","floor":50,"turns":3}],"event_choices":[{"event_name":"Upgrade Shrine","player_choice":"Upgraded","floor":3,"damage_taken":0},{"event_name":"Accursed Blacksmith","player_choice":"Rummage","floor":5,"damage_taken":0},{"event_name":"Masked Bandits","player_choice":"Fought over 419 gold","floor":19,"damage_taken":0},{"event_name":"Cursed Tome","player_choice":"Obtained Book","floor":22,"damage_taken":0},{"event_name":"Winding Halls","player_choice":"Embrace Madness","floor":36,"damage_taken":0},{"event_name":"Mysterious Sphere","player_choice":"Fight","floor":38,"damage_taken":0},{"event_name":"Tomb of Lord Red Mask","player_choice":"Wore Mask","floor":47,"damage_taken":0}],"boss_relics":[{"not_picked":["Black Blood","Philosopher\u0027s Stone"],"picked":"Black Star"},{"not_picked":["Snecko Eye","Mark of Pain"],"picked":"Sozu"}],"potions_floor_spawned":[6,14,16,19,21,27,29,35,42,45],"seed_played":"8716809714031627175","ascension_level":0,"is_trial":false}