{"gold_per_floor":[114,114,64,64,81,108,30,61,85,85,115,115,133,133,133,234,234,252,252,267,49,149,149,162,187,187,212,212,212,212,227,227,324,324,344,357,96,196,206,206,256,274,274,274,274,274,274,67,102,102],"floor_reached":50,"playtime":4016,"items_purged":["Strike_B","Zap+1","Defend_B"],"score":794,"play_id":"36907411-c205-4798-ab6a-5b9a4675f9c4","local_time":"20181219010914","is_ascension_mode":true,"campfire_choices":[{"data":"Zap","floor":10.0,"key":"SMITH"},{"data":"FTL","floor":12.0,"key":"SMITH"},{"data":"Gash","floor":15.0,"key":"SMITH"},{"data":"Steam Power","floor":23.0,"key":"SMITH"},{"data":"Gash","floor":29.0,"key":"SMITH"},{"data":"Go for the Eyes","floor":32.0,"key":"SMITH"},{"floor":40,"key":"RECALL"},{"floor":47,"key":"REST"}],"neow_cost":"NONE","seed_source_timestamp":0,"circlet_count":0,"master_deck":["Strike_B+1","Defend_B","Defend_B+1","Dualcast","Streamline+1","Gash+1","Steam+1","FTL+1","Undo","Rebound","Steam Power+1","Rebound","FTL","Beam Cell+1","Gash+1","Go for the Eyes+1","Seek","Scrape","All For One","Steam","Defragment+1","Reprogram+1","Finesse"],"special_seed":0,"relics":["FrozenCore","NeowsBlessing","Whetstone","Question Card","War Paint","Bronze Scales","PreservedInsect","Lantern","Unceasing Top","Fusion Hammer","Dead Branch","Pocketwatch","Singing Bowl","Pen Nib"],"potions_floor_usage":[38,42,45,50],"damage_taken":[{"damage":0.0,"enemies":"2 Louse","floor":1.0,"turns":1.0},{"damage":0.0,"enemies":"Cultist","floor":5.0,"turns":1.0},{"damage":0.0,"enemies":"3 Sentries","floor":6.0,"turns":1.0},{"damage":15.0,"enemies":"Lagavulin","floor":8.0,"turns":4.0},{"damage":0.0,"enemies":"Gremlin Nob","floor":11.0,"turns":3.0},{"damage":0.0,"enemies":"Jaw Worm","floor":13.0,"turns":2.0},{"damage":15.0,"enemies":"Slime Boss","floor":16.0,"turns":8.0},{"damage":0.0,"enemies":"3 Byrds","floor":18.0,"turns":3.0},{"damage":2.0,"enemies":"Shell Parasite","floor":20.0,"turns":4.0},{"damage":2.0,"enemies":"Centurion and Healer","floor":24.0,"turns":6.0},{"damage":13.0,"enemies":"Gremlin Leader","floor":25.0,"turns":4.0},{"damage":8.0,"enemies":"Slavers","floor":27.0,"turns":5.0},{"damage":0.0,"enemies":"Shelled Parasite and Fungi","floor":31.0,"turns":3.0},{"damage":17.0,"enemies":"Champ","floor":33.0,"turns":9.0},{"damage":17.0,"enemies":"3 Shapes","floor":35.0,"turns":4.0},{"damage":0,"enemies":"3 Darklings","floor":36,"turns":4},{"damage":9,"enemies":"Mind Bloom Boss Battle","floor":38,"turns":8},{"damage":0,"enemies":"Jaw Worm Horde","floor":39,"turns":3},{"damage":0,"enemies":"2 Orb Walkers","floor":41,"turns":3},{"damage":0,"enemies":"Transient","floor":42,"turns":5},{"damage":21,"enemies":"Donu and Deca","floor":45,"turns":8},{"damage":39,"enemies":"Shield and Spear","floor":49,"turns":8},{"damage":58,"enemies":"The Heart","floor":50,"turns":3}],"seed_played":"1269376903310944987","potions_obtained":[{"floor":5.0,"key":"Fire Potion"},{"floor":6.0,"key":"SteroidPotion"},{"floor":11.0,"key":"FearPotion"},{"floor":13.0,"key":"FocusPotion"},{"floor":20.0,"key":"Strength Potion"},{"floor":24.0,"key":"Block Potion"},{"floor":25.0,"key":"Swift Potion"},{"floor":35,"key":"GamblersBrew"},{"floor":42,"key":"SteroidPotion"}],"is_trial":false,"path_per_floor":["M","?","?","?","M","E","$","E","T","R","E","R","M","?","R","B",null,"M","?","M","$","?","R","M","E","T","E","$","R","?","M","R","B",null,"M","M","M","$","?","M","R","?","M","T","?","B",null,"R","$","E","B"],"character_chosen":"DEFECT","items_purchased":["FTL","PreservedInsect","All For One","Finesse"],"campfire_rested":1,"item_purchase_floors":[7,21,37,48],"current_hp_per_floor":[75,80,80,80,80,80,80,65,65,65,65,65,65,65,65,50,80,80,80,78,78,78,78,76,63,63,55,55,55,55,55,55,38,80,63,63,63,54,54,54,54,54,54,54,33,80,80,80,43,0],"gold":102,"neow_bonus":"THREE_ENEMY_KILL","is_prod":false,"is_daily":false,"chose_seed":false,"campfire_upgraded":6,"win_rate":0,"timestamp":1545203354,"path_taken":["M","?","?","?","?","E","$","E","T","R","E","R","M","?","R","BOSS","M","?","M","?","?","R","?","E","T","E","$","R","?","M","R","BOSS","M","M","$","?","M","R","?","M","T","?","BOSS","R","$","E","BOSS"],"build_version":"2018-12-13","purchased_purges":3,"victory":false,"max_hp_per_floor":[75,80,80,80,80,80,80,80,80,80,80,80,80,80,80,80,80,80,80,80,80,80,80,80,80,80,80,80,80,80,80,80,80,80,80,80,80,80,80,80,80,80,80,80,80,80,80,80,82,82],"card_choices":[{"not_picked":["Compile Driver","White Noise"],"picked":"Streamline","floor":1.0},{"not_picked":["Turbo","Ball Lightning"],"picked":"Gash","floor":5.0},{"not_picked":["Barrage","Compile Driver"],"picked":"Steam","floor":6.0},{"not_picked":["Rebound","Creative AI"],"picked":"Undo","floor":8.0},{"not_picked":["Rainbow","Steam","Melter"],"picked":"Rebound","floor":11.0},{"not_picked":["Melter","Chill","Cold Snap"],"picked":"Steam Power","floor":13.0},{"not_picked":["Force Field+1","Undo+1","Capacitor"],"picked":"Rebound","floor":18.0},{"not_picked":["Cold Snap","Sweeping Beam","Stack"],"picked":"FTL","floor":20.0},{"not_picked":["Cold Snap+1","BootSequence","Hologram"],"picked":"Beam Cell+1","floor":24.0},{"not_picked":["Sweeping Beam","Barrage","Leap","Conserve Battery"],"picked":"SKIP","floor":25.0},{"not_picked":["Beam Cell","Steam","Creative AI"],"picked":"Gash","floor":27.0},{"not_picked":["Beam Cell","Ball Lightning","Barrage"],"picked":"Go for the Eyes","floor":31.0},{"not_picked":["Electrodynamics","Hyperbeam","Meteor Strike"],"picked":"Seek","floor":33.0},{"not_picked":["Stack+1","Lockon","Beam Cell"],"picked":"Scrape","floor":35},{"not_picked":["Auto Shields","Steam Power+1","Conserve Battery","Loop+1"],"picked":"SKIP","floor":36},{"not_picked":["Darkness","Recycle+1","Machine Learning"],"picked":"Steam","floor":38},{"not_picked":["Cold Snap","Hologram","Rebound+1","Fusion+1"],"picked":"SKIP","floor":39},{"not_picked":["Compile Driver+1","FTL","Reprogram"],"picked":"Defragment+1","floor":41},{"not_picked":["Turbo+1","Chill+1","Coolheaded"],"picked":"Reprogram+1","floor":42},{"not_picked":["All For One","Lockon+1","Seek","Stack"],"picked":"Singing Bowl","floor":49}],"player_experience":239668,"relics_obtained":[{"floor":6.0,"key":"Whetstone"},{"floor":8.0,"key":"Question Card"},{"floor":9.0,"key":"War Paint"},{"floor":11.0,"key":"Bronze Scales"},{"floor":25.0,"key":"Lantern"},{"floor":27.0,"key":"Unceasing Top"},{"floor":38,"key":"Dead Branch"},{"floor":41,"key":"Pocketwatch"},{"floor":43,"key":"Singing Bowl"},{"floor":49,"key":"Pen Nib"}],"event_choices":[{"damage_healed":0.0,"max_hp_gain":5.0,"max_hp_loss":0.0,"gold_gain":0.0,"event_name":"Big Fish","player_choice":"Donut","floor":2.0,"gold_loss":0.0,"damage_taken":0.0},{"cards_removed":["Strike_B"],"damage_healed":0.0,"max_hp_gain":0.0,"max_hp_loss":0.0,"gold_gain":0.0,"event_name":"The Cleric","player_choice":"Card Removal","floor":3.0,"gold_loss":50.0,"damage_taken":0.0},{"cards_removed":["Defend_B"],"damage_healed":0.0,"max_hp_gain":0.0,"max_hp_loss":0.0,"gold_gain":0.0,"event_name":"Purifier","player_choice":"Purged","floor":4.0,"gold_loss":0.0,"damage_taken":0.0},{"cards_removed":["Strike_B"],"damage_healed":0.0,"max_hp_gain":0.0,"max_hp_loss":0.0,"gold_gain":0.0,"event_name":"Living Wall","player_choice":"Forget","floor":14.0,"gold_loss":0.0,"damage_taken":0.0},{"damage_healed":0.0,"max_hp_gain":0.0,"max_hp_loss":0.0,"gold_gain":0.0,"event_name":"The Woman in Blue","player_choice":"Bought 0 Potions","floor":19.0,"gold_loss":0.0,"damage_taken":0.0},{"damage_healed":0.0,"max_hp_gain":0.0,"max_hp_loss":0.0,"gold_gain":100.0,"event_name":"Golden Shrine","player_choice":"Pray","floor":22.0,"gold_loss":0.0,"damage_taken":0.0},{"damage_healed":0.0,"max_hp_gain":0.0,"max_hp_loss":0.0,"gold_gain":0.0,"event_name":"The Mausoleum","player_choice":"Ignored","floor":30.0,"gold_loss":0.0,"damage_taken":0.0},{"damage_healed":0,"gold_gain":0,"player_choice":"Fight","damage_taken":0,"max_hp_gain":0,"max_hp_loss":0,"event_name":"MindBloom","floor":38,"gold_loss":0},{"damage_healed":0,"gold_gain":0,"player_choice":"Fight","damage_taken":0,"max_hp_gain":0,"max_hp_loss":0,"event_name":"Mysterious Sphere","floor":41,"gold_loss":0},{"damage_healed":0,"gold_gain":0,"player_choice":"Took Portal","damage_taken":0,"max_hp_gain":0,"max_hp_loss":0,"event_name":"SecretPortal","floor":44,"gold_loss":0}],"is_beta":false,"boss_relics":[{"not_picked":["Calling Bell","Busted Crown"],"picked":"FrozenCore"},{"not_picked":["Sozu","Nuclear Battery"],"picked":"Fusion Hammer"}],"items_purged_floors":[21,37,48],"is_endless":false,"potions_floor_spawned":[5,6,11,13,16,20,24,25,31,35,36,42],"killed_by":"The Heart","ascension_level":2}