{"gold_per_floor":[13,13,28,42,42,77,77,108,108,124,135,135],"floor_reached":12,"playtime":4621,"items_purged":[],"score":131,"play_id":"4f495ecc-3e62-4523-9fbc-8773d4257333","local_time":"20190419010600","is_ascension_mode":true,"campfire_choices":[{"floor":7,"key":"REST"}],"neow_cost":"NO_GOLD","seed_source_timestamp":641903770758728,"circlet_count":0,"master_deck":["Strike_B","Strike_B","Strike_B","Defend_B","Defend_B","Defend_B","Zap+1","Dualcast","Conserve Battery","Sweeping Beam","Coolheaded"],"relics":["Cracked Core","Dream Catcher","Du-Vu Doll","Molten Egg 2"],"potions_floor_usage":[],"damage_taken":[{"damage":7,"enemies":"Jaw Worm","floor":1,"turns":3},{"damage":1,"enemies":"Cultist","floor":3,"turns":3},{"damage":0,"enemies":"Small Slimes","floor":4,"turns":3},{"damage":31,"enemies":"3 Sentries","floor":6,"turns":8},{"damage":32,"enemies":"Lagavulin","floor":8,"turns":7},{"damage":2,"enemies":"Exordium Wildlife","floor":10,"turns":4},{"damage":7,"enemies":"Large Slime","floor":11,"turns":6},{"damage":11,"enemies":"3 Sentries","floor":12,"turns":2}],"seed_played":"6871220937526642967","potions_obtained":[{"floor":4,"key":"SpeedPotion"},{"floor":6,"key":"GamblersBrew"},{"floor":10,"key":"SteroidPotion"}],"is_trial":false,"path_per_floor":["M","?","M","M","?","E","R","E","T","M","M","E"],"character_chosen":"DEFECT","items_purchased":[],"campfire_rested":1,"item_purchase_floors":[],"current_hp_per_floor":[61,61,60,60,60,29,51,19,19,17,10,0],"gold":135,"neow_bonus":"REMOVE_TWO","is_prod":false,"is_daily":false,"chose_seed":false,"campfire_upgraded":0,"win_rate":0,"timestamp":1555653960,"path_taken":["M","?","?","M","?","E","R","E","T","M","M","E"],"build_version":"2019-01-23","purchased_purges":0,"victory":false,"max_hp_per_floor":[75,75,75,75,75,75,75,75,75,75,75,75],"card_choices":[{"not_picked":["Stack","Recycle","Leap"],"picked":"SKIP","floor":1},{"not_picked":["Redo","Hello World"],"picked":"Conserve Battery","floor":3},{"not_picked":["Leap","Tempest","Coolheaded"],"picked":"SKIP","floor":4},{"not_picked":["Machine Learning","Leap","Heatsinks"],"picked":"SKIP","floor":6},{"not_picked":["Cold Snap","Beam Cell"],"picked":"Sweeping Beam","floor":7},{"not_picked":["Consume","Beam Cell","Stack"],"picked":"SKIP","floor":8},{"not_picked":["Capacitor","Fission"],"picked":"Coolheaded","floor":10},{"not_picked":["Rebound+1","Barrage+1","Scrape+1"],"picked":"SKIP","floor":11}],"player_experience":619148,"relics_obtained":[{"floor":6,"key":"Dream Catcher"},{"floor":8,"key":"Du-Vu Doll"},{"floor":9,"key":"Molten Egg 2"}],"event_choices":[{"damage_healed":0,"gold_gain":0,"player_choice":"Upgraded","damage_taken":0,"max_hp_gain":0,"max_hp_loss":0,"event_name":"Upgrade Shrine","floor":2,"gold_loss":0,"cards_upgraded":["Zap"]},{"damage_healed":0,"gold_gain":0,"player_choice":"Ignored","damage_taken":0,"max_hp_gain":0,"max_hp_loss":0,"event_name":"Liars Game","floor":5,"gold_loss":0}],"is_beta":false,"boss_relics":[],"items_purged_floors":[],"is_endless":false,"potions_floor_spawned":[4,6,10],"killed_by":"3 Sentries","ascension_level":9}