{"path_per_floor":["M","M","M","M","$","R","M","M","T","E","M","E","$","M","R","B",null,"M","M","M","M","M","R","M","M","T","?","E","$","R","M","R","B",null,"M","M","M","M","$","E","M","E","T","R","M","?","E","M","R","B"],"character_chosen":"THE_SILENT","items_purchased":["Bag of Marbles","Dead Branch","Vajra","Backstab"],"gold_per_floor":[114,129,144,159,9,9,24,39,39,69,84,114,114,129,129,229,229,244,259,274,289,304,304,319,334,334,334,364,64,64,79,79,179,179,194,209,224,239,22,52,67,97,97,97,112,112,142,187,187,187],"floor_reached":51,"campfire_rested":2,"playtime":2345,"current_hp_per_floor":[70,70,70,63,63,63,61,61,61,43,41,25,25,17,65,18,65,54,39,22,1,1,62,62,55,55,55,61,61,61,61,61,61,62,62,62,62,62,62,62,62,62,62,62,62,62,62,64,64,54],"items_purged":[],"gold":187,"score":981,"play_id":"06acdacf-5b12-450b-b845-22b5dc7c5db8","local_time":"20180319123416","daily_mods":["Diverse","Night Terrors","Vintage"],"is_prod":false,"is_daily":true,"is_ascension_mode":false,"campfire_upgraded":2,"timestamp":1521484456,"path_taken":["M","?","M","M","$","R","M","M","T","E","M","E","$","M","R","BOSS","M","M","M","M","M","R","M","M","T","?","E","$","R","M","R","BOSS","M","M","M","M","$","E","M","E","T","R","M","?","E","M","R","BOSS"],"build_version":"2018-03-16","purchased_purges":1,"victory":true,"master_deck":["Defend_G","Defend_G","Defend_G","Defend_G","Defend_G","Strike_G","Strike_G","Strike_G+1","Strike_G+1","Survivor+1","Neutralize","Uppercut+1","Corruption+1","Backflip+1","Dagger Spray+1","Envenom","Writhe","PiercingWail+1","Well Laid Plans+1","Night Terror+1","Outmaneuver+1","Flying Knee+1","Footwork+1","Cloak And Dagger+1","Backflip+1","Backstab+1","Quick Slash+1","Dagger Throw+1","Doubt","Dagger Spray+1","Writhe"],"max_hp_per_floor":[70,70,70,70,70,70,70,70,70,70,70,70,70,70,65,65,65,65,65,65,65,65,62,62,62,62,62,62,62,62,62,62,62,62,62,62,62,62,62,62,62,62,62,62,62,62,64,64,64,64],"relics":["Ring of the Snake","Du-Vu Doll","Bottled Flame","Art of War","Girya","Bag of Marbles","Ancient Tea Set","Molten Egg 2","Gambling Chip","Singing Bowl","Kunai","Letter Opener","Bronze Scales","Mummified Hand","Cursed Key","Whetstone","Dream Catcher","Anchor","Prayer Wheel","Centennial Puzzle","Toxic Egg 2","Frozen Egg 2","Tingsha","Shuriken","Dead Branch","Orichalcum","Orrery","Smiling Mask","Pantograph","Blood Vial","Pen Nib","Vajra","Frozen Eye","War Paint","Oddly Smooth Stone","Torii","Blue Candle","Toolbox","Tiny Chest"],"card_choices":[{"not_picked":["Setup","All Out Attack"],"picked":"Backflip"},{"not_picked":["PiercingWail","Noxious Fumes"],"picked":"Dagger Spray"},{"not_picked":["Night Terror","A Thousand Cuts"],"picked":"Envenom"},{"not_picked":["Deadly Poison","Deflect"],"picked":"PiercingWail"},{"not_picked":["Deadly Poison","Expertise"],"picked":"Well Laid Plans"},{"not_picked":["Tactician","Burst"],"picked":"Night Terror"},{"not_picked":["Reflex","Bane"],"picked":"Outmaneuver"},{"not_picked":["Prepared","Slice"],"picked":"Flying Knee"},{"not_picked":["Predator","Outmaneuver"],"picked":"Footwork"},{"not_picked":["Caltrops","Endless Agony"],"picked":"Cloak And Dagger"},{"not_picked":["Underhanded Strike","Skewer"],"picked":"Backflip"},{"not_picked":["Sucker Punch","Underhanded Strike"],"picked":"Quick Slash"},{"not_picked":["Quick Slash","Outmaneuver"],"picked":"Dagger Throw"},{"not_picked":["Tactician","Well Laid Plans"],"picked":"Dagger Spray"}],"player_experience":236228,"potions_floor_usage":[12,16,16,16,22,28,33,50,50,50],"damage_taken":[{"damage":0,"enemies":"Cultist","floor":1,"turns":4},{"damage":0,"enemies":"Small Slimes","floor":2,"turns":4},{"damage":0,"enemies":"Jaw Worm","floor":3,"turns":4},{"damage":7,"enemies":"Looter","floor":4,"turns":5},{"damage":2,"enemies":"3 Louse","floor":7,"turns":3},{"damage":0,"enemies":"2 Fungi Beasts","floor":8,"turns":4},{"damage":18,"enemies":"Gremlin Nob","floor":10,"turns":4},{"damage":2,"enemies":"Exordium Thugs","floor":11,"turns":4},{"damage":16,"enemies":"3 Sentries","floor":12,"turns":10},{"damage":8,"enemies":"Exordium Wildlife","floor":14,"turns":2},{"damage":47,"enemies":"Slime Boss","floor":16,"turns":7},{"damage":11,"enemies":"Spheric Guardian","floor":18,"turns":4},{"damage":15,"enemies":"Shell Parasite","floor":19,"turns":3},{"damage":17,"enemies":"Centurion and Healer","floor":20,"turns":4},{"damage":21,"enemies":"Sentry and Sphere","floor":21,"turns":5},{"damage":0,"enemies":"Snecko","floor":22,"turns":4},{"damage":0,"enemies":"Snake Plant","floor":24,"turns":2},{"damage":7,"enemies":"Centurion and Healer","floor":25,"turns":6},{"damage":1,"enemies":"Slavers","floor":28,"turns":4},{"damage":0,"enemies":"Cultist and Chosen","floor":31,"turns":2},{"damage":0,"enemies":"Champ","floor":33,"turns":4},{"damage":0,"enemies":"3 Darklings","floor":35,"turns":4},{"damage":0,"enemies":"Orb Walker","floor":36,"turns":2},{"damage":0,"enemies":"Spire Growth","floor":37,"turns":2},{"damage":0,"enemies":"3 Darklings","floor":38,"turns":1},{"damage":0,"enemies":"Giant Head","floor":40,"turns":2},{"damage":0,"enemies":"Flame Bruiser 2 Orb","floor":41,"turns":2},{"damage":0,"enemies":"2 Orb Walkers","floor":42,"turns":2},{"damage":0,"enemies":"Maw","floor":45,"turns":1},{"damage":2,"enemies":"Giant Head","floor":47,"turns":4},{"damage":0,"enemies":"Sphere and 2 Shapes","floor":48,"turns":1},{"damage":10,"enemies":"Time Eater","floor":50,"turns":6}],"event_choices":[{"event_name":"Purifier","player_choice":"One Purge","floor":27,"damage_taken":0},{"event_name":"Winding Halls","player_choice":"Writhe","floor":46,"damage_taken":0}],"boss_relics":[{"not_picked":["Tiny House","Snecko Eye"],"picked":"Cursed Key"},{"not_picked":["Astrolabe","Eternal Feather"],"picked":"Orrery"}],"potions_floor_spawned":[7,8,10,12,14,20,24,28,31,33,37,40,41,42,48],"seed_played":"4569236457908174948","ascension_level":0,"is_trial":false}