{"path_per_floor":["M","?","$","M","$","E","R","?","T","M","?","E","?","E","R","B",null,"M","?","$","?","?","?","R"],"character_chosen":"IRONCLAD","items_purchased":["Apotheosis"],"gold_per_floor":[114,289,214,224,29,54,54,54,54,64,14,47,47,77,77,180,180,191,91,91,16,16,16,16],"floor_reached":25,"campfire_rested":2,"playtime":609,"current_hp_per_floor":[78,78,78,80,80,80,80,80,80,80,77,74,77,66,84,46,75,54,54,54,54,54,54,79],"items_purged":["Doubt"],"gold":16,"score":381,"play_id":"63a33a1f-940f-4930-921c-ea5380444690","local_time":"20180306160411","is_prod":false,"is_daily":false,"is_ascension_mode":true,"campfire_upgraded":1,"timestamp":1520352251,"path_taken":["M","?","$","?","?","E","R","?","T","?","?","E","?","E","R","BOSS","M","?","$","?","?","?","R","E"],"build_version":"2018-03-01-PROD1","purchased_purges":1,"victory":false,"master_deck":["Strike_R","Strike_R","Strike_R","Strike_R","Strike_R","Defend_R","Defend_R","Bash","Clash","Offering","Apotheosis+1","Double Tap","J.A.X.","Normality","Brutality"],"max_hp_per_floor":[80,80,80,80,80,80,80,80,80,80,77,77,77,84,84,84,84,84,84,84,84,84,84,84],"relics":["Burning Blood","NeowsBlessing","Anchor","Matryoshka","Vajra","Strawberry","Philosopher\u0027s Stone","Ancient Tea Set"],"card_choices":[{"not_picked":["Power Through","Havoc"],"picked":"Clash"},{"not_picked":["Wild Strike","Combust"],"picked":"Offering"},{"not_picked":["Feed","Fiend Fire"],"picked":"Double Tap"}],"player_experience":208166,"potions_floor_usage":[12,16,16,25,25,25],"damage_taken":[{"damage":0,"enemies":"2 Louse","floor":1,"turns":1},{"damage":0,"enemies":"Small Slimes","floor":4,"turns":1},{"damage":0,"enemies":"3 Sentries","floor":6,"turns":2},{"damage":4,"enemies":"Cultist","floor":10,"turns":3},{"damage":9,"enemies":"Gremlin Nob","floor":12,"turns":3},{"damage":24,"enemies":"Lagavulin","floor":14,"turns":3},{"damage":44,"enemies":"Hexaghost","floor":16,"turns":7},{"damage":27,"enemies":"Chosen","floor":18,"turns":3},{"damage":84,"enemies":"Slavers","floor":25,"turns":5}],"event_choices":[{"event_name":"Liars Game","player_choice":"agreed","floor":2,"damage_taken":0},{"event_name":"The Lab","player_choice":"Got Potions","floor":8,"damage_taken":0},{"event_name":"The Cleric","player_choice":"Card Removal","floor":11,"damage_taken":0},{"event_name":"Wheel of Change","player_choice":"Full Heal","floor":13,"damage_taken":0},{"event_name":"Drug Dealer","player_choice":"Got JAXXED","floor":19,"damage_taken":0},{"event_name":"Beggar","player_choice":"Gave Gold","floor":21,"damage_taken":0},{"event_name":"Accursed Blacksmith","player_choice":"Rummage","floor":22,"damage_taken":0},{"event_name":"Transmorgrifier","player_choice":"Transform","floor":23,"damage_taken":0}],"boss_relics":[{"not_picked":["Runic Pyramid","Lizard Tail"],"picked":"Philosopher\u0027s Stone"}],"potions_floor_spawned":[6,14,16,18],"seed_played":"-4485182562596538257","killed_by":"Slavers","ascension_level":12,"is_trial":false}