{"path_per_floor":["M","?","$","M","M","R","M","$","T","?","R","E","$","M","R","B",null,"M","?","M","?","?","R","?","R","T","M"],"character_chosen":"IRONCLAD","items_purchased":["War Paint","Dexterity Potion"],"gold_per_floor":[115,65,65,78,95,95,113,38,106,165,165,193,2,17,17,121,121,86,86,101,101,151,151,151,151,178,190],"floor_reached":28,"campfire_rested":4,"playtime":1477,"current_hp_per_floor":[74,74,74,79,80,80,79,79,79,42,66,53,53,58,80,42,80,58,58,7,7,7,31,31,55,55,60],"items_purged":["Strike_R"],"gold":190,"score":248,"play_id":"fe472334-ff9d-43ca-9c14-ea88bbeda7fc","is_prod":false,"is_daily":false,"is_ascension_mode":true,"campfire_upgraded":1,"path_taken":["M","?","$","?","M","R","M","$","T","?","R","E","$","M","R","BOSS","M","?","M","?","?","R","?","R","T","M","?"],"build_version":"2018-02-15-PROD1","purchased_purges":2,"victory":false,"master_deck":["Strike_R+1","Strike_R+1","Strike_R+1","Strike_R+1","Defend_R+1","Defend_R+1","Defend_R+1","Defend_R+1","Bash","Armaments+1","Shrug It Off+1","Shrug It Off","Barricade","Spot Weakness","Body Slam","Shrug It Off"],"max_hp_per_floor":[80,80,80,80,80,80,80,80,80,80,80,80,80,80,80,80,80,80,80,80,80,80,80,80,80,80,80],"relics":["Burning Blood","Calipers","Paper Frog","Ginger","Toolbox","War Paint","Orrery","Omamori","Prayer Wheel"],"card_choices":[{"not_picked":["Flex","Perfected Strike"],"picked":"Armaments"},{"not_picked":["Whirlwind","Flame Barrier"],"picked":"Shrug It Off"},{"not_picked":["Anger","Disarm"],"picked":"Shrug It Off"},{"not_picked":["Anger","Perfected Strike"],"picked":"Barricade"},{"not_picked":["Flex","Havoc"],"picked":"Spot Weakness"},{"not_picked":["Double Tap","Feed"],"picked":"Limit Break"},{"not_picked":["Searing Blow","Inflame"],"picked":"Body Slam"},{"not_picked":["Iron Wave","Anger"],"picked":"Shrug It Off"}],"player_experience":99059,"potions_floor_usage":[12,16,18,20],"damage_taken":[{"damage":12,"enemies":"Small Slimes","floor":1,"turns":3},{"damage":1,"enemies":"Cultist","floor":4,"turns":3},{"damage":4,"enemies":"Jaw Worm","floor":5,"turns":3},{"damage":7,"enemies":"Looter","floor":7,"turns":4},{"damage":43,"enemies":"Gremlin Nob","floor":10,"turns":5},{"damage":19,"enemies":"3 Sentries","floor":12,"turns":10},{"damage":1,"enemies":"2 Fungi Beasts","floor":14,"turns":4},{"damage":44,"enemies":"Slime Boss","floor":16,"turns":14},{"damage":28,"enemies":"2 Thieves","floor":18,"turns":5},{"damage":57,"enemies":"3 Byrds","floor":20,"turns":11},{"damage":1,"enemies":"Snecko","floor":27,"turns":5},{"damage":92,"enemies":"Cultist and Chosen","floor":28,"turns":8}],"event_choices":[{"event_name":"The Cleric","player_choice":"Card Removal","floor":2,"damage_taken":0},{"event_name":"Dead Adventurer","player_choice":"Searched \u00271\u0027 times","floor":10,"damage_taken":0},{"event_name":"The Mausoleum","player_choice":"Yes","floor":19,"damage_taken":0},{"event_name":"Back to Basics","player_choice":"Simplicity","floor":21,"damage_taken":0},{"event_name":"The Joust","player_choice":"Bet on Murderer","floor":22,"damage_taken":0},{"event_name":"Purifier","player_choice":"One Purge","floor":24,"damage_taken":0}],"boss_relics":[{"not_picked":["Calling Bell","Lizard Tail"],"picked":"Orrery"}],"potions_floor_spawned":[10,10,16,20,27],"seed_played":"3608924421648726119","killed_by":"Cultist and Chosen","ascension_level":3,"is_trial":false}