{"gold_per_floor":[365,365,365,379,394,419,594,594,594,594,594,629,648,664,664,764,764,782,154,171,171,185,217,217,228,228,263,276,293,313,331,331,426,426,442,462,475,475,70,70,100,112,135,168,179,179,26,51,51,51],"floor_reached":50,"playtime":2604,"items_purged":[],"score":1033,"play_id":"d7456734-d16f-41d6-a1c6-fa0375cede7d","local_time":"20180702125142","is_ascension_mode":true,"campfire_choices":[{"floor":8,"key":"REST"},{"floor":15,"key":"REST"},{"data":"Shockwave","floor":24,"key":"SMITH"},{"data":"Bash","floor":32,"key":"SMITH"},{"data":"Headbutt","floor":40,"key":"SMITH"},{"data":"Headbutt","floor":46,"key":"SMITH"},{"data":"Cleave","floor":49,"key":"SMITH"}],"neow_cost":"CURSE","seed_source_timestamp":651556786186009,"circlet_count":0,"master_deck":["Strike_R","Strike_R","Strike_R","Strike_R","Defend_R","Defend_R","Defend_R","Defend_R+1","Bash+1","Armaments+1","Cleave+1","Headbutt+1","Shockwave+1","Warcry+1","Headbutt+1","Battle Trance+1","Impervious+1","Havoc+1","Corruption+1","Finesse+1","Secret Technique+1","Shrug It Off+1","Infernal Blade+1","Impervious+1","Inflame+1","Clumsy","Intimidate+1","Havoc+1","Corruption+1","Spot Weakness+1","Exhume+1","Havoc+1","Seeing Red+1","Jack Of All Trades+1","True Grit+1","Parasite","Havoc+1","Jack Of All Trades+1","Havoc+1"],"relics":["Burning Blood","Dead Branch","Toxic Egg 2","Orichalcum","Bag of Preparation","Cursed Key","Frozen Egg 2","Smiling Mask","Kunai","Red Mask","Busted Crown","Paper Frog","Bag of Marbles","Omamori","Toolbox","Art of War"],"potions_floor_usage":[6,16,16,50,50,50],"damage_taken":[{"damage":3,"enemies":"Small Slimes","floor":1,"turns":3},{"damage":2,"enemies":"2 Louse","floor":4,"turns":3},{"damage":5,"enemies":"Cultist","floor":5,"turns":4},{"damage":34,"enemies":"Gremlin Nob","floor":6,"turns":4},{"damage":24,"enemies":"Lagavulin","floor":12,"turns":6},{"damage":23,"enemies":"Exordium Wildlife","floor":13,"turns":7},{"damage":1,"enemies":"2 Fungi Beasts","floor":14,"turns":3},{"damage":18,"enemies":"The Guardian","floor":16,"turns":11},{"damage":11,"enemies":"2 Thieves","floor":18,"turns":4},{"damage":0,"enemies":"Spheric Guardian","floor":20,"turns":4},{"damage":0,"enemies":"Snecko","floor":22,"turns":2},{"damage":0,"enemies":"Book of Stabbing","floor":23,"turns":3},{"damage":0,"enemies":"Snake Plant","floor":25,"turns":2},{"damage":0,"floor":27,"turns":4},{"damage":7,"enemies":"Slaver and Parasite","floor":28,"turns":2},{"damage":15,"enemies":"Sentry and Sphere","floor":29,"turns":7},{"damage":0,"enemies":"Cultist and Chosen","floor":30,"turns":3},{"damage":7,"enemies":"Snake Plant","floor":31,"turns":3},{"damage":4,"enemies":"Collector","floor":33,"turns":5},{"damage":0,"enemies":"3 Shapes","floor":35,"turns":2},{"damage":8,"enemies":"Flame Bruiser 1 Orb","floor":36,"turns":3},{"damage":4,"enemies":"4 Shapes","floor":37,"turns":2},{"damage":3,"enemies":"Giant Head","floor":41,"turns":3},{"damage":0,"enemies":"Spire Growth","floor":42,"turns":1},{"damage":0,"enemies":"Nemesis","floor":44,"turns":1},{"damage":0,"enemies":"Flame Bruiser 2 Orb","floor":45,"turns":1},{"damage":0,"enemies":"Giant Head","floor":48,"turns":2},{"damage":102,"enemies":"Time Eater","floor":50,"turns":10}],"seed_played":"3208457955971961732","potions_obtained":[{"floor":1,"key":"PowerPotion"},{"floor":6,"key":"FearPotion"},{"floor":13,"key":"Weak Potion"},{"floor":25,"key":"Dexterity Potion"},{"floor":27,"key":"Ancient Potion"},{"floor":28,"key":"Dexterity Potion"}],"is_trial":false,"path_per_floor":["M","?","?","M","M","E","?","R","T","T","?","E","M","M","R","B",null,"M","$","M","?","M","E","R","M","T","?","M","M","M","M","R","B",null,"M","M","M","?","$","R","E","M","T","E","M","R","$","E","R"],"character_chosen":"IRONCLAD","items_purchased":["Frozen Egg 2","Corruption","Finesse+1","Secret Technique+1","Paper Frog","Seeing Red+1","Jack Of All Trades+1","Jack Of All Trades+1","Havoc+1"],"campfire_rested":2,"item_purchase_floors":[19,19,19,19,39,39,39,47,47],"current_hp_per_floor":[80,64,56,60,61,33,33,57,57,57,57,39,22,27,51,39,70,65,65,71,71,80,83,83,83,83,83,82,76,82,81,81,83,85,86,87,89,89,89,89,89,89,89,89,89,89,89,89,89,0],"gold":51,"neow_bonus":"TWO_FIFTY_GOLD","is_prod":false,"is_daily":false,"chose_seed":false,"campfire_upgraded":5,"win_rate":0,"timestamp":1530557502,"path_taken":["M","?","?","M","M","E","?","R","T","?","?","E","M","M","R","BOSS","M","$","M","?","?","E","R","M","T","?","M","M","?","M","R","BOSS","M","?","M","?","$","R","E","M","T","E","M","R","$","E","R","BOSS"],"build_version":"2018-06-29","purchased_purges":0,"victory":false,"max_hp_per_floor":[80,80,80,80,80,80,80,80,80,80,80,80,80,80,80,80,80,80,80,80,80,83,83,83,83,83,83,83,86,86,86,86,86,86,86,89,89,89,89,89,89,89,89,89,89,89,89,89,89,89],"card_choices":[{"not_picked":["Sever Soul","Warcry"],"picked":"Armaments","floor":1},{"not_picked":["Clash","Clothesline"],"picked":"Cleave","floor":4},{"not_picked":["Dual Wield","Warcry"],"picked":"Headbutt","floor":5},{"not_picked":["Twin Strike","Feed"],"picked":"Shockwave","floor":6},{"not_picked":["Power Through+1","Rampage"],"picked":"Warcry+1","floor":12},{"not_picked":["Carnage","Clothesline"],"picked":"Headbutt","floor":13},{"not_picked":["Thunderclap","Flex+1"],"picked":"Battle Trance+1","floor":14},{"not_picked":["Brutality","Berserk"],"picked":"Impervious+1","floor":16},{"not_picked":["Heavy Blade+1","Warcry+1"],"picked":"Havoc+1","floor":18},{"not_picked":["Perfected Strike","Intimidate+1"],"picked":"Shrug It Off+1","floor":20},{"not_picked":["Anger","Wild Strike+1"],"picked":"Impervious+1","floor":22},{"not_picked":["Evolve+1","Cleave+1","Thunderclap+1"],"picked":"SKIP","floor":23},{"not_picked":["Thunderclap","Pommel Strike"],"picked":"Inflame+1","floor":25},{"not_picked":["Headbutt+1","Shockwave+1"],"picked":"Intimidate+1","floor":27},{"not_picked":["Thunderclap","Pommel Strike+1"],"picked":"Havoc+1","floor":28},{"not_picked":["Sword Boomerang","Battle Trance+1"],"picked":"Corruption+1","floor":29},{"not_picked":["Carnage","Warcry+1"],"picked":"Spot Weakness+1","floor":30},{"not_picked":["Armaments+1","Searing Blow"],"picked":"Exhume+1","floor":31},{"not_picked":[],"picked":"Havoc+1","floor":35},{"not_picked":["Iron Wave+1"],"picked":"SKIP","floor":36},{"not_picked":["Metallicize+1"],"picked":"SKIP","floor":37},{"not_picked":[],"picked":"True Grit+1","floor":41},{"not_picked":["Sever Soul+1"],"picked":"SKIP","floor":42},{"not_picked":[],"picked":"Havoc+1","floor":44},{"not_picked":["Battle Trance+1"],"picked":"SKIP","floor":45},{"not_picked":["Headbutt"],"picked":"SKIP","floor":48}],"player_experience":427848,"relics_obtained":[{"floor":6,"key":"Dead Branch"},{"floor":9,"key":"Toxic Egg 2"},{"floor":10,"key":"Orichalcum"},{"floor":12,"key":"Bag of Preparation"},{"floor":23,"key":"Smiling Mask"},{"floor":26,"key":"Kunai"},{"floor":27,"key":"Red Mask"},{"floor":41,"key":"Bag of Marbles"},{"floor":43,"key":"Omamori"},{"floor":44,"key":"Toolbox"},{"floor":48,"key":"Art of War"}],"event_choices":[{"event_name":"Shining Light","player_choice":"Entered Light","floor":2,"damage_taken":0},{"event_name":"Wheel of Change","player_choice":"Damage","floor":3,"damage_taken":0},{"event_name":"Liars Game","player_choice":"agreed","floor":7,"damage_taken":0},{"event_name":"Fountain of Cleansing","player_choice":"Removed Curse","floor":11,"damage_taken":0},{"event_name":"The Library","player_choice":"Read","floor":21,"damage_taken":0},{"event_name":"Masked Bandits","player_choice":"Fought over 228 gold","floor":27,"damage_taken":0},{"event_name":"Falling","player_choice":"Removed Attack","floor":38,"damage_taken":0}],"boss_relics":[{"not_picked":["Lizard Tail","Eternal Feather"],"picked":"Cursed Key"},{"not_picked":["Black Star","Snecko Eye"],"picked":"Busted Crown"}],"items_purged_floors":[],"is_endless":false,"potions_floor_spawned":[1,6,13,25,27,28,29,33,42,48],"killed_by":"Time Eater","ascension_level":5}