{"gold_per_floor":[16,16,34,34,46,74,74,74,126,155,174,199,199,213,213,312,312,332,332,350,179,196,229,243,270,270,270,5,5,5,18,18,116,116,130,130,147,161,174,174,208,13,38,56,8,8,8,24,24,24],"floor_reached":51,"playtime":3976,"items_purged":["Strike_B","Strike_B","Defend_B"],"score":1036,"play_id":"159914cc-a0a8-4802-a2f5-f0b7bc2dbbbb","local_time":"20190113183200","is_ascension_mode":true,"campfire_choices":[{"floor":8,"key":"REST"},{"floor":13,"key":"REST"},{"data":"Gash","floor":15,"key":"SMITH"},{"floor":27,"key":"REST"},{"floor":29,"key":"REST"},{"floor":32,"key":"REST"},{"data":"Beam Cell","floor":40,"key":"SMITH"},{"floor":46,"key":"REST"},{"floor":49,"key":"REST"}],"neow_cost":"NO_GOLD","seed_source_timestamp":1642627427349275,"circlet_count":0,"master_deck":["Defend_B+1","Defend_B+1","Zap","Dualcast","Go for the Eyes","Multi-Cast","Gash","Hologram","Doom and Gloom","Reinforced Body","Gash","Hologram","Glacier","Gash+1","Seek","Chaos+1","Gash+1","Leap+1","Gash","Hologram","Rebound","Hologram","Sunder+1","Conserve Battery","Stack","Scrape","Hologram","Multi-Cast","Conserve Battery","Doom and Gloom","Leap+1","Stack","Beam Cell+1","Steam Power+1","Finesse"],"relics":["Cracked Core","Bag of Preparation","Smiling Mask","Anchor","Ornamental Fan","Black Star","Calipers","Bottled Flame","Letter Opener","Ancient Tea Set","Dodecahedron","Boot","Runic Pyramid","StoneCalendar","Potion Belt","Lantern"],"potions_floor_usage":[14,23,25,25,33,41,44,50,50],"damage_taken":[{"damage":5,"enemies":"Small Slimes","floor":1,"turns":3},{"damage":4,"enemies":"Jaw Worm","floor":3,"turns":4},{"damage":0,"enemies":"Cultist","floor":5,"turns":3},{"damage":41,"enemies":"Lagavulin","floor":6,"turns":8},{"damage":12,"enemies":"Gremlin Nob","floor":10,"turns":3},{"damage":1,"enemies":"Looter","floor":11,"turns":2},{"damage":10,"enemies":"Lagavulin","floor":12,"turns":7},{"damage":0,"enemies":"Gremlin Gang","floor":14,"turns":3},{"damage":18,"enemies":"Hexaghost","floor":16,"turns":6},{"damage":11,"enemies":"Spheric Guardian","floor":18,"turns":4},{"damage":5,"enemies":"2 Thieves","floor":20,"turns":3},{"damage":14,"enemies":"Snecko","floor":22,"turns":4},{"damage":36,"enemies":"Book of Stabbing","floor":23,"turns":7},{"damage":0,"enemies":"Centurion and Healer","floor":24,"turns":4},{"damage":0,"enemies":"Slavers","floor":25,"turns":6},{"damage":0,"enemies":"Cultist and Chosen","floor":31,"turns":4},{"damage":31,"enemies":"Collector","floor":33,"turns":11},{"damage":0,"enemies":"3 Shapes","floor":35,"turns":4},{"damage":0,"enemies":"Orb Walker","floor":37,"turns":2},{"damage":26,"enemies":"Transient","floor":38,"turns":5},{"damage":1,"enemies":"Writhing Mass","floor":39,"turns":7},{"damage":31,"enemies":"Reptomancer","floor":41,"turns":9},{"damage":0,"enemies":"3 Darklings","floor":44,"turns":3},{"damage":2,"enemies":"4 Shapes","floor":48,"turns":4},{"damage":29,"enemies":"Awakened One","floor":50,"turns":11}],"seed_played":"3515898341908660207","potions_obtained":[{"floor":1,"key":"Ancient Potion"},{"floor":6,"key":"Ancient Potion"},{"floor":10,"key":"Ancient Potion"},{"floor":12,"key":"AttackPotion"},{"floor":20,"key":"Block Potion"},{"floor":22,"key":"EssenceOfSteel"},{"floor":31,"key":"SkillPotion"},{"floor":35,"key":"Strength Potion"},{"floor":41,"key":"Block Potion"}],"is_trial":false,"path_per_floor":["M","?","M","?","M","E","?","R","T","E","M","E","R","M","R","B",null,"M","?","M","$","M","E","M","E","T","R","$","R","?","M","R","B",null,"M","?","M","M","M","R","E","$","T","M","$","R","?","M","R","B",null],"character_chosen":"DEFECT","items_purchased":["Gash","Hologram","Rebound","Scrape","Boot","Finesse","Explosive Potion","Explosive Potion"],"campfire_rested":7,"item_purchase_floors":[21,21,21,28,28,42,42,45],"current_hp_per_floor":[77,77,73,55,55,14,14,40,40,28,27,17,43,43,43,25,73,62,62,57,57,43,7,7,7,7,33,33,59,43,43,69,38,76,76,76,76,50,49,49,18,18,18,18,18,44,44,42,68,39],"gold":24,"neow_bonus":"TWENTY_PERCENT_HP_BONUS","is_prod":false,"is_daily":false,"chose_seed":false,"campfire_upgraded":2,"win_rate":0,"timestamp":1547404320,"path_taken":["M","?","M","?","M","E","?","R","T","E","M","E","R","?","R","BOSS","M","?","M","$","?","E","M","E","T","R","$","R","?","M","R","BOSS","M","?","?","M","M","R","E","$","T","M","$","R","?","M","R","BOSS"],"build_version":"2019-01-10","purchased_purges":3,"victory":true,"max_hp_per_floor":[89,89,89,89,89,89,89,89,89,89,89,89,89,89,89,89,89,89,89,89,89,89,89,89,89,89,89,89,89,89,89,89,89,89,89,89,89,89,89,89,89,89,89,89,89,89,89,89,89,89],"card_choices":[{"not_picked":["Recycle","Darkness"],"picked":"Go for the Eyes","floor":1},{"not_picked":["Barrage","BootSequence"],"picked":"Gash","floor":3},{"not_picked":["Stack","Streamline"],"picked":"Hologram","floor":5},{"not_picked":["Genetic Algorithm","Defragment"],"picked":"Doom and Gloom","floor":6},{"not_picked":["Redo","Lockon"],"picked":"Gash","floor":10},{"not_picked":["Streamline","Beam Cell"],"picked":"Hologram","floor":11},{"not_picked":["Fusion","Fission"],"picked":"Glacier","floor":12},{"not_picked":["Force Field","Chaos"],"picked":"Gash","floor":14},{"not_picked":["Rainbow","Fission"],"picked":"Seek","floor":16},{"not_picked":["Beam Cell","Ball Lightning"],"picked":"Chaos+1","floor":18},{"not_picked":["Barrage","Genetic Algorithm"],"picked":"Leap+1","floor":20},{"not_picked":["Compile Driver","Meteor Strike"],"picked":"Hologram","floor":22},{"not_picked":["Storm","Melter"],"picked":"Sunder+1","floor":23},{"not_picked":["Storm","Glacier"],"picked":"Conserve Battery","floor":24},{"not_picked":["Melter","Go for the Eyes"],"picked":"Stack","floor":25},{"not_picked":["Chaos+1","Auto Shields"],"picked":"Hologram","floor":31},{"not_picked":["Echo Form","Amplify"],"picked":"Multi-Cast","floor":33},{"not_picked":["Stack+1","Blizzard+1"],"picked":"Conserve Battery","floor":35},{"not_picked":["Ball Lightning","Force Field"],"picked":"Leap+1","floor":37},{"not_picked":["Tempest+1","White Noise+1"],"picked":"Stack","floor":38},{"not_picked":["Coolheaded","Barrage+1"],"picked":"Beam Cell","floor":39},{"not_picked":["Defragment","Go for the Eyes"],"picked":"Steam Power+1","floor":41},{"not_picked":["Double Energy","Hello World+1","Capacitor+1"],"picked":"SKIP","floor":44},{"not_picked":["Rebound+1","Conserve Battery","Redo"],"picked":"SKIP","floor":48}],"player_experience":249638,"relics_obtained":[{"floor":6,"key":"Bag of Preparation"},{"floor":9,"key":"Smiling Mask"},{"floor":10,"key":"Anchor"},{"floor":12,"key":"Ornamental Fan"},{"floor":23,"key":"Calipers"},{"floor":23,"key":"Bottled Flame"},{"floor":25,"key":"Letter Opener"},{"floor":25,"key":"Ancient Tea Set"},{"floor":26,"key":"Dodecahedron"},{"floor":41,"key":"StoneCalendar"},{"floor":41,"key":"Potion Belt"},{"floor":43,"key":"Lantern"}],"event_choices":[{"damage_healed":0,"gold_gain":0,"cards_transformed":["Strike_B"],"player_choice":"Change","damage_taken":0,"max_hp_gain":0,"max_hp_loss":0,"event_name":"Living Wall","floor":2,"gold_loss":0,"cards_obtained":["Multi-Cast"]},{"damage_healed":0,"gold_gain":0,"player_choice":"Entered Light","damage_taken":18,"max_hp_gain":0,"max_hp_loss":0,"event_name":"Shining Light","floor":4,"gold_loss":0,"cards_upgraded":["Defend_B","Defend_B"]},{"damage_healed":0,"gold_gain":0,"cards_transformed":["Strike_B"],"player_choice":"Transformed","damage_taken":0,"max_hp_gain":0,"max_hp_loss":0,"event_name":"Transmorgrifier","floor":7,"gold_loss":0,"cards_obtained":["Reinforced Body"]},{"damage_healed":0,"gold_gain":0,"player_choice":"Copied","damage_taken":0,"max_hp_gain":0,"max_hp_loss":0,"event_name":"Duplicator","floor":19,"gold_loss":0,"cards_obtained":["Gash"]},{"damage_healed":0,"gold_gain":0,"player_choice":"Obtained Book","damage_taken":16,"max_hp_gain":0,"max_hp_loss":0,"event_name":"Cursed Tome","floor":30,"gold_loss":0},{"damage_healed":0,"gold_gain":0,"cards_transformed":["Defend_B"],"player_choice":"Transformed","damage_taken":0,"max_hp_gain":0,"max_hp_loss":0,"event_name":"Transmorgrifier","floor":36,"gold_loss":0,"cards_obtained":["Doom and Gloom"]},{"damage_healed":0,"gold_gain":0,"player_choice":"Memory 1","damage_taken":0,"max_hp_gain":0,"max_hp_loss":0,"event_name":"SensoryStone","floor":47,"gold_loss":0}],"is_beta":false,"boss_relics":[{"not_picked":["Coffee Dripper","White Beast Statue"],"picked":"Black Star"},{"not_picked":["Velvet Choker","Fusion Hammer"],"picked":"Runic Pyramid"}],"items_purged_floors":[21,28,42],"is_endless":false,"potions_floor_spawned":[1,6,10,12,20,22,31,35,41],"ascension_level":7}