{"gold_per_floor":[119,138,151,101,101,101,129,145,225,238,248,281,206,216,216,311,311,326,344,308,308,324,324,359,370,445,477,477,497,497,412,412,513,513,533,543,643,653,653,680,729,729,729,729,729],"floor_reached":45,"playtime":3889,"items_purged":["Defend_B"],"score":644,"play_id":"ab63eaca-cc3d-497b-80a2-515e3bdfb979","local_time":"20190228221136","is_ascension_mode":true,"campfire_choices":[{"data":"Zap","floor":6,"key":"SMITH"},{"floor":15,"key":"REST"},{"floor":23,"key":"REST"},{"floor":28,"key":"REST"},{"data":"Dualcast","floor":32,"key":"SMITH"},{"floor":42,"key":"RECALL"},{"data":"Ghostly","floor":44,"key":"SMITH"}],"neow_cost":"NONE","seed_source_timestamp":110481817017678,"circlet_count":0,"master_deck":["Defend_B","Defend_B","Zap+1","Dualcast+1","Ball Lightning","Genetic Algorithm","Rip and Tear","Ball Lightning","Capacitor","Auto Shields","Biased Cognition","Undo","Ball Lightning","Glacier","Echo Form","Leap+1","Ghostly+1","Ghostly","Ghostly","Ghostly","Ghostly","Amplify","Core Surge","Compile Driver+1","Cold Snap"],"relics":["Cracked Core","Emotion Chip","Singing Bowl","Omamori","Empty Cage","Du-Vu Doll","Tiny Chest","Question Card","Strawberry","Philosopher\u0027s Stone","Mango","Orichalcum","Girya"],"potions_floor_usage":[11,16,24,45],"damage_taken":[{"damage":2,"enemies":"2 Louse","floor":1,"turns":2},{"damage":2,"enemies":"Jaw Worm","floor":2,"turns":4},{"damage":0,"enemies":"Cultist","floor":3,"turns":3},{"damage":22,"enemies":"Lagavulin","floor":7,"turns":6},{"damage":11,"enemies":"Lots of Slimes","floor":8,"turns":2},{"damage":0,"enemies":"Looter","floor":10,"turns":2},{"damage":2,"enemies":"Large Slime","floor":11,"turns":3},{"damage":3,"enemies":"Gremlin Nob","floor":12,"turns":3},{"damage":5,"enemies":"3 Louse","floor":14,"turns":3},{"damage":31,"enemies":"Hexaghost","floor":16,"turns":8},{"damage":7,"enemies":"Shell Parasite","floor":18,"turns":4},{"damage":14,"enemies":"3 Byrds","floor":19,"turns":3},{"damage":4,"enemies":"Snecko","floor":22,"turns":5},{"damage":35,"enemies":"Slavers","floor":24,"turns":4},{"damage":8,"enemies":"Snake Plant","floor":25,"turns":3},{"damage":25,"enemies":"Gremlin Leader","floor":27,"turns":7},{"damage":14,"enemies":"Centurion and Healer","floor":29,"turns":6},{"damage":2,"enemies":"Automaton","floor":33,"turns":9},{"damage":1,"enemies":"3 Darklings","floor":35,"turns":8},{"damage":12,"enemies":"Orb Walker","floor":36,"turns":4},{"damage":0,"enemies":"Mind Bloom Boss Battle","floor":37,"turns":8},{"damage":0,"enemies":"Maw","floor":38,"turns":7},{"damage":17,"enemies":"Nemesis","floor":40,"turns":11},{"damage":2,"enemies":"2 Orb Walkers","floor":41,"turns":8},{"damage":40,"enemies":"Giant Head","floor":45,"turns":6}],"seed_played":"-5813423617811997249","potions_obtained":[{"floor":1,"key":"Explosive Potion"},{"floor":7,"key":"EssenceOfSteel"},{"floor":8,"key":"Dexterity Potion"},{"floor":11,"key":"FearPotion"},{"floor":16,"key":"FearPotion"},{"floor":18,"key":"Regen Potion"},{"floor":33,"key":"SkillPotion"},{"floor":36,"key":"Ancient Potion"}],"is_trial":false,"path_per_floor":["M","M","M","?","?","R","E","M","T","M","M","E","$","M","R","B",null,"M","M","$","?","M","R","E","M","T","E","R","M","?","?","R","B",null,"M","M","?","M","?","E","?","R","T","R","E"],"character_chosen":"DEFECT","items_purchased":["Undo"],"campfire_rested":3,"item_purchase_floors":[20],"current_hp_per_floor":[73,71,71,71,64,64,42,31,31,31,31,28,28,25,48,17,64,59,47,47,47,43,67,44,38,38,13,38,24,24,31,31,29,44,45,33,47,49,49,32,32,32,32,32,0],"gold":729,"neow_bonus":"REMOVE_CARD","is_prod":false,"is_daily":false,"chose_seed":false,"campfire_upgraded":3,"win_rate":0,"timestamp":1551413496,"path_taken":["M","M","M","?","?","R","E","M","T","?","M","E","?","M","R","BOSS","M","?","$","?","M","R","E","M","T","E","R","M","?","?","R","BOSS","M","M","?","M","?","E","?","R","T","R","E"],"build_version":"2019-01-23","purchased_purges":1,"victory":false,"max_hp_per_floor":[75,75,75,75,75,75,75,75,75,75,77,77,77,79,79,79,79,81,83,83,83,83,83,83,85,85,85,85,85,42,49,49,49,49,51,51,65,67,67,67,69,69,69,69,69],"card_choices":[{"not_picked":["Static Discharge","Chaos"],"picked":"Ball Lightning","floor":1},{"not_picked":["Conserve Battery","Go for the Eyes"],"picked":"Genetic Algorithm","floor":2},{"not_picked":["Aggregate","Static Discharge"],"picked":"Rip and Tear","floor":3},{"not_picked":["Hologram","Reboot"],"picked":"Ball Lightning","floor":7},{"not_picked":["Recycle","Consume","Sweeping Beam"],"picked":"SKIP","floor":8},{"not_picked":["Chaos","Barrage"],"picked":"Capacitor","floor":10},{"not_picked":["Turbo","Loop","Ball Lightning"],"picked":"Singing Bowl","floor":11},{"not_picked":["Hologram","Compile Driver"],"picked":"Auto Shields","floor":12},{"not_picked":["Tempest","Streamline","Chaos"],"picked":"Singing Bowl","floor":14},{"not_picked":["Core Surge","Amplify"],"picked":"Biased Cognition","floor":16},{"not_picked":["White Noise","Cold Snap","Hologram"],"picked":"Singing Bowl","floor":18},{"not_picked":["Go for the Eyes","Streamline","Redo"],"picked":"Singing Bowl","floor":19},{"not_picked":["Gash","Hologram"],"picked":"Ball Lightning","floor":22},{"not_picked":["Tempest","Creative AI"],"picked":"Glacier","floor":24},{"not_picked":["Redo","Ball Lightning","Loop"],"picked":"Singing Bowl","floor":25},{"not_picked":["Conserve Battery","Biased Cognition"],"picked":"Echo Form","floor":27},{"not_picked":["Hologram","Sweeping Beam","Compile Driver"],"picked":"Leap+1","floor":29},{"not_picked":["Machine Learning","Echo Form","Biased Cognition"],"picked":"Amplify","floor":33},{"not_picked":["Steam+1","White Noise","Go for the Eyes+1","Gash+1"],"picked":"Singing Bowl","floor":35},{"not_picked":["Sweeping Beam","BootSequence+1","Steam+1"],"picked":"Core Surge","floor":36},{"not_picked":["Rebound","Chill","Beam Cell+1"],"picked":"Compile Driver+1","floor":37},{"not_picked":["Beam Cell+1","Barrage+1","Heatsinks","Recycle"],"picked":"Singing Bowl","floor":38},{"not_picked":["Blizzard","Auto Shields","Doom and Gloom"],"picked":"Cold Snap","floor":40},{"not_picked":["Barrage","Gash","Recycle","Storm+1"],"picked":"Singing Bowl","floor":41}],"player_experience":498638,"relics_obtained":[{"floor":7,"key":"Emotion Chip"},{"floor":9,"key":"Singing Bowl"},{"floor":12,"key":"Omamori"},{"floor":24,"key":"Du-Vu Doll"},{"floor":26,"key":"Tiny Chest"},{"floor":27,"key":"Question Card"},{"floor":37,"key":"Mango"},{"floor":40,"key":"Orichalcum"},{"floor":41,"key":"Girya"}],"event_choices":[{"cards_removed":["Strike_B"],"damage_healed":0,"gold_gain":0,"player_choice":"Card Removal","damage_taken":0,"max_hp_gain":0,"max_hp_loss":0,"event_name":"The Cleric","floor":4,"gold_loss":50},{"cards_removed":["Defend_B"],"damage_healed":0,"gold_gain":0,"player_choice":"Card Removal","damage_taken":7,"max_hp_gain":0,"max_hp_loss":0,"event_name":"Golden Wing","floor":5,"gold_loss":0},{"damage_healed":0,"gold_gain":0,"player_choice":"Smashed Altar","damage_taken":0,"max_hp_gain":0,"max_hp_loss":0,"event_name":"Forgotten Altar","floor":21,"gold_loss":0,"cards_obtained":["Decay"]},{"damage_healed":0,"gold_gain":0,"player_choice":"Became a Ghost","damage_taken":0,"max_hp_gain":0,"max_hp_loss":43,"event_name":"Ghosts","floor":30,"gold_loss":0,"cards_obtained":["Ghostly","Ghostly","Ghostly","Ghostly","Ghostly"]},{"damage_healed":0,"gold_gain":0,"player_choice":"Obtained Relic","damage_taken":0,"relics_obtained":["Strawberry"],"max_hp_gain":0,"max_hp_loss":0,"event_name":"Addict","floor":31,"gold_loss":85},{"damage_healed":0,"gold_gain":0,"player_choice":"Fight","damage_taken":0,"max_hp_gain":0,"max_hp_loss":0,"event_name":"MindBloom","floor":37,"gold_loss":0},{"damage_healed":0,"gold_gain":0,"player_choice":"Ignored","damage_taken":0,"max_hp_gain":0,"max_hp_loss":0,"event_name":"Tomb of Lord Red Mask","floor":39,"gold_loss":0},{"damage_healed":0,"gold_gain":0,"player_choice":"Fight","damage_taken":0,"max_hp_gain":0,"max_hp_loss":0,"event_name":"Mysterious Sphere","floor":41,"gold_loss":0}],"is_beta":false,"boss_relics":[{"not_picked":["White Beast Statue","Coffee Dripper"],"picked":"Empty Cage"},{"not_picked":["Runic Dome","Inserter"],"picked":"Philosopher\u0027s Stone"}],"items_purged_floors":[13],"is_endless":false,"potions_floor_spawned":[1,7,8,11,14,16,18,19,33,36,37,38],"killed_by":"Giant Head","ascension_level":5}