{"gold_per_floor":[116,116,133,133,153,186,186,111,111,111,143,143,176,196,196,196],"floor_reached":16,"playtime":567,"items_purged":[],"score":230,"play_id":"6c9ac77f-b09c-4684-b2d5-85a60892d3b8","local_time":"20180913131154","is_ascension_mode":true,"campfire_choices":[{"data":"Bash","floor":7,"key":"SMITH"},{"data":"Thunderclap","floor":10,"key":"SMITH"},{"floor":15,"key":"REST"}],"neow_cost":"NONE","seed_source_timestamp":2501238858392025,"circlet_count":0,"master_deck":["Strike_R","Strike_R","Strike_R","Strike_R","Strike_R","Defend_R","Defend_R","Defend_R","Defend_R","Bash+1","AscendersBane","Thunderclap+1","Shrug It Off+1","Warcry+1","True Grit+1","Armaments+1","Shrug It Off+1"],"relics":["Burning Blood","NeowsBlessing","WarpedTongs","Toxic Egg 2","Bottled Lightning","Pear","Prayer Wheel","Omamori"],"potions_floor_usage":[6,13],"damage_taken":[{"damage":0,"enemies":"2 Louse","floor":1,"turns":1},{"damage":1,"enemies":"Cultist","floor":3,"turns":1},{"damage":0,"enemies":"Small Slimes","floor":5,"turns":1},{"damage":17,"enemies":"3 Sentries","floor":6,"turns":8},{"damage":32,"enemies":"Gremlin Nob","floor":11,"turns":4},{"damage":29,"enemies":"Lagavulin","floor":13,"turns":7},{"damage":8,"enemies":"Exordium Thugs","floor":14,"turns":4},{"damage":65,"enemies":"Slime Boss","floor":16,"turns":8}],"seed_played":"7442240473022569937","potions_obtained":[{"floor":1,"key":"AttackPotion"},{"floor":3,"key":"Explosive Potion"},{"floor":11,"key":"Dexterity Potion"}],"is_trial":false,"path_per_floor":["M","?","M","?","M","E","R","?","T","R","E","?","E","M","R"],"character_chosen":"IRONCLAD","items_purchased":[],"campfire_rested":1,"item_purchase_floors":[],"current_hp_per_floor":[74,74,75,75,75,64,64,64,74,74,48,48,25,23,48,0],"gold":196,"neow_bonus":"THREE_ENEMY_KILL","is_prod":false,"is_daily":false,"chose_seed":false,"campfire_upgraded":2,"win_rate":0,"timestamp":1536840714,"path_taken":["M","?","M","?","?","E","R","?","T","R","E","?","E","M","R","BOSS"],"build_version":"2018-09-06","purchased_purges":0,"victory":false,"max_hp_per_floor":[75,75,75,75,75,75,75,75,85,85,85,85,85,85,85,85],"card_choices":[{"not_picked":["Intimidate","Rage","Havoc"],"picked":"SKIP","floor":1},{"not_picked":["Warcry","Entrench"],"picked":"Thunderclap","floor":3},{"not_picked":["Fire Breathing","Clothesline"],"picked":"Shrug It Off+1","floor":5},{"not_picked":["Headbutt","Anger","Iron Wave"],"picked":"SKIP","floor":6},{"not_picked":["Wild Strike","Heavy Blade"],"picked":"Warcry+1","floor":11},{"not_picked":["Shockwave+1","Uppercut"],"picked":"True Grit+1","floor":13},{"not_picked":["Sword Boomerang","Thunderclap"],"picked":"Armaments+1","floor":14},{"not_picked":["Carnage","Blood for Blood"],"picked":"Shrug It Off+1","floor":14}],"player_experience":349206,"relics_obtained":[{"floor":6,"key":"Bottled Lightning"},{"floor":9,"key":"Pear"},{"floor":11,"key":"Prayer Wheel"},{"floor":13,"key":"Omamori"}],"event_choices":[{"event_name":"Accursed Blacksmith","player_choice":"Rummage","floor":2,"damage_taken":0},{"event_name":"WeMeetAgain","player_choice":"Potion","floor":4,"damage_taken":0},{"event_name":"The Cleric","player_choice":"Card Removal","floor":8,"damage_taken":0},{"event_name":"Shining Light","player_choice":"Ignored","floor":12,"damage_taken":0}],"is_beta":false,"boss_relics":[],"items_purged_floors":[],"is_endless":false,"potions_floor_spawned":[1,3,11],"killed_by":"Slime Boss","ascension_level":19}