{"gold_per_floor":[119,119,138,163,14,14,47,47,74,74,74,89,125,5,5,126,126,150,150,174,34,34,34,53,53],"floor_reached":25,"playtime":870,"items_purged":["Decay"],"score":334,"play_id":"895adb7d-2ae4-4b26-96dc-20d503912e42","local_time":"20190117171747","is_ascension_mode":true,"campfire_choices":[{"floor":6,"key":"REST"},{"floor":8,"key":"REST"},{"data":"Lockon","floor":11,"key":"SMITH"},{"floor":15,"key":"REST"},{"floor":23,"key":"REST"}],"neow_cost":"NONE","seed_source_timestamp":1986909178021604,"circlet_count":0,"master_deck":["AscendersBane","Strike_B+1","Strike_B","Strike_B","Strike_B","Defend_B","Defend_B","Defend_B","Defend_B","Zap","Dualcast","Parasite","Parasite","Sweeping Beam+1","Redo","Ball Lightning","Lockon+1","Parasite","Conserve Battery","Conserve Battery","Rebound","Reboot","Loop+1","Leap","Steam Power","Sweeping Beam","Stack"],"relics":["Calling Bell","Strawberry","Mummified Hand","Incense Burner","Bloody Idol","Whetstone","Regal Pillow","Orichalcum","Symbiotic Virus","Philosopher\u0027s Stone"],"potions_floor_usage":[16,20],"damage_taken":[{"damage":6,"enemies":"Cultist","floor":1,"turns":4},{"damage":24,"enemies":"Jaw Worm","floor":3,"turns":5},{"damage":10,"enemies":"2 Louse","floor":4,"turns":3},{"damage":54,"enemies":"Gremlin Nob","floor":7,"turns":5},{"damage":6,"enemies":"Lots of Slimes","floor":12,"turns":3},{"damage":44,"enemies":"Lagavulin","floor":13,"turns":6},{"damage":25,"enemies":"Hexaghost","floor":16,"turns":9},{"damage":17,"enemies":"Shell Parasite","floor":18,"turns":5},{"damage":22,"enemies":"3 Byrds","floor":20,"turns":4},{"damage":27,"enemies":"Centurion and Healer","floor":24,"turns":6},{"damage":49,"enemies":"Gremlin Leader","floor":25,"turns":6}],"seed_played":"3793918830810108692","potions_obtained":[{"floor":4,"key":"FairyPotion"},{"floor":12,"key":"Explosive Potion"},{"floor":13,"key":"EssenceOfSteel"},{"floor":16,"key":"Explosive Potion"}],"is_trial":false,"path_per_floor":["M","?","M","M","$","R","E","R","T","?","R","M","E","$","R","B",null,"M","?","M","$","?","R","M","E"],"character_chosen":"DEFECT","items_purchased":["Whetstone","Rebound","Steam Power","Sweeping Beam","SpeedPotion"],"campfire_rested":4,"item_purchase_floors":[5,14,21,21,21],"current_hp_per_floor":[69,69,45,35,35,57,3,40,40,59,59,53,9,9,46,21,62,45,45,23,23,23,60,38,0],"gold":53,"neow_bonus":"BOSS_RELIC","is_prod":false,"is_daily":false,"chose_seed":false,"campfire_upgraded":1,"win_rate":0,"timestamp":1547745467,"path_taken":["M","?","M","M","$","R","E","R","T","?","R","M","E","$","R","BOSS","M","?","?","?","?","R","M","E"],"build_version":"2019-01-10","purchased_purges":1,"victory":false,"max_hp_per_floor":[82,76,76,76,76,76,76,76,76,76,76,76,76,76,76,76,76,76,76,76,76,76,76,76,76],"card_choices":[{"not_picked":["Hologram","Redo"],"picked":"Sweeping Beam","floor":1},{"not_picked":["Turbo","Defragment"],"picked":"Redo","floor":3},{"not_picked":["Self Repair","FTL"],"picked":"Ball Lightning","floor":4},{"not_picked":["Storm","Turbo"],"picked":"Lockon","floor":7},{"not_picked":["Undo","Blizzard"],"picked":"Conserve Battery","floor":12},{"not_picked":["Skim","Stack"],"picked":"Conserve Battery","floor":13},{"not_picked":["Fission","Echo Form"],"picked":"Reboot","floor":16},{"not_picked":["Coolheaded","Beam Cell"],"picked":"Loop","floor":18},{"not_picked":["Beam Cell","Cold Snap"],"picked":"Leap","floor":20},{"not_picked":["Leap","Compile Driver"],"picked":"Stack","floor":24}],"player_experience":391409,"relics_obtained":[{"floor":0,"key":"Strawberry"},{"floor":0,"key":"Mummified Hand"},{"floor":0,"key":"Incense Burner"},{"floor":7,"key":"Regal Pillow"},{"floor":9,"key":"Orichalcum"},{"floor":13,"key":"Symbiotic Virus"}],"event_choices":[{"damage_healed":0,"gold_gain":0,"player_choice":"Lose Max HP","damage_taken":0,"relics_obtained":["Golden Idol"],"max_hp_gain":0,"max_hp_loss":6,"event_name":"Golden Idol","floor":2,"gold_loss":0},{"damage_healed":19,"gold_gain":0,"player_choice":"Healed and dodged fight","damage_taken":0,"max_hp_gain":0,"max_hp_loss":0,"event_name":"Mushrooms","floor":10,"gold_loss":0,"cards_obtained":["Parasite"]},{"damage_healed":0,"gold_gain":0,"player_choice":"Upgraded","damage_taken":0,"max_hp_gain":0,"max_hp_loss":0,"event_name":"Upgrade Shrine","floor":19,"gold_loss":0,"cards_upgraded":["Loop"]},{"damage_healed":0,"gold_gain":0,"player_choice":"Gave Idol","damage_taken":0,"relics_obtained":["Bloody Idol"],"max_hp_gain":0,"max_hp_loss":0,"event_name":"Forgotten Altar","floor":22,"relics_lost":["Golden Idol"],"gold_loss":0}],"is_beta":false,"boss_relics":[{"not_picked":["Snecko Eye","Runic Pyramid"],"picked":"Philosopher\u0027s Stone"}],"items_purged_floors":[14],"is_endless":false,"potions_floor_spawned":[4,12,13,16,18,24],"killed_by":"Gremlin Leader","ascension_level":12}