{"gold_per_floor":[110,110,124,27,38,38,56,82,161,28,38,38,70,84,84,184,184,203,32,51,70,81,81,93,93,93,93,93,25,25,25,25,120,120,135,135,148,148,158,158,189,189,189,205,220,0,0,12,12,12],"floor_reached":51,"playtime":1962,"items_purged":["Strike_B","Defend_B","Strike_B"],"score":1149,"play_id":"481d615e-f2b3-493a-8d97-413d475f5960","local_time":"20190430160749","is_ascension_mode":true,"campfire_choices":[{"data":"Doom and Gloom","floor":6,"key":"SMITH"},{"floor":12,"key":"DIG"},{"floor":15,"key":"DIG"},{"floor":23,"key":"DIG"},{"floor":25,"key":"REST"},{"floor":27,"key":"DIG"},{"floor":32,"key":"REST"},{"floor":40,"key":"DIG"},{"floor":42,"key":"DIG"},{"floor":47,"key":"REST"},{"floor":49,"key":"REST"}],"neow_cost":"NONE","seed_source_timestamp":546263612914876,"circlet_count":0,"master_deck":["Defend_B","Defend_B","Defend_B","Zap","Dualcast","Doom and Gloom+1","FTL","Leap","Seek","Loop+1","Conserve Battery","Creative AI","Consume","Cold Snap","Necronomicurse","Self Repair","Biased Cognition","Redo+1"],"relics":["Velvet Choker","Shovel","Letter Opener","Happy Flower","Mango","Ornamental Fan","Inserter","PreservedInsect","Meat on the Bone","Orichalcum","Necronomicon","Busted Crown","DataDisk","Bronze Scales","Bag of Marbles","Cables","Red Mask"],"potions_floor_usage":[8,13,33,33,41,44,45,50,50],"damage_taken":[{"damage":2,"enemies":"2 Louse","floor":1,"turns":2},{"damage":0,"enemies":"Cultist","floor":3,"turns":4},{"damage":7,"enemies":"Jaw Worm","floor":5,"turns":3},{"damage":0,"enemies":"3 Louse","floor":7,"turns":1},{"damage":6,"enemies":"Lagavulin","floor":8,"turns":7},{"damage":0,"enemies":"Blue Slaver","floor":11,"turns":3},{"damage":0,"enemies":"Gremlin Nob","floor":13,"turns":3},{"damage":0,"enemies":"Lots of Slimes","floor":14,"turns":2},{"damage":17,"enemies":"Slime Boss","floor":16,"turns":5},{"damage":7,"enemies":"Shell Parasite","floor":18,"turns":4},{"damage":0,"enemies":"Spheric Guardian","floor":20,"turns":3},{"damage":13,"enemies":"Snake Plant","floor":21,"turns":4},{"damage":21,"enemies":"3 Cultists","floor":22,"turns":4},{"damage":22,"enemies":"Snecko","floor":24,"turns":9},{"damage":24,"enemies":"Champ","floor":33,"turns":8},{"damage":18,"enemies":"3 Shapes","floor":35,"turns":4},{"damage":43,"enemies":"3 Darklings","floor":37,"turns":5},{"damage":21,"enemies":"Jaw Worm Horde","floor":39,"turns":4},{"damage":21,"enemies":"Giant Head","floor":41,"turns":6},{"damage":21,"enemies":"Spire Growth","floor":44,"turns":4},{"damage":32,"enemies":"Transient","floor":45,"turns":5},{"damage":0,"enemies":"Jaw Worm Horde","floor":48,"turns":2},{"damage":48,"enemies":"Donu and Deca","floor":50,"turns":9}],"seed_played":"-1150030221244328446","potions_obtained":[{"floor":3,"key":"Ancient Potion"},{"floor":5,"key":"EssenceOfSteel"},{"floor":11,"key":"Block Potion"},{"floor":16,"key":"SteroidPotion"},{"floor":20,"key":"FocusPotion"},{"floor":37,"key":"Ancient Potion"},{"floor":44,"key":"AttackPotion"},{"floor":45,"key":"Ancient Potion"},{"floor":48,"key":"Dexterity Potion"}],"is_trial":false,"path_per_floor":["M","?","M","$","M","R","M","E","T","$","M","R","E","M","R","B",null,"M","$","M","M","M","R","M","R","T","R","?","$","$","?","R","B",null,"M","$","M","?","M","R","E","R","T","M","M","?","R","M","R","B",null],"character_chosen":"DEFECT","items_purchased":["Leap","Loop","Cold Snap","Self Repair"],"campfire_rested":4,"item_purchase_floors":[4,10,19,29],"current_hp_per_floor":[66,66,66,66,59,59,59,53,53,53,53,53,67,67,67,50,79,72,72,72,59,38,38,16,42,42,42,26,26,26,26,52,47,79,68,68,44,44,42,42,40,40,40,38,25,25,51,58,84,48],"gold":12,"neow_bonus":"BOSS_RELIC","is_prod":false,"is_daily":false,"chose_seed":false,"campfire_upgraded":1,"win_rate":0,"timestamp":1556662069,"path_taken":["M","?","?","$","M","R","M","E","T","?","M","R","E","?","R","BOSS","M","?","M","M","M","R","M","R","T","R","?","?","$","?","R","BOSS","M","$","M","?","?","R","E","R","T","M","M","?","R","M","R","BOSS"],"build_version":"2019-04-23","purchased_purges":3,"victory":true,"max_hp_per_floor":[75,75,75,75,75,75,75,75,75,75,75,75,89,89,89,89,89,89,89,89,89,89,89,89,89,89,89,89,89,89,89,89,89,89,89,89,89,89,89,89,89,89,89,89,89,89,89,89,89,89],"card_choices":[{"not_picked":["Streamline","Redo","Stack"],"picked":"SKIP","floor":1},{"not_picked":["Streamline","Scrape"],"picked":"FTL","floor":3},{"not_picked":["Barrage","Melter","Redo"],"picked":"SKIP","floor":5},{"not_picked":["Hologram","Steam","Beam Cell"],"picked":"SKIP","floor":7},{"not_picked":["Scrape","Hologram"],"picked":"Seek","floor":8},{"not_picked":["Beam Cell","Force Field","Stack"],"picked":"SKIP","floor":11},{"not_picked":["Redo","Gash"],"picked":"Conserve Battery","floor":13},{"not_picked":["Skim","Heatsinks","Storm"],"picked":"SKIP","floor":14},{"not_picked":["Fission","Reboot"],"picked":"Creative AI","floor":16},{"not_picked":["Beam Cell+1","Redo"],"picked":"Consume","floor":18},{"not_picked":["Capacitor","Compile Driver","Scrape"],"picked":"SKIP","floor":20},{"not_picked":["Leap","Ball Lightning","Compile Driver"],"picked":"SKIP","floor":21},{"not_picked":["Streamline","Go for the Eyes","Beam Cell"],"picked":"SKIP","floor":22},{"not_picked":["Steam+1","Hologram","Double Energy"],"picked":"SKIP","floor":24},{"not_picked":["Seek","Amplify"],"picked":"Biased Cognition","floor":33},{"not_picked":[],"picked":"Redo+1","floor":35},{"not_picked":["Go for the Eyes"],"picked":"SKIP","floor":37},{"not_picked":["Leap"],"picked":"SKIP","floor":39},{"not_picked":["Leap"],"picked":"SKIP","floor":41},{"not_picked":["Steam"],"picked":"SKIP","floor":44},{"not_picked":["Static Discharge"],"picked":"SKIP","floor":45},{"not_picked":["Recycle+1"],"picked":"SKIP","floor":48}],"player_experience":576559,"relics_obtained":[{"floor":8,"key":"Shovel"},{"floor":9,"key":"Letter Opener"},{"floor":12,"key":"Happy Flower"},{"floor":13,"key":"Mango"},{"floor":15,"key":"Ornamental Fan"},{"floor":23,"key":"PreservedInsect"},{"floor":26,"key":"Meat on the Bone"},{"floor":27,"key":"Orichalcum"},{"floor":28,"key":"Necronomicon"},{"floor":40,"key":"DataDisk"},{"floor":41,"key":"Bronze Scales"},{"floor":42,"key":"Bag of Marbles"},{"floor":43,"key":"Cables"}],"event_choices":[{"damage_healed":0,"gold_gain":0,"cards_transformed":["Strike_B"],"player_choice":"Transformed","damage_taken":0,"max_hp_gain":0,"max_hp_loss":0,"event_name":"Transmorgrifier","floor":2,"gold_loss":0,"cards_obtained":["Doom and Gloom"]},{"damage_healed":0,"gold_gain":0,"player_choice":"Obtained Book","damage_taken":16,"max_hp_gain":0,"max_hp_loss":0,"event_name":"Cursed Tome","floor":28,"gold_loss":0},{"cards_removed":["Strike_B"],"damage_healed":0,"gold_gain":0,"player_choice":"Elegance","damage_taken":0,"max_hp_gain":0,"max_hp_loss":0,"event_name":"Back to Basics","floor":31,"gold_loss":0},{"damage_healed":0,"gold_gain":0,"player_choice":"Forge","damage_taken":0,"max_hp_gain":0,"max_hp_loss":0,"event_name":"Accursed Blacksmith","floor":38,"gold_loss":0,"cards_upgraded":["Loop"]},{"damage_healed":0,"gold_gain":0,"player_choice":"Paid","damage_taken":0,"relics_obtained":["Red Mask"],"max_hp_gain":0,"max_hp_loss":0,"event_name":"Tomb of Lord Red Mask","floor":46,"gold_loss":220}],"is_beta":true,"boss_relics":[{"not_picked":["Black Star","Tiny House"],"picked":"Inserter"},{"not_picked":["Runic Pyramid","White Beast Statue"],"picked":"Busted Crown"}],"items_purged_floors":[4,10,19],"is_endless":false,"potions_floor_spawned":[3,5,11,16,20,24,37,44,45,48],"ascension_level":9}