{"gold_per_floor":[113,125,125,139,151,151,101,101,126,126,137,137,151,164,164,268,268,283,296,117,117,133,158,158,177,254,254,254,266,266],"floor_reached":30,"playtime":2612,"items_purged":["Strike_R"],"score":319,"play_id":"0b2b44a0-0e3b-4796-8b90-81fb6b669c18","local_time":"20180704150251","is_ascension_mode":false,"campfire_choices":[{"data":"Flex","floor":6,"key":"SMITH"},{"data":"Bash","floor":8,"key":"SMITH"},{"data":"Iron Wave","floor":12,"key":"SMITH"},{"data":"Infernal Blade","floor":15,"key":"SMITH"},{"data":"Demon Form","floor":24,"key":"SMITH"},{"data":"Fire Breathing","floor":28,"key":"SMITH"}],"neow_cost":"NONE","seed_source_timestamp":1475099418054874,"circlet_count":0,"master_deck":["Strike_R","Strike_R","Strike_R+1","Defend_R","Defend_R+1","Defend_R+1","Bash+1","Flex+1","Iron Wave+1","Anger","Shrug It Off+1","Flame Barrier","Fire Breathing+1","Infernal Blade+1","Brutality","Anger+1","Whirlwind+1","Seeing Red","Demon Form+1"],"relics":["Burning Blood","Anchor","Strawberry","Black Star","Boot","War Paint","Pear"],"potions_floor_usage":[4,14,16,16,18,19,22,23],"damage_taken":[{"damage":8,"enemies":"Jaw Worm","floor":1,"turns":5},{"damage":0,"enemies":"Small Slimes","floor":2,"turns":4},{"damage":1,"enemies":"Cultist","floor":4,"turns":3},{"damage":6,"enemies":"Exordium Wildlife","floor":5,"turns":4},{"damage":4,"enemies":"Blue Slaver","floor":11,"turns":4},{"damage":3,"enemies":"Looter","floor":13,"turns":3},{"damage":0,"enemies":"Large Slime","floor":14,"turns":5},{"damage":4,"enemies":"Slime Boss","floor":16,"turns":5},{"damage":12,"enemies":"Spheric Guardian","floor":18,"turns":4},{"damage":23,"enemies":"Chosen","floor":19,"turns":6},{"damage":36,"enemies":"3 Cultists","floor":22,"turns":5},{"damage":32,"enemies":"Book of Stabbing","floor":23,"turns":6},{"damage":12,"enemies":"Centurion and Healer","floor":25,"turns":6},{"damage":18,"enemies":"Sentry and Sphere","floor":29,"turns":5},{"damage":14,"enemies":"Chosen and Byrds","floor":30,"turns":4}],"seed_played":"-978928545854863102","potions_obtained":[{"floor":2,"key":"EntropicBrew"},{"floor":13,"key":"Ancient Potion"},{"floor":14,"key":"SteroidPotion"},{"floor":18,"key":"SkillPotion"},{"floor":19,"key":"Weak Potion"}],"is_trial":false,"path_per_floor":["M","M","?","M","M","R","?","R","T","?","M","R","M","M","R","B",null,"M","M","$","?","M","E","R","M","T","?","R","M"],"character_chosen":"IRONCLAD","items_purchased":["Fruit Juice"],"campfire_rested":0,"item_purchase_floors":[20],"current_hp_per_floor":[78,80,85,85,85,85,85,85,92,74,76,76,79,85,85,87,92,86,69,69,69,44,18,18,12,22,22,22,10,0],"gold":266,"neow_bonus":"RANDOM_COMMON_RELIC","is_prod":false,"is_daily":false,"chose_seed":false,"campfire_upgraded":6,"win_rate":0,"timestamp":1530687771,"path_taken":["M","M","?","M","?","R","?","R","T","?","?","R","M","M","R","BOSS","M","?","?","?","M","E","R","M","T","?","R","M","M"],"build_version":"2018-06-28","purchased_purges":1,"victory":false,"max_hp_per_floor":[80,80,85,85,85,85,85,85,92,92,92,92,92,92,92,92,92,92,92,92,92,97,97,97,97,107,107,107,107,107],"card_choices":[{"not_picked":["Wild Strike","Warcry"],"picked":"Flex","floor":1},{"not_picked":["Cleave","Perfected Strike"],"picked":"Iron Wave","floor":2},{"not_picked":["Armaments","Intimidate"],"picked":"Anger","floor":4},{"not_picked":["Feel No Pain","Sword Boomerang"],"picked":"Shrug It Off","floor":5},{"not_picked":["Wild Strike","Perfected Strike"],"picked":"Flame Barrier","floor":11},{"not_picked":["Perfected Strike","Bloodletting"],"picked":"Fire Breathing","floor":13},{"not_picked":["Iron Wave","Flame Barrier"],"picked":"Infernal Blade","floor":14},{"not_picked":["Double Tap","Dark Embrace"],"picked":"Brutality","floor":16},{"not_picked":["Sword Boomerang","Perfected Strike"],"picked":"Anger+1","floor":18},{"not_picked":["Entrench+1","Wild Strike"],"picked":"Whirlwind+1","floor":19},{"not_picked":["Reckless Charge+1","Armaments"],"picked":"Seeing Red","floor":22},{"not_picked":["Corruption","Ghostly Armor"],"picked":"Demon Form","floor":23},{"not_picked":["Body Slam","Dropkick","Dual Wield"],"picked":"SKIP","floor":25},{"not_picked":["Clothesline","Dual Wield","Inflame"],"picked":"SKIP","floor":29}],"player_experience":56964,"relics_obtained":[{"floor":9,"key":"Strawberry"},{"floor":23,"key":"Boot"},{"floor":23,"key":"War Paint"},{"floor":26,"key":"Pear"}],"event_choices":[{"event_name":"Big Fish","player_choice":"Donut","floor":3,"damage_taken":0},{"event_name":"The Cleric","player_choice":"Card Removal","floor":7,"damage_taken":0},{"event_name":"Shining Light","player_choice":"Entered Light","floor":10,"damage_taken":0},{"event_name":"Purifier","player_choice":"One Purge","floor":21,"damage_taken":0},{"event_name":"Ghosts","player_choice":"Ignored","floor":27,"damage_taken":0}],"boss_relics":[{"not_picked":["Astrolabe","Calling Bell"],"picked":"Black Star"}],"items_purged_floors":[20],"is_endless":false,"potions_floor_spawned":[2,13,14,18,19],"killed_by":"Chosen and Byrds","ascension_level":0}