{"path_per_floor":["M","M","?","$","?","E","R","$","T","R","M","M","E","$","R","B",null,"M","$","M","M","?","E","M","M","T","?","?","R","M","M","R","B",null,"M","$","?","?","?","R","E","M","T","E","?","R","M","?","R","B"],"character_chosen":"THE_SILENT","items_purchased":["Apotheosis","Leg Sweep","Concentrate","Riddle With Holes"],"gold_per_floor":[109,125,200,19,19,52,52,52,52,52,70,82,111,36,36,140,140,154,16,33,44,44,74,86,106,133,133,133,133,151,165,165,270,270,283,45,45,94,94,94,125,142,142,167,167,167,187,0,0,0],"floor_reached":51,"campfire_rested":6,"playtime":3013,"current_hp_per_floor":[63,54,43,43,43,23,44,44,44,65,56,56,56,56,56,31,60,54,54,54,54,54,39,39,39,39,39,39,60,46,48,69,65,69,70,70,61,56,56,56,35,37,51,46,46,71,54,54,79,61],"items_purged":["Strike_G","Defend_G","Strike_G"],"gold":0,"score":1016,"play_id":"0ff8b4ce-c199-4eff-8d14-b614173a762e","local_time":"20180406171944","is_prod":false,"is_daily":false,"is_ascension_mode":true,"campfire_upgraded":1,"timestamp":1523056784,"path_taken":["M","M","?","$","?","E","R","$","T","R","?","M","E","?","R","BOSS","M","$","M","M","?","E","M","M","T","?","?","R","M","M","R","BOSS","M","$","?","?","?","R","E","M","T","E","?","R","M","?","R","BOSS"],"build_version":"2018-04-05","purchased_purges":3,"victory":true,"master_deck":["Defend_G","Defend_G","Defend_G","Strike_G","Survivor","Neutralize","Infinite Blades+1","Bouncing Flask","Apotheosis","Blade Dance","Choke","Predator","Night Terror","Malaise","Leg Sweep","Cloak And Dagger+1","Cloak And Dagger","Bouncing Flask","Infinite Blades+1","Predator","Bullet Time","Concentrate","Riddle With Holes","Madness","Madness","Cloak And Dagger+1","Choke+1","Regret","Dagger Spray"],"max_hp_per_floor":[70,70,70,70,70,70,70,70,70,70,70,70,70,70,70,70,70,70,70,70,70,70,70,70,70,70,70,70,70,70,70,70,70,70,70,70,70,70,70,70,70,70,84,84,84,84,84,84,84,84],"relics":["Snecko Eye","Dead Branch","Thread and Needle","Letter Opener","Sozu","Anchor","Blood Vial","Cursed Key","Peace Pipe","Matryoshka","Tough Bandages","Mango","Shovel","Red Mask"],"card_choices":[{"not_picked":["Masterful Stab","Backflip"],"picked":"Infinite Blades","floor":1},{"not_picked":["Outmaneuver","Acrobatics"],"picked":"Bouncing Flask","floor":2},{"not_picked":["Dagger Spray","Dodge and Roll"],"picked":"Blade Dance","floor":11},{"not_picked":["Poisoned Stab","Sucker Punch"],"picked":"Choke","floor":12},{"not_picked":["Catalyst","Tools of the Trade"],"picked":"Predator","floor":13},{"not_picked":["Glass Knife","Unload"],"picked":"Night Terror","floor":16},{"not_picked":["Dagger Throw","Outmaneuver"],"picked":"Malaise","floor":18},{"not_picked":["Flying Knee","Distraction"],"picked":"Cloak And Dagger","floor":20},{"not_picked":["Corpse Explosion","Deadly Poison"],"picked":"Cloak And Dagger","floor":23},{"not_picked":["Prepared","Dagger Throw"],"picked":"Bouncing Flask","floor":25},{"not_picked":["Flying Knee","Deflect"],"picked":"Predator","floor":31},{"not_picked":["Glass Knife","Unload"],"picked":"Bullet Time","floor":33},{"not_picked":["Catalyst","Concentrate"],"picked":"Cloak And Dagger","floor":38},{"not_picked":["Cloak And Dagger","Skewer"],"picked":"Choke","floor":41}],"player_experience":280257,"potions_floor_usage":[6,11,50],"damage_taken":[{"damage":0,"enemies":"Cultist","floor":1,"turns":5},{"damage":9,"enemies":"2 Louse","floor":2,"turns":3},{"damage":20,"enemies":"Gremlin Nob","floor":6,"turns":5},{"damage":9,"enemies":"Jaw Worm","floor":11,"turns":4},{"damage":0,"enemies":"Looter","floor":12,"turns":4},{"damage":0,"enemies":"Lagavulin","floor":13,"turns":5},{"damage":25,"enemies":"Hexaghost","floor":16,"turns":6},{"damage":6,"enemies":"Spheric Guardian","floor":18,"turns":3},{"damage":0,"enemies":"3 Byrds","floor":20,"turns":3},{"damage":0,"enemies":"Snecko","floor":21,"turns":4},{"damage":15,"enemies":"Slavers","floor":23,"turns":4},{"damage":0,"enemies":"3 Cultists","floor":24,"turns":4},{"damage":0,"enemies":"Chosen and Byrds","floor":25,"turns":3},{"damage":16,"enemies":"Cultist and Chosen","floor":30,"turns":5},{"damage":0,"enemies":"3 Cultists","floor":31,"turns":3},{"damage":5,"enemies":"Champ","floor":33,"turns":6},{"damage":0,"enemies":"3 Shapes","floor":35,"turns":3},{"damage":7,"enemies":"Mysterious Sphere","floor":38,"turns":3},{"damage":23,"enemies":"2 Orb Walkers","floor":41,"turns":4},{"damage":0,"enemies":"Orb Walker","floor":42,"turns":3},{"damage":7,"enemies":"Nemesis","floor":44,"turns":4},{"damage":19,"enemies":"Maw","floor":47,"turns":5},{"damage":20,"enemies":"Time Eater","floor":50,"turns":9}],"event_choices":[{"event_name":"World of Goop","player_choice":"Gather Gold","floor":3,"damage_taken":0},{"event_name":"Living Wall","player_choice":"Forget","floor":5,"damage_taken":0},{"event_name":"Drug Dealer","player_choice":"Ignored","floor":22,"damage_taken":0},{"event_name":"Duplicator","player_choice":"One dupe","floor":27,"damage_taken":0},{"event_name":"N\u0027loth","player_choice":"Ignored","floor":28,"damage_taken":0},{"event_name":"Winding Halls","player_choice":"Embrace Madness","floor":37,"damage_taken":0},{"event_name":"Mysterious Sphere","player_choice":"Fight","floor":38,"damage_taken":0},{"event_name":"Match and Keep!","player_choice":"1 cards matched","floor":45,"damage_taken":0},{"event_name":"Tomb of Lord Red Mask","player_choice":"Paid","floor":48,"damage_taken":0}],"boss_relics":[{"not_picked":["Velvet Choker","Astrolabe"],"picked":"Sozu"},{"not_picked":["Black Star","Lizard Tail"],"picked":"Cursed Key"}],"potions_floor_spawned":[1,2,11,20,23,24,30,31,38,42],"seed_played":"-3777545932882888308","ascension_level":8,"is_trial":false}