{"path_per_floor":["?","?","?","?","?","?","?","?","?","?","?","?","?","?","?","B",null,"?","?","?","?","?","?","?","?","?","?","?","?","?","?","?","B",null,"?","?","?","?","?","?","?","?","?","?","?","?","?","?","?","B"],"character_chosen":"IRONCLAD","items_purchased":["Ice Cream","Anchor","Flash of Steel","Bag of Preparation"],"gold_per_floor":[114,129,144,159,174,204,219,249,324,324,399,414,414,429,429,529,529,544,559,574,574,574,574,489,504,579,609,624,639,34,64,64,164,164,179,179,179,179,194,224,239,39,89,104,119,119,134,164,164,164],"floor_reached":51,"campfire_rested":4,"playtime":3449,"current_hp_per_floor":[80,80,80,70,71,61,67,56,56,56,56,45,62,65,65,39,87,87,80,76,60,60,60,60,61,61,45,35,32,32,36,54,50,97,83,103,103,103,82,73,56,56,62,55,41,79,75,76,116,73],"items_purged":["Injury","Strike_R"],"gold":164,"score":690,"play_id":"9955bf0c-9d3e-4222-b7d6-924c17ee7b50","local_time":"20180308160022","daily_mods":[{"name":"Shiny","description":"Start with 1 Rare card.","modID":"Shiny","img":{"data":{"file":{"file":{"path":"images\\ui\\run_mods\\shiny.png"},"type":"Internal"},"width":64,"height":64,"format":"RGBA8888","useMipMaps":false,"isPrepared":false},"glTarget":3553,"glHandle":682,"minFilter":"Linear","magFilter":"Linear","uWrap":"ClampToEdge","vWrap":"ClampToEdge"},"positive":true},{"name":"Uncertain Future","description":"The map shows only ?.","modID":"Uncertain Future","img":{"data":{"file":{"file":{"path":"images\\ui\\run_mods\\uncertain_future.png"},"type":"Internal"},"width":64,"height":64,"format":"RGBA8888","useMipMaps":false,"isPrepared":false},"glTarget":3553,"glHandle":679,"minFilter":"Linear","magFilter":"Linear","uWrap":"ClampToEdge","vWrap":"ClampToEdge"},"positive":false},{"name":"Night Terrors","description":"Resting at Rest Sites heals 20% of your HP, rather than 30%.","modID":"Night Terrors","img":{"data":{"file":{"file":{"path":"images\\ui\\run_mods\\night_terrors.png"},"type":"Internal"},"width":64,"height":64,"format":"RGBA8888","useMipMaps":false,"isPrepared":false},"glTarget":3553,"glHandle":678,"minFilter":"Linear","magFilter":"Linear","uWrap":"ClampToEdge","vWrap":"ClampToEdge"},"positive":false},{"name":"Vintage","description":"The Merchant\u0027s prices are increased by 25%.","modID":"Vintage","img":{"data":{"file":{"file":{"path":"images\\ui\\run_mods\\vintage.png"},"type":"Internal"},"width":64,"height":64,"format":"RGBA8888","useMipMaps":false,"isPrepared":false},"glTarget":3553,"glHandle":677,"minFilter":"Linear","magFilter":"Linear","uWrap":"ClampToEdge","vWrap":"ClampToEdge"},"positive":false}],"is_prod":false,"is_daily":true,"is_ascension_mode":false,"campfire_upgraded":2,"timestamp":1520524822,"path_taken":["?","?","?","?","?","?","?","?","?","?","?","?","?","?","?","BOSS","?","?","?","?","?","?","?","?","?","?","?","?","?","?","?","BOSS","?","?","?","?","?","?","?","?","?","?","?","?","?","?","?","BOSS"],"build_version":"2018-03-01-PROD1","purchased_purges":2,"victory":true,"master_deck":["Strike_R","Strike_R","Strike_R","Strike_R","Defend_R","Defend_R","Defend_R","Defend_R","Bash","Demon Form","Heavy Blade+1","Cleave","Shrug It Off","Thunderclap","Offering","Shrug It Off","Metallicize","Flex+1","Necronomicurse","Headbutt","Bloodletting+1","Flash of Steel","Double Tap","Spot Weakness+1","Seeing Red","Whirlwind","Shrug It Off+1","Flex+1","Pain","Heavy Blade+1"],"max_hp_per_floor":[80,80,80,80,80,87,87,87,87,87,87,87,87,87,87,87,87,87,87,87,87,87,87,87,89,89,91,91,91,91,93,93,93,97,97,103,103,103,105,107,107,107,113,113,115,115,117,119,121,121],"relics":["Burning Blood","Strawberry","The Courier","Toolbox","Shuriken","Cursed Key","Necronomicon","Singing Bowl","Smiling Mask","Darkstone Periapt","Ice Cream","Anchor","Pen Nib","Orrery","Dead Branch","Bag of Preparation","Regal Pillow","Dream Catcher"],"card_choices":[{"not_picked":["Anger","Iron Wave"],"picked":"Heavy Blade"},{"not_picked":["Sword Boomerang","Clash"],"picked":"Cleave"},{"not_picked":["Carnage","Twin Strike"],"picked":"Shrug It Off"},{"not_picked":["Anger","Pommel Strike"],"picked":"Thunderclap"},{"not_picked":["Immolate","Brutality"],"picked":"Offering"},{"not_picked":["Clash","Infernal Blade"],"picked":"Shrug It Off"},{"not_picked":["Anger","Seeing Red"],"picked":"Metallicize"},{"not_picked":["Havoc","Uppercut"],"picked":"Flex"},{"not_picked":["Feel No Pain","Carnage"],"picked":"Headbutt"},{"not_picked":["Ghostly Armor","Armaments"],"picked":"Bloodletting"},{"not_picked":["Barricade","Immolate"],"picked":"Double Tap"},{"not_picked":["True Grit","Flex"],"picked":"Spot Weakness"},{"not_picked":["Rupture","Dual Wield"],"picked":"Seeing Red"},{"not_picked":["Cleave","Rage"],"picked":"Whirlwind"},{"not_picked":["Spot Weakness","Dark Embrace"],"picked":"Shrug It Off"},{"not_picked":["Shrug It Off","Thunderclap"],"picked":"Flex"},{"not_picked":["Warcry","Flame Barrier"],"picked":"Heavy Blade"}],"player_experience":224335,"potions_floor_usage":[6,7,8,16,31,33,33,50,50],"damage_taken":[{"damage":2,"enemies":"2 Louse","floor":1,"turns":4},{"damage":1,"enemies":"Cultist","floor":2,"turns":3},{"damage":1,"enemies":"Jaw Worm","floor":3,"turns":5},{"damage":16,"enemies":"Exordium Wildlife","floor":4,"turns":4},{"damage":5,"enemies":"2 Fungi Beasts","floor":5,"turns":4},{"damage":23,"enemies":"Lagavulin","floor":6,"turns":8},{"damage":0,"enemies":"Blue Slaver","floor":7,"turns":6},{"damage":17,"enemies":"3 Sentries","floor":8,"turns":6},{"damage":17,"enemies":"Large Slime","floor":12,"turns":5},{"damage":3,"enemies":"2 Fungi Beasts","floor":14,"turns":4},{"damage":32,"enemies":"Slime Boss","floor":16,"turns":9},{"damage":6,"enemies":"Spheric Guardian","floor":18,"turns":3},{"damage":13,"enemies":"2 Thieves","floor":19,"turns":4},{"damage":10,"enemies":"3 Cultists","floor":20,"turns":3},{"damage":7,"enemies":"Centurion and Healer","floor":25,"turns":4},{"damage":24,"enemies":"Slavers","floor":27,"turns":6},{"damage":16,"enemies":"Snake Plant","floor":28,"turns":2},{"damage":9,"enemies":"Cultist and Chosen","floor":29,"turns":2},{"damage":4,"enemies":"Book of Stabbing","floor":31,"turns":3},{"damage":10,"enemies":"Automaton","floor":33,"turns":6},{"damage":23,"enemies":"3 Shapes","floor":35,"turns":4},{"damage":29,"enemies":"3 Darklings","floor":39,"turns":4},{"damage":17,"enemies":"Giant Head","floor":40,"turns":4},{"damage":27,"enemies":"Maw","floor":41,"turns":4},{"damage":13,"enemies":"Sphere and 2 Shapes","floor":44,"turns":3},{"damage":22,"enemies":"4 Shapes","floor":45,"turns":2},{"damage":12,"enemies":"Maw","floor":47,"turns":4},{"damage":7,"enemies":"Nemesis","floor":48,"turns":5},{"damage":49,"enemies":"Time Eater","floor":50,"turns":5}],"event_choices":[{"event_name":"Match and Keep!","player_choice":"0 cards matched","floor":10,"damage_taken":0},{"event_name":"Cursed Tome","player_choice":"Obtained Book","floor":21,"damage_taken":0},{"event_name":"Vampires","player_choice":"Ignored","floor":22,"damage_taken":0},{"event_name":"Addict","player_choice":"Obtained Relic","floor":24,"damage_taken":0},{"event_name":"Winding Halls","player_choice":"Writhe","floor":36,"damage_taken":0},{"event_name":"Tomb of Lord Red Mask","player_choice":"Ignored","floor":37,"damage_taken":0},{"event_name":"Purifier","player_choice":"One Purge","floor":38,"damage_taken":0}],"boss_relics":[{"not_picked":["Eternal Feather","White Beast Statue"],"picked":"Cursed Key"},{"not_picked":["Velvet Choker","Pandora\u0027s Box"],"picked":"Orrery"}],"potions_floor_spawned":[2,5,6,12,20,27,29,33,39,40,45,47],"seed_played":"-8756636655409120335","ascension_level":0,"is_trial":false}