{"gold_per_floor":[112,112,112,123,198,258,272,289,289,299,26,46,46,65,65,170,170,188,205,120,147,75,75,106,106,132,146,146,146,52,64,64,161,161,178,178,188,267,267,267,300,38,62,62,62,0,0,15,15,15],"floor_reached":50,"playtime":1833,"items_purged":["Strike_G","Strike_G"],"score":756,"play_id":"6340cf4f-b5f2-4128-89f7-6bc499b57854","local_time":"20190115235940","is_ascension_mode":true,"campfire_choices":[{"data":"1","floor":13,"key":"LIFT"},{"floor":15,"key":"REST"},{"data":"2","floor":23,"key":"LIFT"},{"data":"3","floor":25,"key":"LIFT"},{"floor":29,"key":"REST"},{"floor":32,"key":"REST"},{"floor":40,"key":"REST"},{"floor":45,"key":"REST"},{"floor":47,"key":"REST"},{"floor":49,"key":"REST"}],"neow_cost":"NONE","seed_source_timestamp":1837252051351296,"circlet_count":0,"master_deck":["AscendersBane","Defend_G","Defend_G","Defend_G","Strike_G","Survivor","Neutralize","Flying Knee","Expertise","Flying Knee","Dagger Spray","Backflip","Dagger Throw","Backflip","Dagger Spray","Die Die Die","Infinite Blades+1","Distraction+1","Flying Knee+1","Cloak And Dagger","PiercingWail","Quick Slash+1","Cloak And Dagger","Dodge and Roll","Bandage Up","Finisher+1","Glass Knife+1","Quick Slash+1","Blade Dance+1","Reflex","Adrenaline","Swift Strike+1","Infinite Blades"],"relics":["Sozu","Sundial","Tiny Chest","Girya","Bronze Scales","Astrolabe","Molten Egg 2","Juzu Bracelet","Mercury Hourglass","Orichalcum","Fusion Hammer","Meat on the Bone","Tough Bandages","Centennial Puzzle","Red Mask"],"potions_floor_usage":[],"damage_taken":[{"damage":2,"enemies":"Cultist","floor":1,"turns":5},{"damage":2,"enemies":"Jaw Worm","floor":4,"turns":4},{"damage":12,"enemies":"3 Sentries","floor":6,"turns":12},{"damage":0,"enemies":"Small Slimes","floor":7,"turns":4},{"damage":8,"enemies":"Exordium Wildlife","floor":8,"turns":5},{"damage":2,"enemies":"Lots of Slimes","floor":10,"turns":4},{"damage":12,"enemies":"Large Slime","floor":12,"turns":5},{"damage":0,"enemies":"Exordium Thugs","floor":14,"turns":3},{"damage":21,"enemies":"Slime Boss","floor":16,"turns":7},{"damage":0,"enemies":"3 Byrds","floor":18,"turns":2},{"damage":14,"enemies":"2 Thieves","floor":19,"turns":2},{"damage":25,"enemies":"Book of Stabbing","floor":24,"turns":4},{"damage":9,"enemies":"Shelled Parasite and Fungi","floor":27,"turns":3},{"damage":16,"enemies":"Centurion and Healer","floor":31,"turns":3},{"damage":64,"enemies":"Champ","floor":33,"turns":12},{"damage":2,"enemies":"Orb Walker","floor":35,"turns":2},{"damage":2,"enemies":"3 Darklings","floor":37,"turns":3},{"damage":31,"enemies":"Giant Head","floor":41,"turns":6},{"damage":21,"enemies":"Jaw Worm Horde","floor":48,"turns":2},{"damage":80,"enemies":"Donu and Deca","floor":50,"turns":6}],"seed_played":"4959068411634916871","potions_obtained":[],"is_trial":false,"path_per_floor":["M","?","T","M","?","E","M","M","T","M","$","M","R","M","R","B",null,"M","M","?","T","$","R","E","R","T","M","?","R","$","M","R","B",null,"M","?","M","T","?","R","E","$","T","?","R","?","R","M","R","B"],"character_chosen":"THE_SILENT","items_purchased":["Bronze Scales","Dagger Throw","PiercingWail","Quick Slash+1","Bandage Up","Adrenaline","Swift Strike+1"],"campfire_rested":7,"item_purchase_floors":[11,11,22,22,30,42,42],"current_hp_per_floor":[61,61,61,59,48,36,36,28,28,26,26,14,14,14,35,14,56,56,42,42,42,42,42,17,17,17,8,31,52,52,40,61,1,53,51,51,53,53,53,70,43,43,43,43,62,62,66,45,64,0],"gold":15,"neow_bonus":"BOSS_RELIC","is_prod":false,"is_daily":false,"chose_seed":false,"campfire_upgraded":0,"win_rate":0,"timestamp":1547596780,"path_taken":["M","?","?","M","?","E","?","?","T","M","$","M","R","M","R","BOSS","M","M","?","?","?","R","E","R","T","M","?","R","$","M","R","BOSS","M","?","M","?","?","R","E","$","T","?","R","?","R","M","R","BOSS"],"build_version":"2019-01-10","purchased_purges":2,"victory":false,"max_hp_per_floor":[70,70,70,70,70,70,70,70,70,70,70,70,70,70,70,70,70,70,70,70,70,70,70,70,70,70,70,70,70,70,70,70,70,70,70,70,70,70,70,70,70,70,70,66,66,66,66,66,66,66],"card_choices":[{"not_picked":["Slice","Well Laid Plans"],"picked":"Flying Knee","floor":1},{"not_picked":["Eviscerate","Underhanded Strike","Blade Dance"],"picked":"SKIP","floor":4},{"not_picked":["Calculated Gamble","Prepared"],"picked":"Expertise","floor":6},{"not_picked":["Accuracy","Underhanded Strike"],"picked":"Flying Knee","floor":7},{"not_picked":["Blade Dance","Grand Finale"],"picked":"Dagger Spray","floor":8},{"not_picked":["Deflect","Bouncing Flask"],"picked":"Backflip","floor":10},{"not_picked":["Dagger Spray","Flying Knee"],"picked":"Backflip","floor":12},{"not_picked":["Bane","Deadly Poison"],"picked":"Dagger Spray","floor":14},{"not_picked":["Unload","Doppelganger"],"picked":"Die Die Die","floor":16},{"not_picked":["Noxious Fumes","Escape Plan"],"picked":"Cloak And Dagger","floor":18},{"not_picked":["Crippling Poison","Dagger Spray","Sucker Punch"],"picked":"SKIP","floor":19},{"not_picked":["Poisoned Stab+1","Accuracy"],"picked":"Cloak And Dagger","floor":24},{"not_picked":["Quick Slash+1","Well Laid Plans+1"],"picked":"Dodge and Roll","floor":27},{"not_picked":["Blade Dance","Poisoned Stab+1"],"picked":"Finisher+1","floor":31},{"not_picked":["Envenom","After Image"],"picked":"Glass Knife+1","floor":33},{"not_picked":["Poisoned Stab+1","Expertise"],"picked":"Quick Slash+1","floor":35},{"not_picked":["Quick Slash+1","Footwork"],"picked":"Blade Dance+1","floor":37},{"not_picked":["Deflect","Bouncing Flask"],"picked":"Reflex","floor":41},{"not_picked":["Grand Finale+1","Slice+1"],"picked":"Infinite Blades","floor":48}],"player_experience":350645,"relics_obtained":[{"floor":3,"key":"Sundial"},{"floor":6,"key":"Tiny Chest"},{"floor":9,"key":"Girya"},{"floor":21,"key":"Juzu Bracelet"},{"floor":24,"key":"Mercury Hourglass"},{"floor":26,"key":"Orichalcum"},{"floor":38,"key":"Meat on the Bone"},{"floor":41,"key":"Tough Bandages"},{"floor":43,"key":"Centennial Puzzle"}],"event_choices":[{"damage_healed":0,"gold_gain":0,"player_choice":"Ignored","damage_taken":0,"max_hp_gain":0,"max_hp_loss":0,"event_name":"Golden Wing","floor":2,"gold_loss":0},{"damage_healed":0,"gold_gain":75,"player_choice":"Gather Gold","damage_taken":11,"max_hp_gain":0,"max_hp_loss":0,"event_name":"World of Goop","floor":5,"gold_loss":0},{"damage_healed":0,"gold_gain":0,"player_choice":"Obtained Relic","damage_taken":0,"relics_obtained":["Molten Egg 2"],"max_hp_gain":0,"max_hp_loss":0,"event_name":"Addict","floor":20,"gold_loss":85},{"damage_healed":23,"gold_gain":0,"player_choice":"Heal","damage_taken":0,"max_hp_gain":0,"max_hp_loss":0,"event_name":"The Library","floor":28,"gold_loss":0},{"cards_removed":["Defend_G"],"damage_healed":0,"gold_gain":0,"player_choice":"Removed Skill","damage_taken":0,"max_hp_gain":0,"max_hp_loss":0,"event_name":"Falling","floor":36,"gold_loss":0},{"damage_healed":0,"gold_gain":0,"player_choice":"Bought 0 Potions","damage_taken":0,"max_hp_gain":0,"max_hp_loss":0,"event_name":"The Woman in Blue","floor":39,"gold_loss":0},{"damage_healed":0,"gold_gain":0,"player_choice":"Max HP","damage_taken":0,"max_hp_gain":0,"max_hp_loss":4,"event_name":"Winding Halls","floor":44,"gold_loss":0},{"damage_healed":0,"gold_gain":0,"player_choice":"Paid","damage_taken":0,"relics_obtained":["Red Mask"],"max_hp_gain":0,"max_hp_loss":0,"event_name":"Tomb of Lord Red Mask","floor":46,"gold_loss":62}],"is_beta":false,"boss_relics":[{"not_picked":["Coffee Dripper","WristBlade"],"picked":"Astrolabe"},{"not_picked":["Runic Dome","Busted Crown"],"picked":"Fusion Hammer"}],"items_purged_floors":[11,42],"is_endless":false,"potions_floor_spawned":[6,7,12,24,33,35,37,41],"killed_by":"Donu and Deca","ascension_level":11}