{"path_per_floor":["M","?","?","?","M","R","M","E","T","R","$","E","$","M","R","B",null,"M","$","?","$","M","R","?","T","T","E","M","R"],"character_chosen":"THE_SILENT","items_purchased":["Ornamental Fan","Finisher","Endless Agony","Bag of Marbles"],"gold_per_floor":[115,190,365,365,384,384,397,431,478,478,154,180,31,42,42,145,145,165,9,9,9,29,29,29,55,128,159,174,174,174],"floor_reached":30,"campfire_rested":4,"playtime":932,"current_hp_per_floor":[58,47,47,40,40,61,58,50,50,50,50,31,31,31,52,21,58,27,27,27,27,24,45,45,52,52,17,15,38,0],"items_purged":["Strike_G"],"gold":174,"score":368,"play_id":"1afbfb23-6f64-47ee-bace-acbd8f8ece88","local_time":"20180410174234","is_prod":false,"is_daily":false,"chose_seed":false,"is_ascension_mode":true,"campfire_upgraded":1,"timestamp":1523403754,"path_taken":["M","?","?","?","M","R","M","E","T","R","$","E","?","M","R","BOSS","M","$","?","?","M","R","?","?","T","E","M","R","E"],"build_version":"2018-04-10","seed_source_timestamp":920862418570063,"purchased_purges":1,"victory":false,"master_deck":["Defend_G","Defend_G","Defend_G","Defend_G","Defend_G","Strike_G","Strike_G","Strike_G","Strike_G","Survivor","Neutralize","Blade Dance","Dash","Leg Sweep+1","Noxious Fumes","Finisher","Endless Agony","Envenom","Backflip","Quick Slash","Escape Plan+1","Leg Sweep+1"],"max_hp_per_floor":[70,70,70,70,70,70,70,70,70,70,70,70,70,70,70,70,70,70,70,70,70,70,70,70,77,77,77,77,77,77],"relics":["Philosopher\u0027s Stone","Ancient Tea Set","Orichalcum","Ornamental Fan","Vajra","White Beast Statue","Bag of Marbles","Strawberry","Molten Egg 2","Centennial Puzzle"],"card_choices":[{"not_picked":["Deflect","Slice"],"picked":"Blade Dance","floor":1},{"not_picked":["Quick Slash","Bane"],"picked":"Dash","floor":5},{"not_picked":["Masterful Stab","Outmaneuver"],"picked":"Leg Sweep","floor":7},{"not_picked":["Deadly Poison","Distraction"],"picked":"Noxious Fumes","floor":12},{"not_picked":["Wraith Form","Burst"],"picked":"Envenom","floor":16},{"not_picked":["Outmaneuver","Deflect"],"picked":"Backflip","floor":18},{"not_picked":["Caltrops","Slice"],"picked":"Quick Slash","floor":22},{"not_picked":["Grand Finale","Flechettes"],"picked":"Escape Plan","floor":27},{"not_picked":["Sucker Punch","Slice"],"picked":"Leg Sweep","floor":28}],"player_experience":292723,"potions_floor_usage":[7,8,22,30],"damage_taken":[{"damage":5,"enemies":"2 Louse","floor":1,"turns":4},{"damage":0,"enemies":"Small Slimes","floor":5,"turns":3},{"damage":3,"enemies":"Cultist","floor":7,"turns":3},{"damage":8,"enemies":"Gremlin Nob","floor":8,"turns":5},{"damage":19,"enemies":"3 Sentries","floor":12,"turns":12},{"damage":0,"enemies":"Blue Slaver","floor":14,"turns":3},{"damage":31,"enemies":"The Guardian","floor":16,"turns":12},{"damage":31,"enemies":"Chosen","floor":18,"turns":6},{"damage":3,"enemies":"3 Byrds","floor":22,"turns":5},{"damage":35,"enemies":"Book of Stabbing","floor":27,"turns":6},{"damage":2,"enemies":"Snecko","floor":28,"turns":6},{"damage":42,"enemies":"Slavers","floor":30,"turns":4}],"event_choices":[{"event_name":"World of Goop","player_choice":"Gather Gold","floor":2,"damage_taken":0},{"event_name":"Liars Game","player_choice":"agreed","floor":3,"damage_taken":0},{"event_name":"Golden Wing","player_choice":"Card Removal","floor":4,"damage_taken":0},{"event_name":"Vampires","player_choice":"Ignored","floor":20,"damage_taken":0},{"event_name":"Ghosts","player_choice":"Ignored","floor":24,"damage_taken":0}],"boss_relics":[{"not_picked":["Runic Pyramid","Eternal Feather"],"picked":"White Beast Statue"}],"potions_floor_spawned":[5,7,8,18,22,27,28],"seed_played":"2356056843178089009","killed_by":"Slavers","ascension_level":9,"is_trial":false}