{"gold_per_floor":[114,114,114,39,56,87,87,97,97,128,128,79,96,122,122,195,195,215,215,231,3,3,3],"floor_reached":23,"playtime":670,"items_purged":["Strike_R"],"score":441,"play_id":"f530107d-6eb7-4976-bb61-00f4448f59b3","local_time":"20190426175445","is_ascension_mode":true,"campfire_choices":[{"data":"Dropkick","floor":7,"key":"SMITH"},{"data":"Feed","floor":11,"key":"SMITH"},{"floor":15,"key":"REST"}],"neow_cost":"NONE","seed_source_timestamp":3387751121566086,"circlet_count":0,"master_deck":["AscendersBane","Strike_R+1","Strike_R+1","Strike_R+1","Defend_R+1","Defend_R+1","Defend_R+1","Defend_R+1","Bash+1","Dropkick+1","Metallicize","Feed+1","Shrug It Off","Headbutt","Sentinel","Dropkick","RitualDagger"],"relics":["Burning Blood","NeowsBlessing","Ginger","Question Card","Du-Vu Doll","Letter Opener","Black Star","MealTicket"],"potions_floor_usage":[13,14,16,18,23],"damage_taken":[{"damage":0,"enemies":"Jaw Worm","floor":1,"turns":1},{"damage":0,"enemies":"Small Slimes","floor":5,"turns":1},{"damage":0,"enemies":"Gremlin Nob","floor":6,"turns":1},{"damage":9,"enemies":"2 Louse","floor":8,"turns":2},{"damage":29,"enemies":"Lagavulin","floor":10,"turns":5},{"damage":4,"enemies":"Exordium Wildlife","floor":13,"turns":3},{"damage":25,"enemies":"Gremlin Nob","floor":14,"turns":4},{"damage":17,"enemies":"The Guardian","floor":16,"turns":11},{"damage":55,"enemies":"3 Byrds","floor":18,"turns":9},{"damage":12,"enemies":"Chosen","floor":20,"turns":3},{"damage":23,"enemies":"Gremlin Leader","floor":23,"turns":4}],"seed_played":"3035240005759746619","potions_obtained":[{"floor":5,"key":"Strength Potion"},{"floor":8,"key":"Dexterity Potion"},{"floor":14,"key":"Dexterity Potion"},{"floor":16,"key":"Fire Potion"},{"floor":20,"key":"SneckoOil"}],"is_trial":false,"path_per_floor":["M","?","?","$","M","E","R","M","T","E","R","?","M","E","R","B",null,"M","?","M","$","?","E"],"character_chosen":"IRONCLAD","items_purchased":["MealTicket"],"campfire_rested":1,"item_purchase_floors":[21],"current_hp_per_floor":[74,67,44,44,50,56,56,53,53,30,30,30,36,17,40,33,71,26,20,14,14,14,0],"gold":3,"neow_bonus":"THREE_ENEMY_KILL","is_prod":false,"is_daily":false,"chose_seed":false,"campfire_upgraded":2,"win_rate":0,"timestamp":1556297685,"path_taken":["M","?","?","?","M","E","R","M","T","E","R","?","M","E","R","BOSS","M","?","M","$","?","E"],"build_version":"2019-01-23","purchased_purges":1,"victory":false,"max_hp_per_floor":[75,75,75,75,75,75,75,75,75,75,75,75,79,79,79,83,83,87,87,87,87,87,87],"card_choices":[{"not_picked":["Warcry","Flex"],"picked":"Dropkick","floor":1},{"not_picked":["Rupture","Warcry"],"picked":"Metallicize","floor":5},{"not_picked":["Anger","Infernal Blade","Feel No Pain"],"picked":"SKIP","floor":6},{"not_picked":["Pummel","Clash"],"picked":"Feed","floor":8},{"not_picked":["Rupture","Sever Soul","Carnage"],"picked":"Shrug It Off","floor":10},{"not_picked":["Sword Boomerang","Body Slam","Pommel Strike"],"picked":"Headbutt","floor":13},{"not_picked":["Entrench","Fire Breathing","Heavy Blade"],"picked":"Sentinel","floor":14},{"not_picked":["Sword Boomerang+1","Headbutt","Dual Wield"],"picked":"Dropkick","floor":18},{"not_picked":["Carnage","Perfected Strike","Wild Strike+1","Cleave+1"],"picked":"SKIP","floor":20}],"player_experience":669560,"relics_obtained":[{"floor":6,"key":"Ginger"},{"floor":9,"key":"Question Card"},{"floor":10,"key":"Du-Vu Doll"},{"floor":14,"key":"Letter Opener"}],"event_choices":[{"cards_removed":["Strike_R"],"damage_healed":0,"gold_gain":0,"player_choice":"Card Removal","damage_taken":7,"max_hp_gain":0,"max_hp_loss":0,"event_name":"Golden Wing","floor":2,"gold_loss":0},{"damage_healed":0,"gold_gain":0,"player_choice":"Entered Light","damage_taken":23,"max_hp_gain":0,"max_hp_loss":0,"event_name":"Shining Light","floor":3,"gold_loss":0,"cards_upgraded":["Strike_R","Bash"]},{"damage_healed":0,"gold_gain":0,"player_choice":"Left Gold","damage_taken":0,"max_hp_gain":0,"max_hp_loss":0,"event_name":"World of Goop","floor":12,"gold_loss":49},{"damage_healed":0,"gold_gain":0,"player_choice":"Joined the Cult","damage_taken":6,"max_hp_gain":0,"max_hp_loss":0,"event_name":"Nest","floor":19,"gold_loss":0,"cards_obtained":["RitualDagger"]},{"damage_healed":0,"gold_gain":0,"player_choice":"Simplicity","damage_taken":0,"max_hp_gain":0,"max_hp_loss":0,"event_name":"Back to Basics","floor":22,"gold_loss":0,"cards_upgraded":["Strike_R","Strike_R","Defend_R","Defend_R","Defend_R","Defend_R"]}],"is_beta":false,"boss_relics":[{"not_picked":["Velvet Choker","Philosopher\u0027s Stone"],"picked":"Black Star"}],"items_purged_floors":[4],"is_endless":false,"potions_floor_spawned":[5,8,14,16,20],"killed_by":"Gremlin Leader","ascension_level":18}