{"gold_per_floor":[109,109,119,136,154,154,180,198,255,290,300,300,332,342,342,444,444,369,369,369,212,212,212],"floor_reached":23,"playtime":5411,"items_purged":["Writhe"],"score":298,"play_id":"d6d97462-835a-4c13-9d7f-af4098e78882","local_time":"20190306161821","is_ascension_mode":true,"campfire_choices":[{"data":"Multi-Cast","floor":6,"key":"SMITH"},{"data":"Darkness","floor":15,"key":"SMITH"}],"neow_cost":"NONE","seed_source_timestamp":181191519195511,"circlet_count":0,"master_deck":["Strike_B","Strike_B","Strike_B","Defend_B","Defend_B","Defend_B","Defend_B","Zap","Dualcast","Conserve Battery","Darkness+1","Beam Cell","Go for the Eyes","Sweeping Beam","Multi-Cast+1","Conserve Battery","Cold Snap","Conserve Battery","Consume+1","Hologram+1","Echo Form","BootSequence+1","Self Repair"],"relics":["Cracked Core","Bag of Preparation","Tiny Chest","Happy Flower","Toxic Egg 2","Bag of Marbles","Ectoplasm","Dodecahedron"],"potions_floor_usage":[10,16,23],"damage_taken":[{"damage":0,"enemies":"2 Louse","floor":1,"turns":2},{"damage":0,"enemies":"Cultist","floor":3,"turns":3},{"damage":4,"enemies":"Jaw Worm","floor":4,"turns":4},{"damage":9,"enemies":"3 Louse","floor":5,"turns":3},{"damage":8,"enemies":"Lagavulin","floor":7,"turns":5},{"damage":5,"enemies":"2 Fungi Beasts","floor":8,"turns":3},{"damage":13,"enemies":"3 Sentries","floor":10,"turns":4},{"damage":0,"enemies":"Gremlin Gang","floor":11,"turns":4},{"damage":0,"enemies":"Lagavulin","floor":13,"turns":5},{"damage":0,"enemies":"Exordium Thugs","floor":14,"turns":3},{"damage":20,"enemies":"The Guardian","floor":16,"turns":9},{"damage":15,"enemies":"2 Thieves","floor":18,"turns":4},{"damage":0,"enemies":"Spheric Guardian","floor":22,"turns":4},{"damage":44,"enemies":"Gremlin Leader","floor":23,"turns":5}],"seed_played":"-1420639006814663774","potions_obtained":[{"floor":1,"key":"SkillPotion"},{"floor":3,"key":"Explosive Potion"},{"floor":10,"key":"Ancient Potion"},{"floor":11,"key":"Swift Potion"},{"floor":16,"key":"Strength Potion"}],"is_trial":false,"path_per_floor":["M","?","M","M","M","R","E","M","T","E","M","T","E","M","R","B",null,"M","?","?","$","M","E"],"character_chosen":"DEFECT","items_purchased":["Self Repair"],"campfire_rested":0,"item_purchase_floors":[21],"current_hp_per_floor":[75,75,75,71,62,62,54,49,49,36,36,36,36,36,36,16,60,45,45,38,38,38,0],"gold":212,"neow_bonus":"THREE_CARDS","is_prod":false,"is_daily":false,"chose_seed":false,"campfire_upgraded":2,"win_rate":0,"timestamp":1551910701,"path_taken":["M","?","M","M","M","R","E","?","T","E","M","?","E","M","R","BOSS","M","?","?","$","?","E"],"build_version":"2019-01-23","purchased_purges":1,"victory":false,"max_hp_per_floor":[75,75,75,75,75,75,75,75,75,75,75,75,75,75,75,75,75,75,75,75,75,75,75],"card_choices":[{"not_picked":["Recycle","Streamline"],"picked":"Conserve Battery","floor":0},{"not_picked":["Defragment","Redo"],"picked":"Darkness","floor":1},{"not_picked":["Self Repair","Barrage"],"picked":"Go for the Eyes","floor":3},{"not_picked":["Redo","Steam Power"],"picked":"Sweeping Beam","floor":4},{"not_picked":["Chaos","Beam Cell"],"picked":"Multi-Cast","floor":5},{"not_picked":["Fission","Streamline","Blizzard"],"picked":"SKIP","floor":7},{"not_picked":["Go for the Eyes","Sweeping Beam"],"picked":"Conserve Battery","floor":8},{"not_picked":["Sweeping Beam","Doom and Gloom"],"picked":"Cold Snap","floor":10},{"not_picked":["Consume","Storm"],"picked":"Conserve Battery","floor":11},{"not_picked":["Machine Learning","Reprogram+1"],"picked":"Consume+1","floor":13},{"not_picked":["Steam+1","Loop"],"picked":"Hologram+1","floor":14},{"not_picked":["Electrodynamics","Creative AI"],"picked":"Echo Form","floor":16},{"not_picked":["Ball Lightning","Auto Shields+1"],"picked":"BootSequence+1","floor":18},{"not_picked":["Recycle+1","Stack+1","Beam Cell"],"picked":"SKIP","floor":22}],"player_experience":524193,"relics_obtained":[{"floor":7,"key":"Bag of Preparation"},{"floor":9,"key":"Tiny Chest"},{"floor":10,"key":"Happy Flower"},{"floor":12,"key":"Toxic Egg 2"},{"floor":13,"key":"Bag of Marbles"}],"event_choices":[{"damage_healed":0,"gold_gain":0,"cards_transformed":["Strike_B"],"player_choice":"Transformed","damage_taken":0,"max_hp_gain":0,"max_hp_loss":0,"event_name":"Transmorgrifier","floor":2,"gold_loss":0,"cards_obtained":["Beam Cell"]},{"damage_healed":0,"gold_gain":0,"player_choice":"Opened","damage_taken":0,"relics_obtained":["Dodecahedron"],"max_hp_gain":0,"max_hp_loss":0,"event_name":"The Mausoleum","floor":19,"gold_loss":0,"cards_obtained":["Writhe"]},{"damage_healed":0,"gold_gain":0,"player_choice":"","damage_taken":7,"max_hp_gain":0,"max_hp_loss":0,"event_name":"Knowing Skull","floor":20,"potions_obtained":[],"gold_loss":0,"cards_obtained":[]}],"is_beta":false,"boss_relics":[{"not_picked":["Black Star","Pandora\u0027s Box"],"picked":"Ectoplasm"}],"items_purged_floors":[21],"is_endless":false,"potions_floor_spawned":[1,3,10,11,16,22],"killed_by":"Gremlin Leader","ascension_level":5}