{"gold_per_floor":[115,115,68,68,87,120,43,43,43,74,91,91,108,125,125,226,226,239,227,238,138,152,152,152,165,243,243],"floor_reached":27,"playtime":1802,"items_purged":["Corruption"],"score":248,"play_id":"e7c9e3a1-20ed-4ec9-8287-e3617cd8013c","local_time":"20190109150817","is_ascension_mode":true,"campfire_choices":[{"floor":8,"key":"REST"},{"data":"Inflame","floor":15,"key":"SMITH"},{"floor":23,"key":"REST"}],"neow_cost":"PERCENT_DAMAGE","seed_source_timestamp":1286978894842550,"circlet_count":0,"master_deck":["Bash+1","Shrug It Off","Flex","Heavy Blade","Inflame+1","Pain","Offering","Iron Wave","Offering","Power Through","Perfected Strike","Infernal Blade","Combust","True Grit","Thunderclap","Body Slam","Whirlwind","Clothesline+1","Body Slam+1","Pommel Strike","Perfected Strike","Twin Strike+1","Power Through+1"],"relics":["Burning Blood","StoneCalendar","PreservedInsect","Dodecahedron","Darkstone Periapt","WarpedTongs","Pandora\u0027s Box","Boot","Ornamental Fan"],"potions_floor_usage":[19,19,27,27],"damage_taken":[{"damage":6,"enemies":"2 Louse","floor":1,"turns":3},{"damage":0,"enemies":"Small Slimes","floor":5,"turns":3},{"damage":25,"enemies":"3 Sentries","floor":6,"turns":7},{"damage":10,"enemies":"Lagavulin","floor":10,"turns":4},{"damage":0,"enemies":"Cultist","floor":11,"turns":3},{"damage":2,"enemies":"Large Slime","floor":13,"turns":3},{"damage":13,"enemies":"Lots of Slimes","floor":14,"turns":5},{"damage":60,"enemies":"Slime Boss","floor":16,"turns":7},{"damage":35,"enemies":"Shell Parasite","floor":18,"turns":4},{"damage":39,"enemies":"2 Thieves","floor":19,"turns":4},{"damage":14,"enemies":"Cultist and Chosen","floor":20,"turns":6},{"damage":15,"enemies":"Snecko","floor":22,"turns":4},{"damage":11,"enemies":"Snake Plant","floor":25,"turns":2},{"damage":27,"enemies":"Masked Bandits","floor":27,"turns":4}],"seed_played":"849614168597430286","potions_obtained":[{"floor":6,"key":"LiquidBronze"},{"floor":11,"key":"SkillPotion"},{"floor":14,"key":"Regen Potion"},{"floor":16,"key":"Block Potion"},{"floor":18,"key":"PowerPotion"},{"floor":25,"key":"PowerPotion"}],"is_trial":false,"path_per_floor":["M","?","$","?","M","E","$","R","T","E","M","?","M","M","R","B",null,"M","M","M","$","M","R","?","M","T","?"],"character_chosen":"IRONCLAD","items_purchased":["Shrug It Off","Inflame","Perfected Strike"],"campfire_rested":2,"item_purchase_floors":[3,7,21],"current_hp_per_floor":[56,40,40,45,51,32,32,56,56,52,58,64,68,61,61,7,86,57,24,16,16,7,32,32,27,27,0],"gold":243,"neow_bonus":"ONE_RARE_RELIC","is_prod":false,"is_daily":false,"chose_seed":false,"campfire_upgraded":1,"win_rate":0,"timestamp":1547046497,"path_taken":["M","?","$","?","?","E","$","R","T","E","M","?","?","M","R","BOSS","M","?","M","$","M","R","?","?","T","?"],"build_version":"2019-01-03v4","purchased_purges":1,"victory":false,"max_hp_per_floor":[80,80,80,80,80,80,80,80,80,80,80,86,86,86,86,86,86,86,86,86,86,86,86,86,86,86,86],"card_choices":[{"not_picked":["Heavy Blade","Sword Boomerang"],"picked":"Cleave","floor":1},{"not_picked":["Warcry","Power Through"],"picked":"Flex","floor":5},{"not_picked":["Shockwave","Pommel Strike"],"picked":"Heavy Blade","floor":6},{"not_picked":["Cleave","Dual Wield","True Grit"],"picked":"SKIP","floor":10},{"not_picked":["Flex","Armaments","Clothesline"],"picked":"SKIP","floor":11},{"not_picked":["Disarm","Warcry"],"picked":"Offering","floor":13},{"not_picked":["Burning Pact","Thunderclap"],"picked":"Iron Wave","floor":14},{"not_picked":["Dark Embrace","Barricade"],"picked":"Offering","floor":16},{"not_picked":["Reckless Charge","Dropkick"],"picked":"Clothesline+1","floor":18},{"not_picked":["Shrug It Off","Rage"],"picked":"Body Slam+1","floor":19},{"not_picked":["Pummel+1","Thunderclap"],"picked":"Pommel Strike","floor":20},{"not_picked":["Clash+1","Feel No Pain+1"],"picked":"Twin Strike+1","floor":22},{"not_picked":["Burning Pact","Warcry"],"picked":"Power Through+1","floor":25}],"player_experience":110795,"relics_obtained":[{"floor":6,"key":"PreservedInsect"},{"floor":9,"key":"Dodecahedron"},{"floor":10,"key":"Darkstone Periapt"},{"floor":24,"key":"Boot"},{"floor":26,"key":"Ornamental Fan"}],"event_choices":[{"damage_healed":0,"gold_gain":0,"player_choice":"Entered Light","damage_taken":16,"max_hp_gain":0,"max_hp_loss":0,"event_name":"Shining Light","floor":2,"gold_loss":0,"cards_upgraded":["Bash","Strike_R"]},{"cards_removed":["Cleave"],"damage_healed":5,"gold_gain":0,"player_choice":"Offered Common","damage_taken":0,"max_hp_gain":0,"max_hp_loss":0,"event_name":"Bonfire Elementals","floor":4,"gold_loss":0},{"cards_removed":["Cleave"],"damage_healed":5,"gold_gain":0,"player_choice":"Offered Special","damage_taken":0,"max_hp_gain":0,"max_hp_loss":0,"event_name":"Bonfire Elementals","floor":4,"gold_loss":0},{"damage_healed":0,"gold_gain":0,"player_choice":"Rummage","damage_taken":0,"relics_obtained":["WarpedTongs"],"max_hp_gain":0,"max_hp_loss":0,"event_name":"Accursed Blacksmith","floor":12,"gold_loss":0,"cards_obtained":["Pain"]},{"damage_healed":0,"gold_gain":0,"player_choice":"Relic","damage_taken":0,"max_hp_gain":0,"max_hp_loss":0,"event_name":"Wheel of Change","floor":24,"gold_loss":0},{"damage_healed":0,"gold_gain":0,"player_choice":"Fought Bandits","damage_taken":0,"max_hp_gain":0,"max_hp_loss":0,"event_name":"Masked Bandits","floor":27,"gold_loss":0}],"is_beta":false,"boss_relics":[{"not_picked":["Tiny House","Black Blood"],"picked":"Pandora\u0027s Box"}],"items_purged_floors":[21],"is_endless":false,"potions_floor_spawned":[6,11,14,16,18,25],"killed_by":"Masked Bandits","ascension_level":2}