{"gold_per_floor":[113,133,148,148,47,47,79,79,79,114,125,50,69,69,69,173,173,184,59,72,4,204,204,237,237,237,270,289,305,325,353,353,453,453,468,1,13,13,13,13,28,62,62,82,94,114,114,0,0,0,0,0,0,27,27],"floor_reached":56,"playtime":4649,"items_purged":["Strike_B","Gash"],"score":1578,"play_id":"b6f04c11-63b4-4921-b973-f05d482eb1a3","local_time":"20190404012904","is_ascension_mode":true,"campfire_choices":[{"data":"Dualcast","floor":6,"key":"SMITH"},{"floor":8,"key":"REST"},{"data":"Steam","floor":15,"key":"SMITH"},{"data":"Undo","floor":23,"key":"SMITH"},{"floor":25,"key":"REST"},{"floor":32,"key":"REST"},{"floor":40,"key":"REST"},{"floor":47,"key":"RECALL"},{"floor":49,"key":"REST"},{"floor":52,"key":"REST"}],"neow_cost":"NONE","seed_source_timestamp":1126566138858726,"circlet_count":0,"master_deck":["Defend_B","Defend_B","Defend_B","Defend_B","Zap+1","Dualcast+1","Steam+1","Sweeping Beam","Cold Snap","Conserve Battery","Echo Form","Reboot+1","Fusion+1","Doom and Gloom+1","Genetic Algorithm","Capacitor","Ball Lightning","Cold Snap+1","Undo+1","Coolheaded","Hologram+1","Glacier+1","Heatsinks","Meteor Strike+1","Chill+1","Defragment","Static Discharge+1","Consume+1","White Noise+1"],"relics":["Cracked Core","Matryoshka","Bronze Scales","DataDisk","FaceOfCleric","Astrolabe","Molten Egg 2","Meat on the Bone","Prayer Wheel","Mummified Hand","Turnip","Fusion Hammer","Ice Cream","Symbiotic Virus","Mango","Red Mask","Thread and Needle"],"potions_floor_usage":[10,24,27,33,33,35,50,55],"damage_taken":[{"damage":7,"enemies":"Jaw Worm","floor":1,"turns":3},{"damage":1,"enemies":"Cultist","floor":2,"turns":4},{"damage":0,"enemies":"Small Slimes","floor":3,"turns":2},{"damage":28,"enemies":"3 Sentries","floor":7,"turns":8},{"damage":0,"enemies":"Gremlin Nob","floor":10,"turns":3},{"damage":4,"enemies":"3 Louse","floor":11,"turns":2},{"damage":11,"enemies":"Exordium Thugs","floor":13,"turns":4},{"damage":18,"enemies":"Hexaghost","floor":16,"turns":9},{"damage":14,"enemies":"2 Thieves","floor":18,"turns":4},{"damage":12,"enemies":"3 Byrds","floor":20,"turns":2},{"damage":24,"enemies":"Gremlin Leader","floor":24,"turns":7},{"damage":15,"enemies":"Book of Stabbing","floor":27,"turns":7},{"damage":9,"enemies":"Snake Plant","floor":28,"turns":3},{"damage":17,"enemies":"Shelled Parasite and Fungi","floor":29,"turns":5},{"damage":1,"enemies":"Snecko","floor":30,"turns":7},{"damage":23,"enemies":"Slavers","floor":31,"turns":5},{"damage":24,"enemies":"Automaton","floor":33,"turns":14},{"damage":15,"enemies":"3 Darklings","floor":35,"turns":5},{"damage":0,"enemies":"Orb Walker","floor":37,"turns":4},{"damage":14,"enemies":"Transient","floor":41,"turns":5},{"damage":23,"enemies":"Giant Head","floor":42,"turns":9},{"damage":0,"enemies":"4 Shapes","floor":44,"turns":8},{"damage":15,"enemies":"Spire Growth","floor":45,"turns":5},{"damage":2,"enemies":"Transient","floor":46,"turns":5},{"damage":34,"enemies":"Time Eater","floor":50,"turns":16},{"damage":56,"enemies":"Shield and Spear","floor":54,"turns":9},{"damage":59,"enemies":"The Heart","floor":55,"turns":11}],"seed_played":"-8167104771892406003","potions_obtained":[{"floor":0,"key":"SpeedPotion"},{"floor":0,"key":"GamblersBrew"},{"floor":0,"key":"FearPotion"},{"floor":1,"key":"AttackPotion"},{"floor":11,"key":"Regen Potion"},{"floor":27,"key":"Swift Potion"},{"floor":28,"key":"Poison Potion"},{"floor":30,"key":"Fire Potion"},{"floor":33,"key":"Dexterity Potion"},{"floor":39,"key":"SneckoOil"},{"floor":39,"key":"Explosive Potion"},{"floor":39,"key":"SpeedPotion"}],"is_trial":false,"path_per_floor":["M","M","M","?","$","R","E","R","T","E","M","$","M","?","R","B",null,"M","$","M","$","?","R","E","R","T","E","M","M","M","E","R","B",null,"M","$","M","?","?","R","M","E","T","M","M","M","R","?","R","B",null,"R","$","E","B",null],"character_chosen":"DEFECT","items_purchased":["Cold Snap","Weak Potion","Capacitor","Ball Lightning","Undo","Ice Cream","Defragment"],"campfire_rested":6,"item_purchase_floors":[5,5,19,19,21,36,36],"current_hp_per_floor":[61,60,60,60,60,60,32,54,54,54,50,50,39,39,39,22,63,50,50,39,39,39,39,16,39,39,52,44,40,52,42,67,44,75,61,61,62,52,52,78,65,55,69,70,56,55,55,55,86,65,97,107,107,64,18],"gold":27,"neow_bonus":"THREE_SMALL_POTIONS","is_prod":false,"is_daily":false,"chose_seed":false,"campfire_upgraded":3,"win_rate":0,"timestamp":1554359344,"path_taken":["M","M","M","?","?","R","E","R","T","E","?","$","M","?","R","BOSS","M","?","M","$","?","R","E","R","T","E","?","M","M","E","R","BOSS","M","$","?","?","?","R","M","E","T","?","M","M","R","?","R","BOSS","R","$","E","BOSS"],"build_version":"2019-01-23","purchased_purges":2,"victory":true,"max_hp_per_floor":[75,75,75,75,75,75,75,75,75,75,75,75,75,75,75,76,76,77,77,78,78,78,78,79,79,79,80,81,82,83,84,84,85,85,86,86,87,87,87,87,88,89,103,104,105,106,106,106,106,107,107,107,107,108,109],"card_choices":[{"not_picked":["Leap","Streamline"],"picked":"Steam","floor":1},{"not_picked":["Leap","Streamline","Meteor Strike"],"picked":"SKIP","floor":2},{"not_picked":["Steam","Cold Snap"],"picked":"Sweeping Beam","floor":3},{"not_picked":["Rebound","BootSequence","Redo"],"picked":"SKIP","floor":7},{"not_picked":["Reprogram","Consume"],"picked":"Conserve Battery","floor":10},{"not_picked":["Sweeping Beam","Redo","Hello World"],"picked":"SKIP","floor":11},{"not_picked":["Barrage","Hello World"],"picked":"Gash","floor":13},{"not_picked":["Multi-Cast","Thunder Strike"],"picked":"Echo Form","floor":16},{"not_picked":["Lockon","Heatsinks+1"],"picked":"Genetic Algorithm","floor":18},{"not_picked":["Conserve Battery","Beam Cell"],"picked":"Cold Snap+1","floor":20},{"not_picked":["Chaos","Stack"],"picked":"Coolheaded","floor":24},{"not_picked":["Redo","Sweeping Beam+1"],"picked":"Hologram+1","floor":27},{"not_picked":["Double Energy","Blizzard+1","Stack"],"picked":"SKIP","floor":28},{"not_picked":["Hologram","Cold Snap+1","FTL+1"],"picked":"SKIP","floor":28},{"not_picked":["Hello World","Gash+1"],"picked":"Glacier+1","floor":29},{"not_picked":["Coolheaded","Conserve Battery"],"picked":"Heatsinks","floor":29},{"not_picked":["Sweeping Beam+1","Ball Lightning+1","Amplify"],"picked":"SKIP","floor":30},{"not_picked":["Rebound+1","Leap","Steam+1"],"picked":"SKIP","floor":30},{"not_picked":["Melter+1","Beam Cell+1","Stack"],"picked":"SKIP","floor":31},{"not_picked":["Reboot","Rainbow"],"picked":"Meteor Strike+1","floor":33},{"not_picked":["Storm+1","Steam"],"picked":"Chill+1","floor":35},{"not_picked":["Conserve Battery","Steam Power+1","Ball Lightning+1"],"picked":"SKIP","floor":35},{"not_picked":["Ball Lightning+1","Turbo+1"],"picked":"Static Discharge+1","floor":37},{"not_picked":["Conserve Battery+1","Meteor Strike+1","Steam"],"picked":"SKIP","floor":37},{"not_picked":["Reprogram","Recycle","Beam Cell+1"],"picked":"SKIP","floor":41},{"not_picked":["Turbo+1","Recycle+1","Barrage+1"],"picked":"SKIP","floor":41},{"not_picked":["Ball Lightning+1","Auto Shields","Rebound+1"],"picked":"SKIP","floor":42},{"not_picked":["FTL+1","Streamline+1","Barrage+1"],"picked":"SKIP","floor":44},{"not_picked":["Ball Lightning+1","Sweeping Beam+1","Stack"],"picked":"SKIP","floor":44},{"not_picked":["Reprogram+1","Cold Snap+1"],"picked":"Consume+1","floor":45},{"not_picked":["Redo","Fusion","Self Repair"],"picked":"SKIP","floor":45},{"not_picked":["Reprogram+1","Seek"],"picked":"White Noise+1","floor":46},{"not_picked":["Gash+1","Beam Cell+1","Leap"],"picked":"SKIP","floor":46},{"not_picked":["Conserve Battery+1","Barrage+1","Genetic Algorithm+1"],"picked":"SKIP","floor":54}],"player_experience":590397,"relics_obtained":[{"floor":7,"key":"Matryoshka"},{"floor":9,"key":"Bronze Scales"},{"floor":10,"key":"DataDisk"},{"floor":24,"key":"Molten Egg 2"},{"floor":26,"key":"Meat on the Bone"},{"floor":26,"key":"Prayer Wheel"},{"floor":27,"key":"Mummified Hand"},{"floor":31,"key":"Turnip"},{"floor":42,"key":"Symbiotic Virus"},{"floor":43,"key":"Mango"},{"floor":54,"key":"Thread and Needle"}],"event_choices":[{"damage_healed":0,"gold_gain":0,"player_choice":"Forge","damage_taken":0,"max_hp_gain":0,"max_hp_loss":0,"event_name":"Accursed Blacksmith","floor":4,"gold_loss":0,"cards_upgraded":["Zap"]},{"damage_healed":0,"gold_gain":0,"player_choice":"Trade","damage_taken":0,"relics_obtained":["FaceOfCleric"],"max_hp_gain":0,"max_hp_loss":0,"event_name":"FaceTrader","floor":14,"gold_loss":0},{"damage_healed":0,"gold_gain":200,"player_choice":"Gold","damage_taken":0,"max_hp_gain":0,"max_hp_loss":0,"event_name":"Wheel of Change","floor":22,"gold_loss":0},{"damage_healed":0,"gold_gain":0,"player_choice":"Memory 3","damage_taken":10,"max_hp_gain":0,"max_hp_loss":0,"event_name":"SensoryStone","floor":38,"gold_loss":0},{"damage_healed":0,"gold_gain":0,"player_choice":"Got Potions","damage_taken":0,"max_hp_gain":0,"max_hp_loss":0,"event_name":"Lab","floor":39,"gold_loss":0},{"damage_healed":0,"gold_gain":0,"player_choice":"Paid","damage_taken":0,"relics_obtained":["Red Mask"],"max_hp_gain":0,"max_hp_loss":0,"event_name":"Tomb of Lord Red Mask","floor":48,"gold_loss":114}],"is_beta":false,"boss_relics":[{"not_picked":["Velvet Choker","White Beast Statue"],"picked":"Astrolabe"},{"not_picked":["FrozenCore","Philosopher\u0027s Stone"],"picked":"Fusion Hammer"}],"items_purged_floors":[12,36],"is_endless":false,"potions_floor_spawned":[1,11,16,20,27,28,30,33,42,44,45,46],"ascension_level":7}