{"gold_per_floor":[118,131,142,92,106,106,121,121,176,195,221,234,254,273,273,376,376,387,403,67,67,67,67,67],"floor_reached":24,"playtime":1888,"items_purged":[],"score":240,"play_id":"806ef003-adb9-40f2-a6b6-26eb2e0c6a74","local_time":"20190228141208","is_ascension_mode":true,"campfire_choices":[{"data":"Zap","floor":6,"key":"SMITH"},{"data":"Dualcast","floor":8,"key":"SMITH"},{"data":"Defragment","floor":15,"key":"SMITH"},{"data":"Hologram","floor":23,"key":"SMITH"}],"neow_cost":"NONE","seed_source_timestamp":83714842795587,"circlet_count":0,"master_deck":["Defend_B","Defend_B","Defend_B","Zap+1","Dualcast+1","Ball Lightning","Streamline","Loop","Conserve Battery","Hologram","Compile Driver","Conserve Battery","Defragment+1","Echo Form","FTL+1","Darkness+1","Fusion+1","Hologram+1","Steam","Necronomicurse"],"relics":["Cracked Core","Tiny Chest","Anchor","Odd Mushroom","Astrolabe","Incense Burner","Necronomicon"],"potions_floor_usage":[11,13,14],"damage_taken":[{"damage":1,"enemies":"Cultist","floor":1,"turns":4},{"damage":2,"enemies":"Jaw Worm","floor":2,"turns":2},{"damage":0,"enemies":"2 Louse","floor":3,"turns":1},{"damage":28,"enemies":"Large Slime","floor":5,"turns":5},{"damage":3,"enemies":"Blue Slaver","floor":7,"turns":3},{"damage":1,"enemies":"3 Louse","floor":10,"turns":3},{"damage":8,"enemies":"Gremlin Nob","floor":11,"turns":3},{"damage":0,"enemies":"Red Slaver","floor":12,"turns":2},{"damage":0,"enemies":"The Mushroom Lair","floor":13,"turns":2},{"damage":0,"enemies":"Gremlin Gang","floor":14,"turns":2},{"damage":11,"enemies":"The Guardian","floor":16,"turns":7},{"damage":10,"enemies":"Spheric Guardian","floor":18,"turns":5},{"damage":3,"enemies":"Shell Parasite","floor":19,"turns":4},{"damage":50,"enemies":"Slavers","floor":24,"turns":4}],"seed_played":"-3002876864089924207","potions_obtained":[{"floor":1,"key":"Poison Potion"},{"floor":10,"key":"Explosive Potion"},{"floor":11,"key":"AttackPotion"},{"floor":13,"key":"Ancient Potion"},{"floor":14,"key":"SpeedPotion"},{"floor":16,"key":"Ancient Potion"},{"floor":18,"key":"Energy Potion"}],"is_trial":false,"path_per_floor":["M","M","M","?","M","R","M","R","T","M","E","M","?","M","R","B",null,"M","M","$","?","$","R","E"],"character_chosen":"DEFECT","items_purchased":["Incense Burner","Steam"],"campfire_rested":0,"item_purchase_floors":[20,20],"current_hp_per_floor":[74,72,72,72,44,44,41,41,41,40,32,32,32,32,32,21,75,65,62,62,46,46,46,0],"gold":67,"neow_bonus":"REMOVE_CARD","is_prod":false,"is_daily":false,"chose_seed":false,"campfire_upgraded":4,"win_rate":0,"timestamp":1551384728,"path_taken":["M","M","?","?","M","R","M","R","T","M","E","M","?","M","R","BOSS","M","M","$","?","$","R","E"],"build_version":"2019-01-23","purchased_purges":0,"victory":false,"max_hp_per_floor":[75,75,75,75,75,75,75,75,75,75,75,75,75,75,75,75,75,75,75,75,75,75,75,75],"card_choices":[{"not_picked":["Scrape","Sweeping Beam"],"picked":"Ball Lightning","floor":1},{"not_picked":["Fusion","Static Discharge"],"picked":"Streamline","floor":2},{"not_picked":["Hello World","Barrage"],"picked":"Loop","floor":3},{"not_picked":["Chill","Stack"],"picked":"Conserve Battery","floor":5},{"not_picked":["Reprogram","Meteor Strike","Beam Cell"],"picked":"SKIP","floor":7},{"not_picked":["Compile Driver","Barrage"],"picked":"Hologram","floor":10},{"not_picked":["Buffer","Turbo"],"picked":"Compile Driver","floor":11},{"not_picked":["Gash","Turbo"],"picked":"Conserve Battery","floor":12},{"not_picked":["Multi-Cast","Beam Cell"],"picked":"Defragment","floor":14},{"not_picked":["Machine Learning","Core Surge"],"picked":"Echo Form","floor":16},{"not_picked":["Gash+1","Conserve Battery","Force Field"],"picked":"SKIP","floor":18},{"not_picked":["Scrape+1","Tempest"],"picked":"Hologram","floor":19}],"player_experience":483500,"relics_obtained":[{"floor":9,"key":"Tiny Chest"},{"floor":11,"key":"Anchor"},{"floor":13,"key":"Odd Mushroom"},{"floor":21,"key":"Necronomicon"}],"event_choices":[{"cards_removed":["Strike_B"],"damage_healed":0,"gold_gain":0,"player_choice":"Card Removal","damage_taken":0,"max_hp_gain":0,"max_hp_loss":0,"event_name":"The Cleric","floor":4,"gold_loss":50},{"damage_healed":0,"gold_gain":0,"player_choice":"Fought Mushrooms","damage_taken":0,"max_hp_gain":0,"max_hp_loss":0,"event_name":"Mushrooms","floor":13,"gold_loss":0},{"damage_healed":0,"gold_gain":0,"player_choice":"Obtained Book","damage_taken":16,"max_hp_gain":0,"max_hp_loss":0,"event_name":"Cursed Tome","floor":21,"gold_loss":0}],"is_beta":false,"boss_relics":[{"not_picked":["Black Star","Ectoplasm"],"picked":"Astrolabe"}],"items_purged_floors":[],"is_endless":false,"potions_floor_spawned":[1,10,11,13,14,16,18,19],"killed_by":"Slavers","ascension_level":4}