{"gold_per_floor":[110,110,175,175,225,250,250,278,278,298,312,347,347,361,361,464,464,484,504,554,24,40,74,137,137,215,232,232,264,314,364,364,466,466,484,534,554,568,585,585,685,324,378,428,17,31,81,99,99,99],"floor_reached":51,"playtime":4638,"items_purged":["Strike_G","Parasite","Normality"],"score":1029,"play_id":"7bbb53a5-04d5-428e-8ca3-f7e9aeaa46ac","local_time":"20190114003639","is_ascension_mode":true,"campfire_choices":[{"data":"Noxious Fumes","floor":7,"key":"SMITH"},{"floor":13,"key":"REST"},{"data":"Neutralize","floor":15,"key":"SMITH"},{"floor":25,"key":"REST"},{"data":"Deflect","floor":28,"key":"SMITH"},{"floor":32,"key":"REST"},{"data":"Apotheosis","floor":40,"key":"SMITH"},{"floor":49,"key":"REST"}],"neow_cost":"NONE","seed_source_timestamp":1663809755085638,"circlet_count":0,"master_deck":["Defend_G","Defend_G","Defend_G","Defend_G","Strike_G+1","Strike_G","Survivor","Neutralize+1","Dagger Throw","Noxious Fumes+1","Backflip","Corpse Explosion","Blur","Deflect+1","Quick Slash+1","Deflect","Sucker Punch+1","Rebound","True Grit+1","Conserve Battery","Malaise","Noxious Fumes","Apotheosis+1","Bandage Up","BootSequence+1","Well Laid Plans","PanicButton","Sadistic Nature","Footwork","PiercingWail","Conserve Battery+1"],"relics":["Ring of the Serpent","NeowsBlessing","SsserpentHead","Boot","Gremlin Horn","Singing Bowl","Orichalcum","Bag of Preparation","PrismaticShard","Incense Burner","Matryoshka","Whetstone","Meat on the Bone","Cursed Key","Pear","Pen Nib","Snake Skull","Strawberry","Bag of Marbles","Ancient Tea Set"],"potions_floor_usage":[12,22,24,27,33,33,33,50,50,50],"damage_taken":[{"damage":0,"enemies":"Small Slimes","floor":1,"turns":1},{"damage":0,"enemies":"Cultist","floor":3,"turns":1},{"damage":0,"enemies":"3 Sentries","floor":6,"turns":1},{"damage":19,"enemies":"Lagavulin","floor":8,"turns":7},{"damage":12,"enemies":"Jaw Worm","floor":10,"turns":4},{"damage":0,"enemies":"Large Slime","floor":11,"turns":5},{"damage":23,"enemies":"Gremlin Nob","floor":12,"turns":4},{"damage":0,"enemies":"Blue Slaver","floor":14,"turns":5},{"damage":11,"enemies":"The Guardian","floor":16,"turns":10},{"damage":4,"enemies":"Shell Parasite","floor":18,"turns":7},{"damage":24,"enemies":"2 Thieves","floor":19,"turns":4},{"damage":18,"enemies":"Snecko","floor":22,"turns":7},{"damage":48,"enemies":"Slavers","floor":23,"turns":4},{"damage":17,"enemies":"Sentry and Sphere","floor":24,"turns":5},{"damage":6,"enemies":"Centurion and Healer","floor":27,"turns":6},{"damage":17,"enemies":"Gremlin Leader","floor":29,"turns":8},{"damage":10,"enemies":"Automaton","floor":33,"turns":12},{"damage":0,"enemies":"3 Darklings","floor":35,"turns":5},{"damage":0,"enemies":"3 Shapes","floor":37,"turns":6},{"damage":20,"enemies":"Jaw Worm Horde","floor":38,"turns":4},{"damage":0,"enemies":"Maw","floor":39,"turns":9},{"damage":0,"enemies":"Sphere and 2 Shapes","floor":46,"turns":4},{"damage":0,"enemies":"3 Darklings","floor":48,"turns":4},{"damage":2,"enemies":"Donu and Deca","floor":50,"turns":7}],"seed_played":"-3823095511612956617","potions_obtained":[{"floor":10,"key":"Fire Potion"},{"floor":11,"key":"EssenceOfSteel"},{"floor":12,"key":"PowerPotion"},{"floor":16,"key":"SkillPotion"},{"floor":18,"key":"SpeedPotion"},{"floor":24,"key":"GamblersBrew"},{"floor":27,"key":"FearPotion"},{"floor":29,"key":"Block Potion"},{"floor":37,"key":"Energy Potion"},{"floor":38,"key":"PowerPotion"},{"floor":46,"key":"Block Potion"}],"is_trial":false,"path_per_floor":["M","?","M","?","?","E","R","E","T","M","M","E","R","M","R","B",null,"M","M","?","$","M","E","M","R","T","M","R","E","?","?","R","B",null,"M","?","M","M","M","R","T","$","T","?","$","M","?","M","R","B",null],"character_chosen":"THE_SILENT","items_purchased":["Bag of Preparation","PrismaticShard","Deflect","Sucker Punch","Snake Skull","Well Laid Plans","PanicButton","Footwork","PiercingWail","Ancient Tea Set"],"campfire_rested":4,"item_purchase_floors":[21,21,21,21,42,42,42,45,45,45],"current_hp_per_floor":[63,63,63,63,68,68,68,49,49,37,37,14,36,38,38,27,65,61,37,87,87,71,23,6,32,32,28,28,11,11,11,38,40,78,80,80,80,66,70,70,80,80,87,87,87,93,93,101,111,109],"gold":99,"neow_bonus":"THREE_ENEMY_KILL","is_prod":false,"is_daily":false,"chose_seed":false,"campfire_upgraded":4,"win_rate":0,"timestamp":1547426199,"path_taken":["M","?","?","?","?","E","R","E","T","M","M","E","R","M","R","BOSS","M","M","?","$","M","E","?","R","T","M","R","E","?","?","R","BOSS","M","?","M","M","M","R","?","?","T","?","$","M","?","M","R","BOSS"],"build_version":"2019-01-10","purchased_purges":3,"victory":true,"max_hp_per_floor":[70,70,70,70,75,75,75,75,75,75,75,75,75,77,77,77,77,77,77,87,87,89,89,89,89,89,91,91,91,91,91,91,91,91,93,93,93,95,95,95,105,102,109,109,109,109,109,111,111,111],"card_choices":[{"not_picked":["Underhanded Strike","Dodge and Roll"],"picked":"Dagger Throw","floor":1},{"not_picked":["Riddle With Holes","Cloak And Dagger","Tactician"],"picked":"SKIP","floor":3},{"not_picked":["Deflect","Blur"],"picked":"Noxious Fumes","floor":6},{"not_picked":["Prepared","Expertise","Infinite Blades"],"picked":"SKIP","floor":8},{"not_picked":["Endless Agony","Dagger Spray"],"picked":"Backflip","floor":10},{"not_picked":["Dagger Spray","Prepared"],"picked":"Corpse Explosion","floor":11},{"not_picked":["PiercingWail","Predator"],"picked":"Blur","floor":12},{"not_picked":["Slice","Flechettes","Concentrate"],"picked":"Singing Bowl","floor":14},{"not_picked":["Doppelganger","Wraith Form v2"],"picked":"Adrenaline","floor":16},{"not_picked":["Slice","Acrobatics"],"picked":"Deflect","floor":18},{"not_picked":["Blade Dance","Slice"],"picked":"Quick Slash+1","floor":19},{"not_picked":["Corruption+1","Defragment","Outmaneuver"],"picked":"Singing Bowl","floor":22},{"not_picked":["Underhanded Strike","After Image"],"picked":"Rebound","floor":23},{"not_picked":["Redo","Wild Strike"],"picked":"True Grit+1","floor":24},{"not_picked":["Rebound","Cleave","Caltrops"],"picked":"Singing Bowl","floor":27},{"not_picked":["Outmaneuver","Reflex+1"],"picked":"Conserve Battery","floor":29},{"not_picked":["Machine Learning","Unload"],"picked":"Apotheosis","floor":33},{"not_picked":["Blade Dance+1","Flex+1","Heavy Blade+1"],"picked":"Singing Bowl","floor":35},{"not_picked":["Good Instincts","Sweeping Beam"],"picked":"Bandage Up","floor":37},{"not_picked":["Reprogram","Spot Weakness","Spot Weakness"],"picked":"Singing Bowl","floor":38},{"not_picked":["Heavy Blade+1","Aggregate+1"],"picked":"BootSequence+1","floor":39},{"not_picked":["Panacea","PanicButton"],"picked":"Sadistic Nature","floor":44},{"not_picked":["Blade Dance+1","Reflex"],"picked":"Conserve Battery+1","floor":46},{"not_picked":["Aggregate+1","Heavy Blade","Combust+1"],"picked":"Singing Bowl","floor":48}],"player_experience":269550,"relics_obtained":[{"floor":6,"key":"Boot"},{"floor":8,"key":"Gremlin Horn"},{"floor":9,"key":"Singing Bowl"},{"floor":12,"key":"Orichalcum"},{"floor":23,"key":"Incense Burner"},{"floor":26,"key":"Matryoshka"},{"floor":29,"key":"Whetstone"},{"floor":41,"key":"Pear"},{"floor":41,"key":"Pen Nib"},{"floor":43,"key":"Strawberry"},{"floor":43,"key":"Bag of Marbles"}],"event_choices":[{"damage_healed":0,"gold_gain":0,"player_choice":"Trade","damage_taken":0,"relics_obtained":["SsserpentHead"],"max_hp_gain":0,"max_hp_loss":0,"event_name":"FaceTrader","floor":2,"gold_loss":0},{"cards_removed":["Strike_G"],"damage_healed":0,"gold_gain":0,"player_choice":"Card Removal","damage_taken":0,"max_hp_gain":0,"max_hp_loss":0,"event_name":"The Cleric","floor":4,"gold_loss":50},{"damage_healed":0,"gold_gain":0,"player_choice":"Donut","damage_taken":0,"max_hp_gain":5,"max_hp_loss":0,"event_name":"Big Fish","floor":5,"gold_loss":0},{"cards_removed":["Adrenaline"],"damage_healed":40,"gold_gain":0,"player_choice":"Offered Rare","damage_taken":0,"max_hp_gain":10,"max_hp_loss":0,"event_name":"Bonfire Elementals","floor":20,"gold_loss":0},{"damage_healed":0,"gold_gain":0,"cards_transformed":["Strike_G","Defend_G"],"player_choice":"Became Test Subject","damage_taken":0,"max_hp_gain":0,"max_hp_loss":0,"event_name":"Drug Dealer","floor":30,"gold_loss":0,"cards_obtained":["Malaise","Noxious Fumes"]},{"damage_healed":0,"gold_gain":0,"player_choice":"Opened","damage_taken":0,"relics_obtained":["Meat on the Bone"],"max_hp_gain":0,"max_hp_loss":0,"event_name":"The Mausoleum","floor":31,"gold_loss":0},{"damage_healed":0,"gold_gain":0,"player_choice":"Ignored","damage_taken":0,"max_hp_gain":0,"max_hp_loss":0,"event_name":"Tomb of Lord Red Mask","floor":36,"gold_loss":0},{"damage_healed":0,"gold_gain":0,"player_choice":"Memory 1","damage_taken":0,"max_hp_gain":0,"max_hp_loss":0,"event_name":"SensoryStone","floor":44,"gold_loss":0},{"damage_healed":0,"gold_gain":0,"player_choice":"Ignored","damage_taken":0,"max_hp_gain":0,"max_hp_loss":0,"event_name":"Mysterious Sphere","floor":47,"gold_loss":0}],"is_beta":false,"boss_relics":[{"not_picked":["Calling Bell","Orrery"],"picked":"Ring of the Serpent"},{"not_picked":["Coffee Dripper","Tiny House"],"picked":"Cursed Key"}],"items_purged_floors":[21,42,45],"is_endless":false,"potions_floor_spawned":[10,11,12,16,18,19,24,27,29,37,38,46],"ascension_level":7}