{"path_per_floor":["M","?","M","?","?","R","$","R","T","M","$","T","M","M","R","B",null,"M","?","?","M","M","R","?","$","T","M","M","M","$"],"character_chosen":"THE_SILENT","items_purchased":["Noxious Fumes","Noxious Fumes"],"gold_per_floor":[112,112,131,131,131,131,58,58,58,74,74,74,84,98,98,200,200,219,245,245,258,268,268,193,118,118,129,147,157,78,78],"floor_reached":31,"campfire_rested":1,"playtime":3560,"item_purchase_floors":[7,30],"current_hp_per_floor":[70,70,70,75,60,60,60,60,60,60,60,60,51,58,58,7,75,62,19,19,19,11,33,33,33,33,24,20,20,20,0],"items_purged":["Strike_G"],"gold":78,"score":272,"play_id":"6f78f1cf-7620-4d5d-8839-cf7af3e1bf39","local_time":"20180611152754","is_prod":false,"is_daily":false,"chose_seed":false,"is_ascension_mode":true,"campfire_upgraded":3,"win_rate":0,"timestamp":1528727274,"campfire_choices":[{"data":"Neutralize","floor":6,"key":"SMITH"},{"data":"Noxious Fumes","floor":8,"key":"SMITH"},{"data":"Acrobatics","floor":15,"key":"SMITH"},{"floor":23,"key":"REST"}],"path_taken":["M","?","M","?","?","R","$","R","T","M","?","?","M","M","R","BOSS","M","?","?","M","M","R","?","?","T","M","M","M","$","?"],"build_version":"2018-06-07v3","seed_source_timestamp":155693561439422,"purchased_purges":1,"victory":false,"master_deck":["Defend_G","Defend_G","Defend_G","Defend_G+1","Defend_G","Strike_G","Strike_G+1","Survivor","Neutralize+1","Predator","Underhanded Strike","Flying Knee","Noxious Fumes+1","Deflect","Acrobatics+1","Blur","Burst","Dodge and Roll","Dash","Blur","Dagger Spray+1","Backflip","Noxious Fumes"],"max_hp_per_floor":[70,70,70,75,75,75,75,75,75,75,75,75,75,75,75,75,75,75,75,75,75,75,75,75,75,75,75,75,75,75,75],"relics":["Snecko Eye","Red Mask","Nloth\u0027s Gift","Mummified Hand"],"card_choices":[{"not_picked":["Masterful Stab","Concentrate"],"picked":"Predator","floor":1},{"not_picked":["Poisoned Stab","Cloak And Dagger"],"picked":"Flying Knee","floor":3},{"not_picked":["PiercingWail","Underhanded Strike"],"picked":"Deflect","floor":10},{"not_picked":["Accuracy","Sucker Punch"],"picked":"Acrobatics","floor":13},{"not_picked":["Dagger Spray","Dodge and Roll"],"picked":"Blur","floor":14},{"not_picked":["Die Die Die","Corpse Explosion"],"picked":"Burst","floor":16},{"not_picked":["Choke","Slice"],"picked":"Dodge and Roll","floor":18},{"not_picked":["Outmaneuver+1","Acrobatics+1"],"picked":"Dash","floor":19},{"not_picked":["Skewer","Poisoned Stab","Deflect+1"],"picked":"SKIP","floor":21},{"not_picked":["Slice","Flechettes"],"picked":"Blur","floor":22},{"not_picked":["Dagger Throw+1","Outmaneuver"],"picked":"Dagger Spray+1","floor":27},{"not_picked":["Storm of Steel","Deadly Poison+1"],"picked":"Backflip","floor":28},{"not_picked":["Deflect","Blade Dance","PiercingWail"],"picked":"SKIP","floor":29}],"player_experience":217914,"potions_floor_usage":[14,19,28,29,31],"damage_taken":[{"damage":0,"enemies":"2 Louse","floor":1,"turns":3},{"damage":0,"enemies":"Cultist","floor":3,"turns":3},{"damage":0,"enemies":"Small Slimes","floor":10,"turns":3},{"damage":9,"enemies":"Blue Slaver","floor":13,"turns":4},{"damage":8,"enemies":"Exordium Wildlife","floor":14,"turns":5},{"damage":51,"enemies":"Slime Boss","floor":16,"turns":11},{"damage":13,"enemies":"3 Byrds","floor":18,"turns":5},{"damage":43,"floor":19,"turns":6},{"damage":0,"enemies":"2 Thieves","floor":21,"turns":4},{"damage":8,"enemies":"Centurion and Healer","floor":22,"turns":10},{"damage":9,"enemies":"Slaver and Parasite","floor":27,"turns":8},{"damage":4,"enemies":"Cultist and Chosen","floor":28,"turns":6},{"damage":0,"enemies":"Centurion and Healer","floor":29,"turns":6},{"damage":22,"enemies":"Slaver and Parasite","floor":31,"turns":3}],"relics_obtained":[{"floor":19,"key":"Red Mask"},{"floor":26,"key":"Mummified Hand"}],"event_choices":[{"event_name":"Transmorgrifier","player_choice":"Transform","floor":2,"damage_taken":0},{"event_name":"Big Fish","player_choice":"Donut","floor":4,"damage_taken":0},{"event_name":"Shining Light","player_choice":"Entered Light","floor":5,"damage_taken":0},{"event_name":"Masked Bandits","player_choice":"Fought over 219 gold","floor":19,"damage_taken":0},{"event_name":"N\u0027loth","player_choice":"Traded a Cursed Key","floor":20,"damage_taken":0},{"event_name":"Beggar","player_choice":"Gave Gold","floor":24,"damage_taken":0}],"boss_relics":[{"not_picked":["Velvet Choker","Black Star"],"picked":"Snecko Eye"}],"items_purged_floors":[25],"potions_floor_spawned":[1,10,16,21,27,28,29],"seed_played":"-8696237827570391521","killed_by":"Slaver and Parasite","ascension_level":4,"potions_obtained":[{"floor":1,"key":"Regen Potion"},{"floor":10,"key":"FearPotion"},{"floor":16,"key":"SpeedPotion"},{"floor":21,"key":"AttackPotion"},{"floor":27,"key":"Weak Potion"},{"floor":28,"key":"LiquidBronze"},{"floor":29,"key":"SpeedPotion"}],"is_trial":false}