{"path_per_floor":["M","?","?","T","$","E","$","?","T","M","M","R","$","M","R","B",null,"M","?","M","M","$"],"character_chosen":"THE_SILENT","items_purchased":["Lantern","Calculated Gamble","Cloak And Dagger"],"gold_per_floor":[115,65,240,240,9,36,36,36,36,51,71,71,0,18,18,116,116,133,133,153,167,41],"floor_reached":23,"campfire_rested":0,"playtime":1170,"current_hp_per_floor":[70,70,70,70,70,59,59,64,64,64,60,60,60,60,60,46,75,63,63,48,24,24],"items_purged":["Doubt","Writhe"],"gold":41,"play_id":"5af75834-6818-4349-b7e0-0114b574d9b2","is_prod":false,"is_daily":false,"is_ascension_mode":false,"campfire_upgraded":2,"path_taken":["M","?","?","?","$","E","?","?","T","M","M","R","?","M","R","BOSS","M","?","M","M","$","E"],"build_version":"2018-01-25-BETA1","purchased_purges":2,"victory":false,"master_deck":["Defend_G","Defend_G","Defend_G","Defend_G","Strike_G+1","Strike_G+1","Strike_G","Strike_G","Survivor","Neutralize","Predator","Escape Plan","Expertise","Deadly Poison","Poisoned Stab+1","Calculated Gamble+1","Leg Sweep","Envenom","Bane","Bane+1","Cloak And Dagger"],"max_hp_per_floor":[70,70,70,70,70,70,70,75,75,75,75,75,75,75,75,75,75,75,75,75,77,77],"relics":["Ring of the Snake","Singing Bowl","Lantern","Whetstone","Ancient Tea Set","Runic Dome","Ginger"],"card_choices":[{"not_picked":["Backstab","Outmaneuver"],"picked":"Escape Plan"},{"not_picked":["Flying Knee","Acrobatics"],"picked":"Expertise"},{"not_picked":["Bane","Dagger Throw"],"picked":"Deadly Poison"},{"not_picked":["Caltrops","Backflip"],"picked":"Poisoned Stab"},{"not_picked":["Flying Knee","Backflip"],"picked":"Leg Sweep"},{"not_picked":["Glass Knife","After Image"],"picked":"Envenom"},{"not_picked":["Dagger Throw","Sucker Punch"],"picked":"Bane"},{"not_picked":["Crippling Poison","Blur"],"picked":"Bane"}],"player_experience":80545,"potions_floor_usage":[21,23],"damage_taken":[{"damage":0.0,"enemies":"Cultist","floor":1.0,"turns":3.0},{"damage":11.0,"enemies":"3 Sentries","floor":6.0,"turns":7.0},{"damage":0,"enemies":"Small Slimes","floor":10,"turns":4},{"damage":4,"enemies":"Blue Slaver","floor":11,"turns":5},{"damage":0,"enemies":"3 Louse","floor":14,"turns":2},{"damage":14,"enemies":"The Guardian","floor":16,"turns":10},{"damage":12,"enemies":"Shell Parasite","floor":18,"turns":6},{"damage":15,"enemies":"Spheric Guardian","floor":20,"turns":6},{"damage":41,"enemies":"3 Cultists","floor":21,"turns":7},{"damage":25,"enemies":"Slavers","floor":23,"turns":1}],"event_choices":[{"event_name":"The Cleric","player_choice":"Card Removal","floor":2.0,"damage_taken":0.0},{"event_name":"Liars Game","player_choice":"agreed","floor":3.0,"damage_taken":0.0},{"event_name":"Big Fish","player_choice":"Donut","floor":8,"damage_taken":0},{"event_name":"The Mausoleum","player_choice":"Yes","floor":19,"damage_taken":0}],"boss_relics":[{"not_picked":["Calling Bell","Runic Pyramid"],"picked":"Runic Dome"}],"potions_floor_spawned":[1,10,11,21],"seed_played":"4443667283447747436","killed_by":"Slavers","ascension_level":0,"is_trial":false}