{"gold_per_floor":[153,153,210,255,180,180],"floor_reached":6,"playtime":464,"items_purged":[],"score":322,"play_id":"b4b1703f-785d-4e83-883f-1560c4e07a52","local_time":"20190417202429","daily_mods":["Draft","Hoarder","Insanity","Chimera","Specialized","Vintage","ControlledChaos","Allstar","Red Cards","Green Cards","Blue Cards","Colorless Cards","Heirloom","Time Dilation","Flight","DeadlyEvents","Binary","Cursed Run","Elite Swarm","Lethality","Midas","Night Terrors","Terminal","Uncertain Future","Binary"],"is_ascension_mode":true,"campfire_choices":[],"neow_cost":"","seed_source_timestamp":0,"circlet_count":0,"master_deck":["Demon Form","Wraith Form v2","Echo Form","AscendersBane","Bash","Survivor","Zap","Strike_R","Strike_G","Strike_B","Defend_R","Defend_G","Defend_B","Poisoned Stab","Sentinel","Gash","Seeing Red","Wild Strike","Deflect","Dagger Spray","Quick Slash","Deadly Poison","Go for the Eyes","Prepared","Cloak And Dagger","Clash","Leap","Bane","Bane","Streamline","Leap","Backflip","PiercingWail","FTL","Flying Knee","Turbo","Corruption","Panacea","Go for the Eyes","Dramatic Entrance","Barrage","Compile Driver","Coolheaded","Havoc","Havoc","FTL","Melter","Leap","Warcry","Flechettes","PiercingWail","Poisoned Stab","Backflip","Stack","Dropkick","Distraction","All Out Attack","Reckless Charge","Beam Cell","Glacier","Leap","Searing Blow","Ball Lightning","Evolve","Evolve","Evolve","Evolve","Evolve","Evolve","Evolve","Evolve","Evolve","Evolve","Evolve","Evolve","Evolve","Infernal Blade","Infernal Blade","Infernal Blade","Go for the Eyes","Go for the Eyes","Go for the Eyes","True Grit","True Grit","True Grit","Twin Strike","Twin Strike","Twin Strike","Shrug It Off","Shrug It Off","Shrug It Off","Infernal Blade","Infernal Blade","Infernal Blade","Stack","Stack","Stack","Pummel","Pummel","Pummel","Pommel Strike","Pommel Strike","Pommel Strike","Quick Slash","Quick Slash","Quick Slash","Perfected Strike","Perfected Strike","Perfected Strike","Reckless Charge","Reckless Charge","Reckless Charge","Turbo","Turbo","Turbo","Quick Slash","Quick Slash","Quick Slash","Armaments","Armaments","Armaments"],"relics":["Snecko Eye","Unceasing Top","Busted Crown","Girya","Toxic Egg 2","Pocketwatch","Symbiotic Virus"],"potions_floor_usage":[6],"damage_taken":[{"damage":0,"enemies":"2 Louse","floor":1,"turns":2},{"damage":0,"enemies":"Jaw Worm","floor":3,"turns":1},{"damage":0,"enemies":"Cultist","floor":4,"turns":2},{"damage":8,"enemies":"3 Sentries","floor":6,"turns":1}],"seed_played":"-6068123624687108507","potions_obtained":[{"floor":1,"key":"Swift Potion"}],"is_trial":true,"path_per_floor":["M","?","M","M","?","E"],"character_chosen":"DEFECT","items_purchased":[],"campfire_rested":0,"item_purchase_floors":[],"current_hp_per_floor":[1,1,1,1,1,0],"gold":180,"neow_bonus":"","is_prod":false,"is_daily":false,"chose_seed":true,"campfire_upgraded":0,"win_rate":0,"timestamp":1555529069,"path_taken":["M","?","M","M","?","E"],"build_version":"2019-01-23","purchased_purges":0,"victory":false,"max_hp_per_floor":[1,1,1,1,1,1],"card_choices":[{"not_picked":["Forethought","Defragment"],"picked":"Infernal Blade","floor":0},{"not_picked":["Blood for Blood","Bane"],"picked":"Go for the Eyes","floor":0},{"not_picked":["Outmaneuver","Undo"],"picked":"True Grit","floor":0},{"not_picked":["Catalyst","Sword Boomerang"],"picked":"Twin Strike","floor":0},{"not_picked":["Combust","Ball Lightning"],"picked":"Shrug It Off","floor":0},{"not_picked":["Setup","Clothesline"],"picked":"Infernal Blade","floor":0},{"not_picked":["Compile Driver","Clash"],"picked":"Stack","floor":0},{"not_picked":["Flex","Headbutt"],"picked":"Pummel","floor":0},{"not_picked":["Compile Driver","Dagger Throw"],"picked":"Pommel Strike","floor":0},{"not_picked":["Loop","Expertise"],"picked":"Quick Slash","floor":0},{"not_picked":["Sweeping Beam","Searing Blow"],"picked":"Perfected Strike","floor":0},{"not_picked":["Rupture","Warcry"],"picked":"Reckless Charge","floor":0},{"not_picked":["Tactician","Defragment"],"picked":"Turbo","floor":0},{"not_picked":["Loop","Poisoned Stab"],"picked":"Quick Slash","floor":0},{"not_picked":["Dagger Throw","Dodge and Roll"],"picked":"Armaments","floor":0}],"player_experience":592623,"relics_obtained":[{"floor":1,"key":"Toxic Egg 2"},{"floor":3,"key":"Pocketwatch"},{"floor":4,"key":"Symbiotic Virus"}],"event_choices":[{"cards_removed":["Evolve"],"damage_healed":0,"gold_gain":0,"player_choice":"Forget","damage_taken":0,"max_hp_gain":0,"max_hp_loss":0,"event_name":"Living Wall","floor":2,"gold_loss":0},{"cards_removed":["Evolve"],"damage_healed":0,"gold_gain":0,"player_choice":"Card Removal","damage_taken":0,"max_hp_gain":0,"max_hp_loss":0,"event_name":"The Cleric","floor":5,"gold_loss":75}],"is_beta":false,"boss_relics":[],"items_purged_floors":[],"is_endless":false,"potions_floor_spawned":[1],"killed_by":"3 Sentries","ascension_level":20}