{"gold_per_floor":[113,124,134,145,320,320,28,40,40,54,24,57,57,86,86,181,181,193,173,190,203,222,222,252,252,252,252,267,8,22,53,53,53],"floor_reached":33,"playtime":4834,"items_purged":["Doubt"],"score":374,"play_id":"c5b2045e-e682-4457-85d5-09e68d47f5ba","local_time":"20190422011717","is_ascension_mode":true,"campfire_choices":[{"data":"Neutralize","floor":6,"key":"SMITH"},{"floor":13,"key":"REST"},{"data":"Setup","floor":15,"key":"SMITH"},{"floor":23,"key":"REST"},{"data":"Dash","floor":25,"key":"SMITH"},{"data":"Caltrops","floor":27,"key":"SMITH"},{"floor":32,"key":"REST"}],"neow_cost":"NONE","seed_source_timestamp":131194966540209,"circlet_count":0,"master_deck":["Defend_G","Defend_G","Defend_G","Defend_G","Defend_G","Strike_G","Strike_G","Strike_G","Strike_G","Survivor","Neutralize+1","Dagger Throw","Setup+1","Choke","Caltrops+1","Cloak And Dagger","Dodge and Roll","Glass Knife","Caltrops","A Thousand Cuts","Dash+1","PiercingWail+1","Prepared","After Image","Escape Plan","Calculated Gamble+1"],"relics":["Ring of the Snake","Bronze Scales","Nunchaku","Darkstone Periapt","Tingsha","Eternal Feather","FossilizedHelix","Ninja Scroll","Kunai","Happy Flower"],"potions_floor_usage":[12,14,16,18,20,21,22,31,33],"damage_taken":[{"damage":1,"enemies":"Cultist","floor":1,"turns":5},{"damage":0,"enemies":"Small Slimes","floor":2,"turns":4},{"damage":0,"enemies":"Jaw Worm","floor":3,"turns":5},{"damage":0,"enemies":"Red Slaver","floor":4,"turns":5},{"damage":0,"enemies":"2 Fungi Beasts","floor":8,"turns":4},{"damage":15,"enemies":"3 Louse","floor":10,"turns":3},{"damage":6,"enemies":"Gremlin Nob","floor":12,"turns":4},{"damage":16,"enemies":"Lagavulin","floor":14,"turns":9},{"damage":43,"enemies":"Slime Boss","floor":16,"turns":12},{"damage":25,"enemies":"2 Thieves","floor":18,"turns":4},{"damage":1,"enemies":"Chosen","floor":20,"turns":4},{"damage":15,"enemies":"Shelled Parasite and Fungi","floor":21,"turns":4},{"damage":3,"enemies":"Snake Plant","floor":22,"turns":4},{"damage":17,"enemies":"Gremlin Leader","floor":24,"turns":11},{"damage":0,"enemies":"Snecko","floor":28,"turns":4},{"damage":0,"enemies":"Centurion and Healer","floor":30,"turns":10},{"damage":33,"enemies":"Slavers","floor":31,"turns":6},{"damage":98,"enemies":"Automaton","floor":33,"turns":12}],"seed_played":"2375717974108062976","potions_obtained":[{"floor":3,"key":"Ancient Potion"},{"floor":8,"key":"LiquidBronze"},{"floor":14,"key":"GhostInAJar"},{"floor":16,"key":"AttackPotion"},{"floor":19,"key":"Poison Potion"},{"floor":20,"key":"EntropicBrew"},{"floor":28,"key":"Ancient Potion"}],"is_trial":false,"path_per_floor":["M","M","M","M","?","R","$","M","T","M","?","E","R","E","R","B",null,"M","?","M","M","M","R","E","R","T","R","M","$","M","E","R","B"],"character_chosen":"THE_SILENT","items_purchased":["Bronze Scales","Caltrops","Kunai"],"campfire_rested":3,"item_purchase_floors":[7,7,29],"current_hp_per_floor":[69,69,69,69,69,69,69,69,69,54,54,48,69,53,53,10,55,30,30,29,14,11,44,27,39,39,51,51,51,51,18,54,0],"gold":53,"neow_bonus":"REMOVE_CARD","is_prod":false,"is_daily":false,"chose_seed":false,"campfire_upgraded":4,"win_rate":0,"timestamp":1555917437,"path_taken":["M","?","M","M","?","R","$","M","T","M","?","E","R","E","R","BOSS","M","?","?","M","M","R","E","R","T","R","M","?","M","E","R","BOSS"],"build_version":"2019-01-23","purchased_purges":1,"victory":false,"max_hp_per_floor":[70,70,70,70,70,70,70,70,70,70,70,70,70,70,70,70,70,70,70,70,70,70,70,70,70,70,70,70,70,70,70,70,70],"card_choices":[{"not_picked":["Sucker Punch","Bane","Choke"],"picked":"SKIP","floor":1},{"not_picked":["Prepared","Bane"],"picked":"Dagger Throw","floor":2},{"not_picked":["Accuracy","Poisoned Stab"],"picked":"Setup","floor":3},{"not_picked":["Sucker Punch","Prepared"],"picked":"Choke","floor":4},{"not_picked":["Underhanded Strike","Riddle With Holes"],"picked":"Cloak And Dagger","floor":8},{"not_picked":["Dagger Throw","Outmaneuver"],"picked":"Dodge and Roll","floor":10},{"not_picked":["Bane","Poisoned Stab"],"picked":"Glass Knife","floor":12},{"not_picked":["Predator","Tools of the Trade"],"picked":"Caltrops","floor":14},{"not_picked":["Die Die Die","Tools of the Trade"],"picked":"A Thousand Cuts","floor":16},{"not_picked":["Dagger Spray+1","Dagger Throw"],"picked":"Dash","floor":18},{"not_picked":["Skewer","Bane"],"picked":"PiercingWail+1","floor":20},{"not_picked":["Skewer","Flying Knee","Endless Agony"],"picked":"SKIP","floor":21},{"not_picked":["Crippling Poison","Flying Knee+1"],"picked":"Prepared","floor":22},{"not_picked":["Masterful Stab","Slice","Endless Agony+1"],"picked":"SKIP","floor":24},{"not_picked":["Caltrops","Acrobatics"],"picked":"After Image","floor":28},{"not_picked":["Blade Dance+1","Poisoned Stab"],"picked":"Escape Plan","floor":30},{"not_picked":["Leg Sweep","Slice+1"],"picked":"Calculated Gamble+1","floor":31}],"player_experience":437854,"relics_obtained":[{"floor":9,"key":"Nunchaku"},{"floor":12,"key":"Darkstone Periapt"},{"floor":14,"key":"Tingsha"},{"floor":24,"key":"FossilizedHelix"},{"floor":26,"key":"Ninja Scroll"},{"floor":31,"key":"Happy Flower"}],"event_choices":[{"damage_healed":0,"gold_gain":175,"player_choice":"AGREE","damage_taken":0,"max_hp_gain":0,"max_hp_loss":0,"event_name":"Liars Game","floor":5,"gold_loss":0,"cards_obtained":["Doubt"]},{"damage_healed":0,"gold_gain":0,"player_choice":"Left Gold","damage_taken":0,"max_hp_gain":0,"max_hp_loss":0,"event_name":"World of Goop","floor":11,"gold_loss":30},{"damage_healed":0,"gold_gain":0,"player_choice":"Bought 1 Potion","damage_taken":0,"max_hp_gain":0,"max_hp_loss":0,"event_name":"The Woman in Blue","floor":19,"gold_loss":0}],"is_beta":false,"boss_relics":[{"not_picked":["Lizard Tail","Tiny House"],"picked":"Eternal Feather"}],"items_purged_floors":[7],"is_endless":false,"potions_floor_spawned":[3,8,14,16,20,21,28,30],"killed_by":"Automaton","ascension_level":5}