{"path_per_floor":["M","$","?","M","M","R","E","?","T","$","R","M","M","M","R","B",null,"M","?","?","M"],"character_chosen":"IRONCLAD","items_purchased":["Ghostly Armor"],"gold_per_floor":[119,119,119,131,145,145,178,178,178,32,32,50,66,85,85,189,189,205,130,130,119],"floor_reached":22,"campfire_rested":1,"playtime":1120,"current_hp_per_floor":[77,77,70,72,78,78,53,37,37,37,76,77,76,80,80,42,71,41,41,41,31],"items_purged":["Strike_R"],"gold":119,"score":233,"play_id":"80b2594f-53fd-46a3-931f-7572b177375c","is_prod":false,"is_daily":false,"is_ascension_mode":true,"campfire_upgraded":2,"path_taken":["M","$","?","M","M","R","E","?","T","$","R","M","M","M","R","BOSS","M","?","?","M","M"],"build_version":"2018-02-15-PROD1","purchased_purges":1,"victory":false,"master_deck":["Strike_R","Strike_R","Defend_R+1","Defend_R","Defend_R","Defend_R+1","Bash","Entrench+1","Metallicize","Berserk","Ghostly Armor","Rampage+1","Rupture","Juggernaut","Entrench","Rampage+1","Shrug It Off"],"max_hp_per_floor":[80,80,80,80,80,80,80,80,80,80,80,80,80,80,80,80,80,80,80,80,80],"relics":["Burning Blood","Oddly Smooth Stone","Regal Pillow","Philosopher\u0027s Stone"],"card_choices":[{"not_picked":["Rupture","Heavy Blade"],"picked":"Entrench"},{"not_picked":["Cleave","Second Wind"],"picked":"Metallicize"},{"not_picked":["Clash","Whirlwind"],"picked":"Berserk"},{"not_picked":["Havoc","Armaments"],"picked":"Rampage"},{"not_picked":["Sentinel","Anger"],"picked":"Rupture"},{"not_picked":["Limit Break","Double Tap"],"picked":"Juggernaut"},{"not_picked":["Seeing Red","Evolve"],"picked":"Entrench"},{"not_picked":["Hemokinesis","Twin Strike"],"picked":"Shrug It Off"}],"player_experience":127615,"potions_floor_usage":[4,7,16,16,21],"damage_taken":[{"damage":9,"enemies":"2 Louse","floor":1,"turns":2},{"damage":4,"enemies":"Jaw Worm","floor":4,"turns":5},{"damage":0,"enemies":"Small Slimes","floor":5,"turns":4},{"damage":31,"enemies":"Gremlin Nob","floor":7,"turns":5},{"damage":5,"enemies":"3 Louse","floor":12,"turns":7},{"damage":7,"enemies":"Looter","floor":13,"turns":5},{"damage":0,"enemies":"2 Fungi Beasts","floor":14,"turns":4},{"damage":44,"enemies":"Slime Boss","floor":16,"turns":12},{"damage":36,"enemies":"Spheric Guardian","floor":18,"turns":6},{"damage":16,"enemies":"2 Thieves","floor":21,"turns":5},{"damage":33,"enemies":"Sentry and Sphere","floor":22,"turns":7}],"event_choices":[{"event_name":"Golden Wing","player_choice":"Card Removal","floor":3,"damage_taken":0},{"event_name":"Shining Light","player_choice":"Entered Light","floor":8,"damage_taken":0},{"event_name":"Beggar","player_choice":"Gave Gold","floor":19,"damage_taken":0},{"event_name":"Duplicator","player_choice":"One dupe","floor":20,"damage_taken":0}],"boss_relics":[{"not_picked":["Black Blood","Orrery"],"picked":"Philosopher\u0027s Stone"}],"potions_floor_spawned":[1,5,12,14,16],"seed_played":"-9128202958009131708","killed_by":"Sentry and Sphere","ascension_level":5,"is_trial":false}