{"gold_per_floor":[116,116,132,153,328,328,54,68,93,93,127,140,180,205,205,329,329,329,329,51,51,51,51,51,51,51,51,51,51,51,51,51,51,51,51,0,0,0,0,0,0,0,0,0,0,0,0,0,0,0],"floor_reached":50,"playtime":2393,"items_purged":["Doubt","Strike_R"],"score":932,"play_id":"51310ae7-e3cf-4b7f-8d25-ba00fe7bc192","local_time":"20190114131542","is_ascension_mode":true,"campfire_choices":[{"data":"Bash","floor":6,"key":"SMITH"},{"data":"True Grit","floor":15,"key":"SMITH"},{"data":"Apotheosis","floor":23,"key":"SMITH"},{"floor":25,"key":"REST"},{"data":"Exhume","floor":32,"key":"SMITH"},{"data":"Double Tap","floor":42,"key":"SMITH"},{"floor":49,"key":"RECALL"}],"neow_cost":"NONE","seed_source_timestamp":1711648911298994,"circlet_count":0,"master_deck":["Strike_R","Strike_R","Strike_R","Strike_R","Defend_R","Defend_R+1","Defend_R+1","Bash+1","True Grit+1","Headbutt","Feed","Exhume+1","Sword Boomerang","Offering","Shrug It Off","Flex+1","Apotheosis+1","Spot Weakness+1","Shrug It Off","RitualDagger","Warcry+1","Double Tap+1","Twin Strike","Entrench+1"],"relics":["Black Blood","Bag of Preparation","Golden Idol","Sling","PreservedInsect","Vajra","Omamori","Ectoplasm","Art of War","MutagenicStrength","War Paint","Matryoshka","Bag of Marbles","Darkstone Periapt","Sundial","Red Mask","Old Coin","Unceasing Top","Ancient Tea Set","Calipers","Question Card"],"potions_floor_usage":[8,16,16,16,27,33,47,50,50],"damage_taken":[{"damage":6,"enemies":"Cultist","floor":1,"turns":4},{"damage":0,"enemies":"Small Slimes","floor":3,"turns":3},{"damage":7,"enemies":"2 Louse","floor":4,"turns":3},{"damage":8,"enemies":"Gremlin Gang","floor":8,"turns":7},{"damage":18,"enemies":"3 Sentries","floor":11,"turns":7},{"damage":6,"enemies":"Blue Slaver","floor":12,"turns":2},{"damage":20,"enemies":"Lagavulin","floor":13,"turns":3},{"damage":5,"enemies":"Looter","floor":14,"turns":3},{"damage":48,"enemies":"Slime Boss","floor":16,"turns":12},{"damage":19,"enemies":"3 Byrds","floor":18,"turns":4},{"damage":12,"enemies":"Spheric Guardian","floor":19,"turns":3},{"damage":20,"enemies":"Slavers","floor":24,"turns":4},{"damage":12,"enemies":"3 Cultists","floor":27,"turns":2},{"damage":17,"enemies":"Gremlin Leader","floor":28,"turns":4},{"damage":14,"enemies":"Snake Plant","floor":31,"turns":2},{"damage":44,"enemies":"Automaton","floor":33,"turns":8},{"damage":17,"enemies":"3 Shapes","floor":35,"turns":3},{"damage":21,"enemies":"Mind Bloom Boss Battle","floor":38,"turns":2},{"damage":13,"enemies":"3 Darklings","floor":39,"turns":2},{"damage":6,"enemies":"Nemesis","floor":40,"turns":1},{"damage":6,"enemies":"Jaw Worm Horde","floor":41,"turns":1},{"damage":6,"enemies":"Reptomancer","floor":44,"turns":2},{"damage":6,"enemies":"Writhing Mass","floor":45,"turns":3},{"damage":5,"enemies":"Nemesis","floor":46,"turns":3},{"damage":18,"enemies":"3 Darklings","floor":47,"turns":3},{"damage":102,"enemies":"Time Eater","floor":50,"turns":6}],"seed_played":"420383330677248044","potions_obtained":[{"floor":3,"key":"Dexterity Potion"},{"floor":4,"key":"Fire Potion"},{"floor":13,"key":"Dexterity Potion"},{"floor":14,"key":"Ancient Potion"},{"floor":19,"key":"BloodPotion"},{"floor":24,"key":"SteroidPotion"},{"floor":33,"key":"FearPotion"},{"floor":39,"key":"Ancient Potion"},{"floor":41,"key":"LiquidBronze"},{"floor":45,"key":"SkillPotion"}],"is_trial":false,"path_per_floor":["M","?","M","M","?","R","$","M","T","?","E","M","E","M","R","B",null,"M","M","$","?","?","R","E","R","T","M","E","T","?","M","R","B",null,"M","?","?","?","M","E","M","R","T","E","M","E","M","?","R","B"],"character_chosen":"IRONCLAD","items_purchased":["Sling","Apotheosis"],"campfire_rested":1,"item_purchase_floors":[7,20],"current_hp_per_floor":[72,52,58,57,57,57,57,58,58,83,74,77,66,70,70,31,81,71,65,65,65,65,65,59,91,91,100,93,93,87,79,79,45,102,99,99,99,88,85,89,93,93,93,97,101,106,98,98,98,0],"gold":0,"neow_bonus":"RANDOM_COMMON_RELIC","is_prod":false,"is_daily":false,"chose_seed":false,"campfire_upgraded":5,"win_rate":0,"timestamp":1547471742,"path_taken":["M","?","M","M","?","R","$","M","T","?","E","?","E","M","R","BOSS","M","M","$","?","?","R","E","R","T","M","E","?","?","M","R","BOSS","M","?","?","?","M","E","M","R","T","E","M","E","M","?","R","BOSS"],"build_version":"2019-01-10","purchased_purges":2,"victory":false,"max_hp_per_floor":[80,80,80,80,80,80,80,83,83,83,86,89,92,95,95,98,98,101,101,101,101,101,101,109,109,109,113,117,117,117,117,117,121,121,125,125,125,125,125,125,125,125,125,125,125,125,125,125,125,125],"card_choices":[{"not_picked":["Sentinel","Whirlwind"],"picked":"True Grit","floor":1},{"not_picked":["Sentinel","Heavy Blade"],"picked":"Headbutt","floor":3},{"not_picked":["Clothesline","Havoc"],"picked":"Feed","floor":4},{"not_picked":["Dual Wield","Power Through","Body Slam"],"picked":"SKIP","floor":8},{"not_picked":["Twin Strike","Heavy Blade"],"picked":"Exhume","floor":11},{"not_picked":["Warcry","Heavy Blade"],"picked":"Sword Boomerang","floor":12},{"not_picked":["Intimidate","Clothesline","Demon Form"],"picked":"SKIP","floor":13},{"not_picked":["Entrench","Thunderclap","Dual Wield"],"picked":"SKIP","floor":14},{"not_picked":["Limit Break","Exhume"],"picked":"Offering","floor":16},{"not_picked":["Carnage","Clothesline+1"],"picked":"Shrug It Off","floor":18},{"not_picked":["Clothesline","Headbutt+1"],"picked":"Flex+1","floor":19},{"not_picked":["Dropkick+1","Armaments"],"picked":"Spot Weakness+1","floor":24},{"not_picked":["Uppercut","Anger","Cleave"],"picked":"SKIP","floor":27},{"not_picked":["Intimidate","Headbutt"],"picked":"Shrug It Off","floor":28},{"not_picked":["Body Slam+1","Spot Weakness"],"picked":"Warcry+1","floor":31},{"not_picked":["Fiend Fire","Immolate"],"picked":"Double Tap","floor":33},{"not_picked":["Spot Weakness","Armaments+1","Havoc"],"picked":"SKIP","floor":35},{"not_picked":["Flex","Thunderclap"],"picked":"Twin Strike","floor":38},{"not_picked":["Reckless Charge+1","Dual Wield+1","Fire Breathing"],"picked":"SKIP","floor":39},{"not_picked":["Bloodletting+1","Headbutt+1"],"picked":"Entrench+1","floor":40},{"not_picked":["Fire Breathing","Iron Wave","Clash"],"picked":"SKIP","floor":41},{"not_picked":["Corruption","Flame Barrier","Evolve+1"],"picked":"SKIP","floor":44},{"not_picked":["Perfected Strike+1","Cleave+1","Rupture"],"picked":"SKIP","floor":45},{"not_picked":["Offering","Ghostly Armor+1","Double Tap"],"picked":"SKIP","floor":46},{"not_picked":["Hemokinesis","Clash+1","Wild Strike+1","Headbutt+1"],"picked":"SKIP","floor":47}],"player_experience":278982,"relics_obtained":[{"floor":9,"key":"PreservedInsect"},{"floor":11,"key":"Vajra"},{"floor":13,"key":"Omamori"},{"floor":24,"key":"War Paint"},{"floor":26,"key":"Matryoshka"},{"floor":28,"key":"Bag of Marbles"},{"floor":29,"key":"Darkstone Periapt"},{"floor":29,"key":"Sundial"},{"floor":38,"key":"Old Coin"},{"floor":40,"key":"Unceasing Top"},{"floor":43,"key":"Ancient Tea Set"},{"floor":44,"key":"Calipers"},{"floor":46,"key":"Question Card"}],"event_choices":[{"damage_healed":0,"gold_gain":0,"player_choice":"Take Damage","damage_taken":20,"relics_obtained":["Golden Idol"],"max_hp_gain":0,"max_hp_loss":0,"event_name":"Golden Idol","floor":2,"gold_loss":0},{"damage_healed":0,"gold_gain":175,"player_choice":"AGREE","damage_taken":0,"max_hp_gain":0,"max_hp_loss":0,"event_name":"Liars Game","floor":5,"gold_loss":0,"cards_obtained":["Doubt"]},{"damage_healed":25,"gold_gain":0,"player_choice":"Full Heal","damage_taken":0,"max_hp_gain":0,"max_hp_loss":0,"event_name":"Wheel of Change","floor":10,"gold_loss":0},{"damage_healed":0,"gold_gain":0,"player_choice":"Stole Relic","damage_taken":0,"relics_obtained":["Art of War"],"max_hp_gain":0,"max_hp_loss":0,"event_name":"Addict","floor":21,"gold_loss":0,"cards_obtained":["Shame"]},{"damage_healed":0,"gold_gain":0,"player_choice":"Inject Mutagens","damage_taken":0,"relics_obtained":["MutagenicStrength"],"max_hp_gain":0,"max_hp_loss":0,"event_name":"Drug Dealer","floor":22,"gold_loss":0},{"damage_healed":0,"gold_gain":0,"player_choice":"Joined the Cult","damage_taken":6,"max_hp_gain":0,"max_hp_loss":0,"event_name":"Nest","floor":30,"gold_loss":0,"cards_obtained":["RitualDagger"]},{"damage_healed":0,"gold_gain":0,"player_choice":"Paid","damage_taken":0,"relics_obtained":["Red Mask"],"max_hp_gain":0,"max_hp_loss":0,"event_name":"Tomb of Lord Red Mask","floor":36,"gold_loss":51},{"cards_removed":["Defend_R"],"damage_healed":0,"gold_gain":0,"player_choice":"Removed Skill","damage_taken":0,"max_hp_gain":0,"max_hp_loss":0,"event_name":"Falling","floor":37,"gold_loss":0},{"damage_healed":0,"gold_gain":0,"player_choice":"Fight","damage_taken":0,"max_hp_gain":0,"max_hp_loss":0,"event_name":"MindBloom","floor":38,"gold_loss":0},{"damage_healed":0,"gold_gain":0,"player_choice":"Memory 1","damage_taken":0,"max_hp_gain":0,"max_hp_loss":0,"event_name":"SensoryStone","floor":48,"gold_loss":0}],"is_beta":false,"boss_relics":[{"not_picked":["Lizard Tail","Pandora\u0027s Box"],"picked":"Ectoplasm"},{"not_picked":["Mark of Pain","Coffee Dripper"],"picked":"Black Blood"}],"items_purged_floors":[7,20],"is_endless":false,"potions_floor_spawned":[3,4,13,14,19,24,33,39,41,45,46],"killed_by":"Time Eater","ascension_level":8}