{"path_per_floor":["M","M","M","?","$","R","?","E","T","E","T","E","M","M","R","B",null,"M","$","M","?","M","E","R","M","T","$","M","E","?","M","R","B",null,"M","M","?","$","M","R","M","E","T","M","?","?","E","M","R","B",null,"M","?","M","?","$","M","E","M","T","M","E","R","?","E","R","B",null,"M","?","?","M","$","R","?","?","E","?","R","?","M","M","R","B",null,"M","$","M","M","?","E","R","M"],"character_chosen":"DEFECT","items_purchased":["Cold Snap","Du-Vu Doll","Pantograph","Dead Branch","Self Repair+1","Gash","Unceasing Top","Apotheosis","Darkstone Periapt"],"gold_per_floor":[109,125,139,139,11,11,41,75,75,110,110,137,153,169,169,271,271,287,207,221,221,239,272,272,291,291,41,61,89,89,105,105,210,210,228,243,243,43,56,56,72,104,104,116,116,116,141,153,153,249,249,265,440,454,454,43,62,90,104,187,201,229,229,229,272,272,400,400,420,420,420,436,58,58,58,58,85,85,85,85,105,119,119,217,217,228,21,34,46,0,25,25,35,35],"floor_reached":94,"campfire_rested":0,"playtime":4195,"item_purchase_floors":[5,27,38,56,56,56,73,73,87],"current_hp_per_floor":[70,70,70,70,70,70,69,75,75,69,69,66,61,61,61,40,75,75,75,75,75,75,71,71,61,61,61,61,62,62,62,62,56,82,82,72,58,58,58,58,58,58,58,58,58,79,52,50,50,37,82,82,82,80,80,80,80,82,82,82,82,82,82,82,67,67,53,82,82,82,82,71,71,71,55,55,57,57,57,57,57,66,66,57,82,82,82,82,82,82,82,82,82,0],"items_purged":["Regret","Redo","Hyperbeam"],"gold":35,"score":2215,"play_id":"68db8dc7-a0a4-466c-81dc-ed8c729f536d","local_time":"20180623161826","daily_mods":["Draft"],"is_prod":false,"is_daily":false,"chose_seed":true,"is_ascension_mode":false,"campfire_upgraded":12,"win_rate":0,"timestamp":1529792306,"campfire_choices":[{"data":"Hologram","floor":6,"key":"SMITH"},{"data":"Electrodynamics","floor":15,"key":"SMITH"},{"data":"Glacier","floor":24,"key":"SMITH"},{"data":"Go for the Eyes","floor":32,"key":"SMITH"},{"data":"Beam Cell","floor":40,"key":"SMITH"},{"data":"Coolheaded","floor":49,"key":"SMITH"},{"data":"Coolheaded","floor":63,"key":"SMITH"},{"data":"Go for the Eyes","floor":66,"key":"SMITH"},{"data":"Apotheosis","floor":74,"key":"SMITH"},{"data":"Double Energy","floor":79,"key":"SMITH"},{"data":"Blizzard","floor":83,"key":"SMITH"},{"data":"Hologram","floor":92,"key":"SMITH"}],"path_taken":["M","M","M","?","$","R","?","E","T","E","?","E","M","M","R","BOSS","M","$","M","?","M","E","R","M","T","$","M","E","?","M","R","BOSS","M","M","?","$","M","R","M","E","T","M","?","?","E","M","R","BOSS","M","?","M","?","$","M","E","M","T","M","E","R","?","E","R","BOSS","M","?","?","M","$","R","?","?","E","?","R","?","M","M","R","BOSS","M","$","M","M","?","E","R","M","E"],"build_version":"2018-06-21","seed_source_timestamp":807918073891805,"purchased_purges":3,"circlet_count":0,"victory":false,"master_deck":["Coolheaded+1","Gash","Go for the Eyes+1","Beam Cell+1","Hologram+1","Glacier+1","Rebound","Ball Lightning","Coolheaded","Go for the Eyes+1","Compile Driver","Blizzard","Gash","Leap","Blizzard+1","Cold Snap","Cold Snap","Electrodynamics+1","Gash","Coolheaded+1","Cold Snap","All For One","Chaos+1","Go for the Eyes","Decay","Gash+1","Ball Lightning","Decay","Skim+1","All For One","Core Surge","Reinforced Body+1","Tempest+1","Chaos+1","Glacier+1","Decay","Beam Cell+1","Writhe","Cold Snap+1","Conserve Battery","Doubt","Conserve Battery+1","Self Repair+1","Gash","Parasite","Injury","Double Energy+1","Apotheosis+1","Necronomicurse","Hologram+1","Buffer+1","Beam Cell","Hologram","Gash"],"max_hp_per_floor":[75,75,75,75,75,75,75,75,75,75,75,75,75,75,75,75,75,75,75,75,75,75,75,75,75,75,75,75,82,82,82,82,82,82,82,82,82,82,82,82,82,82,82,82,82,82,82,82,82,82,82,82,82,82,82,82,82,82,82,82,82,82,82,82,82,82,82,82,82,82,82,82,82,82,82,82,82,82,82,82,82,82,82,82,82,82,82,82,82,82,82,82,82,82],"special_seed":20635678,"relics":["Cracked Core","Ornamental Fan","Odd Mushroom","Potion Belt","Bottled Lightning","The Courier","Frozen Egg 2","Bottled Tornado","Cursed Key","Dodecahedron","Matryoshka","Du-Vu Doll","Strawberry","Coffee Dripper","Ice Cream","Pantograph","Symbiotic Virus","Juzu Bracelet","Toolbox","Kunai","Busted Crown","Dead Branch","Art of War","Tiny Chest","Bloody Idol","Meat on the Bone","Unceasing Top","Necronomicon","Darkstone Periapt","Red Mask"],"card_choices":[{"not_picked":["Lockon","Gash"],"picked":"Coolheaded","floor":0},{"not_picked":["Ball Lightning","Skim"],"picked":"Gash","floor":0},{"not_picked":["Steam Power","Redo"],"picked":"Rebound","floor":0},{"not_picked":["Compile Driver","Redo"],"picked":"Go for the Eyes","floor":0},{"not_picked":["Cold Snap","Hologram"],"picked":"Beam Cell","floor":0},{"not_picked":["Defragment","Blizzard"],"picked":"Hologram","floor":0},{"not_picked":["Coolheaded","Cold Snap"],"picked":"Glacier","floor":0},{"not_picked":["Tempest","Steam Power"],"picked":"Stack","floor":0},{"not_picked":["Ball Lightning","Hologram"],"picked":"Rebound","floor":0},{"not_picked":["Compile Driver","Stack"],"picked":"Ball Lightning","floor":0},{"not_picked":["Undo","Darkness"],"picked":"Redo","floor":0},{"not_picked":["Loop","Compile Driver"],"picked":"Coolheaded","floor":0},{"not_picked":["Stack","White Noise"],"picked":"Go for the Eyes","floor":0},{"not_picked":["Stack","Steam Power"],"picked":"Compile Driver","floor":0},{"not_picked":["Leap","Compile Driver"],"picked":"Blizzard","floor":0},{"not_picked":["Undo","Capacitor"],"picked":"Gash","floor":1},{"not_picked":["Turbo","Chaos"],"picked":"Leap","floor":2},{"not_picked":["Self Repair","Compile Driver"],"picked":"Blizzard","floor":3},{"not_picked":["Aggregate","Sweeping Beam"],"picked":"Cold Snap","floor":7},{"not_picked":["Conserve Battery","Stack"],"picked":"Electrodynamics","floor":8},{"not_picked":["Streamline","Redo"],"picked":"Gash","floor":10},{"not_picked":["Steam","Ball Lightning"],"picked":"Coolheaded","floor":12},{"not_picked":["Steam Power","Ball Lightning","Streamline"],"picked":"SKIP","floor":13},{"not_picked":["Steam Power","Core Surge"],"picked":"Cold Snap","floor":14},{"not_picked":["Buffer+1","Creative AI+1"],"picked":"All For One","floor":16},{"not_picked":["Go for the Eyes","Leap"],"picked":"Chaos+1","floor":18},{"not_picked":["Beam Cell","Blizzard"],"picked":"Go for the Eyes","floor":20},{"not_picked":["Skim","Heatsinks+1"],"picked":"Gash+1","floor":22},{"not_picked":["Fission","Consume","Conserve Battery+1"],"picked":"SKIP","floor":23},{"not_picked":["Leap","Self Repair+1"],"picked":"Ball Lightning","floor":25},{"not_picked":["Self Repair+1","Leap","Chaos"],"picked":"SKIP","floor":28},{"not_picked":["White Noise","Go for the Eyes"],"picked":"Skim+1","floor":29},{"not_picked":["Gash","White Noise"],"picked":"All For One","floor":31},{"not_picked":["Electrodynamics+1","Rainbow"],"picked":"Core Surge","floor":33},{"not_picked":["Rebound","Rip and Tear"],"picked":"Reinforced Body+1","floor":35},{"not_picked":["Storm+1","Barrage","Sweeping Beam+1"],"picked":"SKIP","floor":36},{"not_picked":["Barrage","Skim"],"picked":"Tempest+1","floor":37},{"not_picked":["Hologram","Multi-Cast"],"picked":"Chaos+1","floor":39},{"not_picked":["Steam","Go for the Eyes+1"],"picked":"Glacier+1","floor":41},{"not_picked":["Streamline+1","Rip and Tear","Genetic Algorithm"],"picked":"SKIP","floor":42},{"not_picked":["Fusion+1","Hello World+1"],"picked":"Beam Cell+1","floor":44},{"not_picked":["Machine Learning+1","Compile Driver"],"picked":"Cold Snap+1","floor":47},{"not_picked":["Sunder","Conserve Battery","Ball Lightning"],"picked":"SKIP","floor":48},{"not_picked":[],"picked":"Conserve Battery","floor":52},{"not_picked":[],"picked":"Conserve Battery","floor":54},{"not_picked":["Steam"],"picked":"SKIP","floor":57},{"not_picked":["Scrape"],"picked":"SKIP","floor":58},{"not_picked":["Reinforced Body"],"picked":"SKIP","floor":59},{"not_picked":["Reinforced Body"],"picked":"SKIP","floor":61},{"not_picked":["Genetic Algorithm"],"picked":"SKIP","floor":62},{"not_picked":["Thunder Strike"],"picked":"SKIP","floor":65},{"not_picked":["Loop+1"],"picked":"SKIP","floor":69},{"not_picked":["Lockon"],"picked":"SKIP","floor":72},{"not_picked":["Stack"],"picked":"SKIP","floor":77},{"not_picked":[],"picked":"Hologram","floor":81},{"not_picked":["Undo+1"],"picked":"SKIP","floor":82},{"not_picked":[],"picked":"Buffer+1","floor":84},{"not_picked":[],"picked":"Beam Cell","floor":86},{"not_picked":[],"picked":"Hologram","floor":88},{"not_picked":[],"picked":"Gash","floor":89},{"not_picked":["Rebound"],"picked":"SKIP","floor":91},{"not_picked":["Undo"],"picked":"SKIP","floor":93}],"player_experience":371323,"potions_floor_usage":[8,13,16,29,33,44,47,58,67,84,84,88,91],"damage_taken":[{"damage":5,"enemies":"2 Louse","floor":1,"turns":2},{"damage":0,"enemies":"Small Slimes","floor":2,"turns":3},{"damage":0,"enemies":"Cultist","floor":3,"turns":4},{"damage":1,"floor":7,"turns":4},{"damage":4,"enemies":"3 Sentries","floor":8,"turns":6},{"damage":6,"enemies":"Lagavulin","floor":10,"turns":7},{"damage":3,"enemies":"Gremlin Nob","floor":12,"turns":3},{"damage":5,"enemies":"Gremlin Gang","floor":13,"turns":3},{"damage":0,"enemies":"Blue Slaver","floor":14,"turns":3},{"damage":21,"enemies":"Hexaghost","floor":16,"turns":8},{"damage":0,"enemies":"Chosen","floor":18,"turns":4},{"damage":0,"enemies":"2 Thieves","floor":20,"turns":3},{"damage":0,"enemies":"Centurion and Healer","floor":22,"turns":5},{"damage":4,"enemies":"Gremlin Leader","floor":23,"turns":5},{"damage":10,"enemies":"Snecko","floor":25,"turns":8},{"damage":0,"enemies":"Sentry and Sphere","floor":28,"turns":3},{"damage":6,"enemies":"Book of Stabbing","floor":29,"turns":4},{"damage":0,"enemies":"3 Cultists","floor":31,"turns":3},{"damage":6,"enemies":"Collector","floor":33,"turns":7},{"damage":0,"enemies":"3 Darklings","floor":35,"turns":3},{"damage":10,"enemies":"Flame Bruiser 1 Orb","floor":36,"turns":3},{"damage":14,"floor":37,"turns":11},{"damage":0,"enemies":"Transient","floor":39,"turns":5},{"damage":0,"enemies":"3 Darklings","floor":41,"turns":2},{"damage":0,"enemies":"Giant Head","floor":42,"turns":5},{"damage":0,"enemies":"Sphere and 2 Shapes","floor":44,"turns":3},{"damage":27,"enemies":"2 Orb Walkers","floor":47,"turns":3},{"damage":2,"enemies":"Spire Growth","floor":48,"turns":5},{"damage":38,"enemies":"Time Eater","floor":50,"turns":11},{"damage":0,"enemies":"2 Louse","floor":52,"turns":1},{"damage":2,"enemies":"Jaw Worm","floor":54,"turns":2},{"damage":0,"enemies":"Cultist","floor":57,"turns":2},{"damage":0,"enemies":"3 Sentries","floor":58,"turns":3},{"damage":0,"enemies":"Blue Slaver","floor":59,"turns":2},{"damage":0,"enemies":"3 Louse","floor":61,"turns":1},{"damage":0,"enemies":"Gremlin Nob","floor":62,"turns":2},{"damage":15,"enemies":"Lagavulin","floor":65,"turns":3},{"damage":39,"enemies":"The Guardian","floor":67,"turns":6},{"damage":0,"enemies":"Spheric Guardian","floor":69,"turns":1},{"damage":11,"enemies":"Shell Parasite","floor":72,"turns":3},{"damage":19,"enemies":"Book of Stabbing","floor":77,"turns":4},{"damage":5,"enemies":"Cultist and Chosen","floor":81,"turns":3},{"damage":0,"enemies":"Snake Plant","floor":82,"turns":2},{"damage":30,"enemies":"Automaton","floor":84,"turns":5},{"damage":0,"enemies":"3 Darklings","floor":86,"turns":2},{"damage":0,"enemies":"Orb Walker","floor":88,"turns":2},{"damage":0,"enemies":"Spire Growth","floor":89,"turns":3},{"damage":0,"enemies":"Nemesis","floor":91,"turns":6},{"damage":12,"enemies":"3 Darklings","floor":93,"turns":3},{"damage":85,"enemies":"2 Orb Walkers","floor":94,"turns":3}],"relics_obtained":[{"floor":7,"key":"Odd Mushroom"},{"floor":8,"key":"Potion Belt"},{"floor":9,"key":"Bottled Lightning"},{"floor":10,"key":"The Courier"},{"floor":11,"key":"Frozen Egg 2"},{"floor":12,"key":"Bottled Tornado"},{"floor":23,"key":"Dodecahedron"},{"floor":26,"key":"Matryoshka"},{"floor":29,"key":"Strawberry"},{"floor":37,"key":"Ice Cream"},{"floor":42,"key":"Symbiotic Virus"},{"floor":43,"key":"Juzu Bracelet"},{"floor":43,"key":"Toolbox"},{"floor":47,"key":"Kunai"},{"floor":60,"key":"Art of War"},{"floor":60,"key":"Tiny Chest"},{"floor":75,"key":"Necronomicon"}],"event_choices":[{"event_name":"Big Fish","player_choice":"Box","floor":4,"damage_taken":0},{"event_name":"Mushrooms","player_choice":"Fought Mushrooms","floor":7,"damage_taken":0},{"event_name":"Wheel of Change","player_choice":"Curse","floor":21,"damage_taken":0},{"event_name":"Fountain of Cleansing","player_choice":"Ignored","floor":30,"damage_taken":0},{"event_name":"MindBloom","player_choice":"Fight","floor":37,"damage_taken":0},{"event_name":"Transmorgrifier","player_choice":"Transform","floor":45,"damage_taken":0},{"event_name":"Winding Halls","player_choice":"Writhe","floor":46,"damage_taken":0},{"event_name":"Liars Game","player_choice":"agreed","floor":53,"damage_taken":0},{"event_name":"Living Wall","player_choice":"Grow","floor":55,"damage_taken":0},{"event_name":"Golden Idol","player_choice":"Take Wound","floor":64,"damage_taken":0},{"event_name":"The Mausoleum","player_choice":"Yes","floor":70,"damage_taken":0},{"event_name":"The Library","player_choice":"Read","floor":71,"damage_taken":0},{"event_name":"Cursed Tome","player_choice":"Obtained Book","floor":75,"damage_taken":0},{"event_name":"Forgotten Altar","player_choice":"Gave Idol","floor":76,"damage_taken":0},{"event_name":"Vampires","player_choice":"Ignored","floor":78,"damage_taken":0},{"event_name":"Back to Basics","player_choice":"Elegance","floor":80,"damage_taken":0},{"event_name":"Tomb of Lord Red Mask","player_choice":"Paid","floor":90,"damage_taken":0}],"boss_relics":[{"not_picked":["Orrery","Philosopher\u0027s Stone"],"picked":"Cursed Key"},{"not_picked":["Runic Dome","Inserter"],"picked":"Coffee Dripper"},{"not_picked":["Runic Pyramid","Eternal Feather"],"picked":"Busted Crown"},{"not_picked":["VoidEssence"],"picked":"TwistingMind"},{"not_picked":["GraspOfShadows"],"picked":"Accursed"}],"items_purged_floors":[5,19,56],"is_endless":true,"potions_floor_spawned":[2,7,10,14,20,25,31,35,36,39,42,47,54,59,61,65,69,72,84,86,91],"seed_played":"853897529152953970","killed_by":"2 Orb Walkers","ascension_level":0,"potions_obtained":[{"floor":2,"key":"Poison Potion"},{"floor":7,"key":"Regen Potion"},{"floor":10,"key":"SpeedPotion"},{"floor":14,"key":"GamblersBrew"},{"floor":20,"key":"FocusPotion"},{"floor":25,"key":"FairyPotion"},{"floor":31,"key":"FocusPotion"},{"floor":35,"key":"SpeedPotion"},{"floor":36,"key":"Explosive Potion"},{"floor":39,"key":"Strength Potion"},{"floor":42,"key":"PowerPotion"},{"floor":47,"key":"Explosive Potion"},{"floor":54,"key":"Explosive Potion"},{"floor":59,"key":"Ancient Potion"},{"floor":61,"key":"Weak Potion"},{"floor":69,"key":"FearPotion"},{"floor":84,"key":"Weak Potion"},{"floor":86,"key":"Block Potion"},{"floor":91,"key":"Strength Potion"}],"is_trial":true}