{"gold_per_floor":[117,117,117,117,132,132,147,166,166,2,17,17],"floor_reached":12,"playtime":311,"items_purged":[],"score":140,"play_id":"2eca8da7-4522-4e4d-955a-8c0ec3ccfeba","local_time":"20190429155531","is_ascension_mode":true,"campfire_choices":[{"data":"Neutralize","floor":6,"key":"SMITH"}],"neow_cost":"NONE","seed_source_timestamp":3640168981281120,"circlet_count":0,"master_deck":["AscendersBane","Defend_G","Defend_G","Defend_G","Defend_G","Defend_G","Strike_G","Strike_G","Strike_G","Strike_G","Strike_G","Survivor","Neutralize+1","Dagger Spray+1","Regret","Slice","Cloak And Dagger","Writhe","Swift Strike","Cloak And Dagger","Caltrops"],"relics":["Cursed Key","Gremlin Horn","Snake Skull","Ninja Scroll"],"potions_floor_usage":[11],"damage_taken":[{"damage":0,"enemies":"2 Louse","floor":1,"turns":4},{"damage":0,"enemies":"Small Slimes","floor":5,"turns":3},{"damage":8,"enemies":"Cultist","floor":7,"turns":5},{"damage":16,"enemies":"2 Fungi Beasts","floor":8,"turns":4},{"damage":21,"enemies":"Gremlin Gang","floor":11,"turns":4},{"damage":12,"enemies":"3 Louse","floor":12,"turns":1}],"seed_played":"1139595941773204759","potions_obtained":[{"floor":5,"key":"Dexterity Potion"}],"is_trial":false,"path_per_floor":["M","?","?","?","M","R","M","M","T","$","M","M"],"character_chosen":"THE_SILENT","items_purchased":["Swift Strike","Cloak And Dagger"],"campfire_rested":0,"item_purchase_floors":[10,10],"current_hp_per_floor":[59,59,59,54,54,54,46,30,30,30,9,0],"gold":17,"neow_bonus":"BOSS_RELIC","is_prod":false,"is_daily":false,"chose_seed":false,"campfire_upgraded":1,"win_rate":0,"timestamp":1556549731,"path_taken":["M","?","?","?","M","R","M","M","T","$","M","M"],"build_version":"2019-01-23","purchased_purges":0,"victory":false,"max_hp_per_floor":[66,66,66,66,66,66,66,66,66,66,66,66],"card_choices":[{"not_picked":["Outmaneuver","Deflect"],"picked":"Dagger Spray","floor":1},{"not_picked":["Prepared","Flechettes","Calculated Gamble"],"picked":"SKIP","floor":5},{"not_picked":["Outmaneuver","Backflip"],"picked":"Slice","floor":7},{"not_picked":["Deadly Poison","Dash"],"picked":"Cloak And Dagger","floor":8},{"not_picked":["Deadly Poison","Bullet Time"],"picked":"Caltrops","floor":11}],"player_experience":730466,"relics_obtained":[{"floor":9,"key":"Ninja Scroll"}],"event_choices":[{"damage_healed":0,"gold_gain":0,"player_choice":"Grow","damage_taken":0,"max_hp_gain":0,"max_hp_loss":0,"event_name":"Living Wall","floor":2,"gold_loss":0,"cards_upgraded":["Dagger Spray"]},{"damage_healed":0,"gold_gain":0,"player_choice":"Box","damage_taken":0,"relics_obtained":["Gremlin Horn"],"max_hp_gain":0,"max_hp_loss":0,"event_name":"Big Fish","floor":3,"gold_loss":0,"cards_obtained":["Regret"]},{"damage_healed":0,"gold_gain":0,"player_choice":"Success","damage_taken":5,"relics_obtained":["Snake Skull"],"max_hp_gain":0,"max_hp_loss":0,"event_name":"Scrap Ooze","floor":4,"gold_loss":0}],"is_beta":false,"boss_relics":[],"items_purged_floors":[],"is_endless":false,"potions_floor_spawned":[5],"killed_by":"3 Louse","ascension_level":20}