{"gold_per_floor":[115,190,190,92,110,144,160,160,230,246,10,27,27,43,43,144,144,155,155,7,21,121,121,138,138,138,193,213,55,69,86,86,184,184,204,204,58,69,0,0,100,18,18,18,18,33,33,47,47,47,47,47,7,41,41],"floor_reached":56,"playtime":4466,"items_purged":["Strike_R","Strike_R","Strike_R","Strike_R"],"score":1177,"play_id":"14eaeead-36b0-4cbe-8d6a-afdb59506c85","local_time":"20181207225222","is_ascension_mode":false,"campfire_choices":[{"data":"Body Slam","floor":8,"key":"SMITH"},{"floor":15,"key":"RECALL"},{"data":"Body Slam","floor":23,"key":"SMITH"},{"data":"Limit Break","floor":25,"key":"SMITH"},{"floor":32,"key":"REST"},{"data":"Whirlwind","floor":40,"key":"SMITH"},{"data":"Double Tap","floor":44,"key":"SMITH"},{"data":"Demon Form","floor":47,"key":"SMITH"},{"floor":49,"key":"REST"},{"data":"Evolve","floor":52,"key":"SMITH"}],"neow_cost":"NONE","seed_source_timestamp":611509197208198,"circlet_count":0,"master_deck":["Defend_R","Defend_R","Defend_R","Defend_R","Bash","Shrug It Off","Shrug It Off","Shrug It Off","Body Slam+1","Double Tap+1","Shrug It Off","Whirlwind+1","Limit Break+1","Demon Form+1","Flex+1","Body Slam+1","Ghostly Armor+1","Burning Pact+1","Fire Breathing+1","Impervious+1","Disarm+1","Evolve+1","Body Slam+1","Headbutt","Shrug It Off+1","Armaments+1","Warcry+1"],"relics":["Burning Blood","NeowsBlessing","Happy Flower","Shuriken","Mark of Pain","Toxic Egg 2","Turnip","Paper Frog","The Courier","Oddly Smooth Stone","ClockworkSouvenir","Philosopher\u0027s Stone","Red Mask","Incense Burner","Dead Branch","Ice Cream"],"potions_floor_usage":[16,22,22,33,54,54,55],"damage_taken":[{"damage":0,"enemies":"Small Slimes","floor":1,"turns":1},{"damage":0,"enemies":"Jaw Worm","floor":5,"turns":1},{"damage":0,"enemies":"Gremlin Nob","floor":6,"turns":1},{"damage":0,"enemies":"2 Louse","floor":7,"turns":3},{"damage":0,"enemies":"Red Slaver","floor":10,"turns":3},{"damage":0,"enemies":"Looter","floor":12,"turns":3},{"damage":2,"enemies":"Blue Slaver","floor":14,"turns":4},{"damage":32,"enemies":"The Guardian","floor":16,"turns":15},{"damage":7,"enemies":"Chosen","floor":18,"turns":4},{"damage":5,"enemies":"Spheric Guardian","floor":21,"turns":5},{"damage":7,"enemies":"Colosseum Slavers","floor":22,"turns":5},{"damage":41,"enemies":"Colosseum Nobs","floor":22,"turns":5},{"damage":4,"enemies":"Snecko","floor":24,"turns":6},{"damage":15,"enemies":"Snake Plant","floor":28,"turns":7},{"damage":1,"enemies":"Sentry and Sphere","floor":30,"turns":5},{"damage":4,"enemies":"Centurion and Healer","floor":31,"turns":4},{"damage":9,"enemies":"Champ","floor":33,"turns":8},{"damage":1,"enemies":"3 Shapes","floor":35,"turns":4},{"damage":7,"enemies":"Orb Walker","floor":38,"turns":4},{"damage":0,"enemies":"Mind Bloom Boss Battle","floor":41,"turns":4},{"damage":0,"enemies":"3 Darklings","floor":46,"turns":1},{"damage":29,"enemies":"Writhing Mass","floor":48,"turns":5},{"damage":1,"enemies":"Time Eater","floor":50,"turns":9},{"damage":17,"enemies":"Shield and Spear","floor":54,"turns":7},{"damage":40,"enemies":"The Heart","floor":55,"turns":9}],"seed_played":"5380251899202659738","potions_obtained":[{"floor":10,"key":"Fire Potion"},{"floor":12,"key":"FearPotion"},{"floor":21,"key":"Fire Potion"},{"floor":22,"key":"Fire Potion"},{"floor":30,"key":"Explosive Potion"},{"floor":31,"key":"FearPotion"},{"floor":35,"key":"Explosive Potion"}],"is_trial":false,"path_per_floor":["M","?","T","$","M","E","M","R","T","M","$","M","?","M","R","B",null,"M","T","$","M","?","R","M","R","T","T","M","$","M","M","R","B",null,"M","$","$","M","?","R","?","$","T","R","$","M","R","M","R","B",null,"R","$","E","B",null],"character_chosen":"IRONCLAD","items_purchased":["Shrug It Off","Whirlwind","Limit Break","Body Slam","ClockworkSouvenir","Evolve","Dexterity Potion","Shrug It Off+1","FearPotion"],"campfire_rested":2,"item_purchase_floors":[4,11,11,20,29,37,42,42,53],"current_hp_per_floor":[80,69,69,69,75,80,80,80,80,80,80,80,80,80,80,54,80,79,79,79,80,44,44,46,46,46,46,37,37,42,44,68,65,80,80,80,80,79,79,79,80,80,80,80,80,80,80,57,80,80,80,80,80,69,35],"gold":41,"neow_bonus":"THREE_ENEMY_KILL","is_prod":false,"is_daily":false,"chose_seed":false,"campfire_upgraded":7,"win_rate":0,"timestamp":1544241142,"path_taken":["M","?","?","$","M","E","M","R","T","M","$","M","?","M","R","BOSS","M","?","$","M","?","R","M","R","T","?","M","?","M","M","R","BOSS","M","?","$","?","?","R","?","$","T","R","?","M","R","M","R","BOSS","R","$","E","BOSS"],"build_version":"2018-12-06","purchased_purges":4,"victory":true,"max_hp_per_floor":[80,80,80,80,80,80,80,80,80,80,80,80,80,80,80,80,80,80,80,80,80,80,80,80,80,80,80,80,80,80,80,80,80,80,80,80,80,80,80,80,80,80,80,80,80,80,80,80,80,80,80,80,80,80,80],"card_choices":[{"not_picked":["Armaments","Iron Wave"],"picked":"Shrug It Off","floor":1},{"not_picked":["Battle Trance","Ghostly Armor"],"picked":"Shrug It Off","floor":5},{"not_picked":["Burning Pact","Pommel Strike"],"picked":"Body Slam","floor":6},{"not_picked":["Warcry","Flex"],"picked":"Double Tap","floor":7},{"not_picked":["Sword Boomerang","Intimidate"],"picked":"Shrug It Off","floor":10},{"not_picked":["Anger","Twin Strike","Wild Strike"],"picked":"SKIP","floor":12},{"not_picked":["True Grit","Iron Wave","Rampage"],"picked":"SKIP","floor":14},{"not_picked":["Impervious","Berserk"],"picked":"Demon Form","floor":16},{"not_picked":["Clothesline+1","Havoc+1"],"picked":"Flex+1","floor":18},{"not_picked":["Second Wind+1","Cleave","Rupture+1"],"picked":"SKIP","floor":21},{"not_picked":["Havoc+1","Sentinel+1"],"picked":"Ghostly Armor+1","floor":22},{"not_picked":["Clash","Twin Strike"],"picked":"Burning Pact+1","floor":24},{"not_picked":["Clash+1","Wild Strike","Body Slam"],"picked":"SKIP","floor":28},{"not_picked":["Shockwave+1","Body Slam+1"],"picked":"Fire Breathing+1","floor":30},{"not_picked":["Bloodletting+1","Pummel","Reckless Charge"],"picked":"SKIP","floor":31},{"not_picked":["Immolate","Juggernaut"],"picked":"Impervious+1","floor":33},{"not_picked":["Dual Wield+1","Shockwave+1"],"picked":"Disarm+1","floor":35},{"not_picked":["Fire Breathing","Pommel Strike+1"],"picked":"Body Slam+1","floor":38},{"not_picked":["Flame Barrier+1","Havoc+1"],"picked":"Headbutt","floor":41},{"not_picked":["Headbutt","Searing Blow+1"],"picked":"Armaments+1","floor":46},{"not_picked":["Body Slam+1","Sentinel+1"],"picked":"Warcry+1","floor":48},{"not_picked":["Evolve","Twin Strike","Sword Boomerang+1"],"picked":"SKIP","floor":54}],"player_experience":381302,"relics_obtained":[{"floor":6,"key":"Happy Flower"},{"floor":9,"key":"Shuriken"},{"floor":19,"key":"Toxic Egg 2"},{"floor":22,"key":"Turnip"},{"floor":22,"key":"Paper Frog"},{"floor":26,"key":"The Courier"},{"floor":27,"key":"Oddly Smooth Stone"},{"floor":41,"key":"Incense Burner"},{"floor":43,"key":"Dead Branch"},{"floor":54,"key":"Ice Cream"}],"event_choices":[{"damage_healed":0,"gold_gain":75,"player_choice":"Gather Gold","damage_taken":11,"max_hp_gain":0,"max_hp_loss":0,"event_name":"World of Goop","floor":2,"gold_loss":0},{"cards_removed":["Strike_R"],"damage_healed":0,"gold_gain":0,"player_choice":"Purged","damage_taken":0,"max_hp_gain":0,"max_hp_loss":0,"event_name":"Purifier","floor":13,"gold_loss":0},{"damage_healed":0,"gold_gain":0,"player_choice":"Fight","damage_taken":0,"max_hp_gain":0,"max_hp_loss":0,"event_name":"Colosseum","floor":22,"gold_loss":0},{"damage_healed":0,"gold_gain":0,"player_choice":"Fought Nobs","damage_taken":0,"max_hp_gain":0,"max_hp_loss":0,"event_name":"Colosseum","floor":22,"gold_loss":0},{"damage_healed":0,"gold_gain":0,"player_choice":"Paid","damage_taken":0,"relics_obtained":["Red Mask"],"max_hp_gain":0,"max_hp_loss":0,"event_name":"Tomb of Lord Red Mask","floor":39,"gold_loss":69},{"damage_healed":0,"gold_gain":0,"player_choice":"Fight","damage_taken":0,"max_hp_gain":0,"max_hp_loss":0,"event_name":"MindBloom","floor":41,"gold_loss":0}],"is_beta":false,"boss_relics":[{"not_picked":["Snecko Eye","Calling Bell"],"picked":"Mark of Pain"},{"not_picked":["Runic Cube","White Beast Statue"],"picked":"Philosopher\u0027s Stone"}],"items_purged_floors":[4,11,20,37],"is_endless":false,"potions_floor_spawned":[10,12,21,22,30,31,35],"ascension_level":0}