{"gold_per_floor":[364,383,30,50,65,95,110,110,110,130,130,140,160,171,171,245,245,245,245,245,245,245,245,245],"floor_reached":24,"playtime":833,"items_purged":[],"score":404,"play_id":"433b56c7-3967-4428-a824-f53e3cb8de7d","local_time":"20190430202204","is_ascension_mode":true,"campfire_choices":[{"floor":8,"key":"REST"},{"floor":15,"key":"REST"},{"floor":23,"key":"REST"}],"neow_cost":"TEN_PERCENT_HP_LOSS","seed_source_timestamp":3742041773989546,"circlet_count":0,"master_deck":["AscendersBane","Defend_G","Defend_G","Defend_G+1","Defend_G","Defend_G","Strike_G","Strike_G","Strike_G","Strike_G","Strike_G","Survivor","Neutralize","Deadly Poison","Backflip","Poisoned Stab+1","Deflect","Caltrops","Poisoned Stab","Deflect","Bouncing Flask","Deadly Poison","PiercingWail","Acrobatics","Corpse Explosion","Blur","Escape Plan+1","Well Laid Plans+1"],"relics":["Ring of the Snake","ClockworkSouvenir","Vajra","Meat on the Bone","Ectoplasm","Red Mask","MutagenicStrength"],"potions_floor_usage":[6,6,12,21,24],"damage_taken":[{"damage":7,"enemies":"Jaw Worm","floor":1,"turns":5},{"damage":7,"enemies":"2 Louse","floor":2,"turns":3},{"damage":3,"enemies":"Small Slimes","floor":4,"turns":3},{"damage":5,"enemies":"3 Louse","floor":5,"turns":3},{"damage":23,"enemies":"Gremlin Nob","floor":6,"turns":5},{"damage":0,"enemies":"Looter","floor":7,"turns":3},{"damage":0,"enemies":"Red Slaver","floor":10,"turns":3},{"damage":5,"enemies":"Gremlin Gang","floor":12,"turns":4},{"damage":0,"enemies":"Looter","floor":13,"turns":3},{"damage":22,"enemies":"Large Slime","floor":14,"turns":7},{"damage":23,"enemies":"The Guardian","floor":16,"turns":9},{"damage":16,"enemies":"Shell Parasite","floor":18,"turns":6},{"damage":4,"enemies":"Masked Bandits","floor":20,"turns":2},{"damage":0,"enemies":"3 Byrds","floor":21,"turns":2},{"damage":60,"enemies":"Slavers","floor":24,"turns":5}],"seed_played":"-8055992322032996546","potions_obtained":[{"floor":2,"key":"AttackPotion"},{"floor":5,"key":"GhostInAJar"},{"floor":7,"key":"Explosive Potion"},{"floor":14,"key":"Fire Potion"},{"floor":16,"key":"SteroidPotion"}],"is_trial":false,"path_per_floor":["M","M","$","M","M","E","M","R","T","M","?","M","M","M","R","B",null,"M","?","?","M","?","R","E"],"character_chosen":"THE_SILENT","items_purchased":["Poisoned Stab","Deflect","ClockworkSouvenir","FearPotion"],"campfire_rested":3,"item_purchase_floors":[3,3,3,3],"current_hp_per_floor":[52,45,45,42,37,14,14,32,32,32,14,21,33,23,41,30,53,37,37,33,33,33,51,0],"gold":245,"neow_bonus":"TWO_FIFTY_GOLD","is_prod":false,"is_daily":false,"chose_seed":false,"campfire_upgraded":0,"win_rate":0,"timestamp":1556652124,"path_taken":["M","M","$","M","M","E","M","R","T","M","?","M","M","M","R","BOSS","M","?","?","M","?","R","E"],"build_version":"2019-01-23","purchased_purges":0,"victory":false,"max_hp_per_floor":[60,60,60,60,60,60,60,60,60,60,60,60,60,60,60,60,60,60,60,60,60,60,60,60],"card_choices":[{"not_picked":["PiercingWail","Slice"],"picked":"Deadly Poison","floor":1},{"not_picked":["Slice","Predator"],"picked":"Backflip","floor":2},{"not_picked":["Acrobatics","Outmaneuver"],"picked":"Caltrops","floor":4},{"not_picked":["Flying Knee","Adrenaline"],"picked":"Poisoned Stab","floor":5},{"not_picked":["Envenom","Prepared"],"picked":"Deflect","floor":6},{"not_picked":["Acrobatics","Dagger Spray"],"picked":"Bouncing Flask","floor":7},{"not_picked":["Terror","Dodge and Roll"],"picked":"Deadly Poison","floor":10},{"not_picked":["Wraith Form v2","All Out Attack"],"picked":"PiercingWail","floor":12},{"not_picked":["Cloak And Dagger","Blade Dance","Dagger Spray"],"picked":"SKIP","floor":13},{"not_picked":["Sucker Punch","Dagger Throw"],"picked":"Acrobatics","floor":14},{"not_picked":["Die Die Die","Night Terror"],"picked":"Corpse Explosion","floor":16},{"not_picked":["Escape Plan","Calculated Gamble+1"],"picked":"Blur","floor":18},{"not_picked":["All Out Attack+1","Slice"],"picked":"Escape Plan+1","floor":20},{"not_picked":["Dagger Spray","Dodge and Roll"],"picked":"Well Laid Plans+1","floor":21}],"player_experience":749117,"relics_obtained":[{"floor":6,"key":"Vajra"},{"floor":9,"key":"Meat on the Bone"},{"floor":20,"key":"Red Mask"}],"event_choices":[{"damage_healed":0,"gold_gain":0,"player_choice":"Entered Light","damage_taken":18,"max_hp_gain":0,"max_hp_loss":0,"event_name":"Shining Light","floor":11,"gold_loss":0,"cards_upgraded":["Defend_G","Poisoned Stab"]},{"damage_healed":0,"gold_gain":0,"player_choice":"Ignored","damage_taken":0,"max_hp_gain":0,"max_hp_loss":0,"event_name":"Ghosts","floor":19,"gold_loss":0},{"damage_healed":0,"gold_gain":0,"player_choice":"Fought Bandits","damage_taken":0,"max_hp_gain":0,"max_hp_loss":0,"event_name":"Masked Bandits","floor":20,"gold_loss":0},{"damage_healed":0,"gold_gain":0,"player_choice":"Inject Mutagens","damage_taken":0,"relics_obtained":["MutagenicStrength"],"max_hp_gain":0,"max_hp_loss":0,"event_name":"Drug Dealer","floor":22,"gold_loss":0}],"is_beta":false,"boss_relics":[{"not_picked":["Orrery","Runic Dome"],"picked":"Ectoplasm"}],"items_purged_floors":[],"is_endless":false,"potions_floor_spawned":[2,5,7,14,16,18],"killed_by":"Slavers","ascension_level":20}