{"path_per_floor":["M","?","M","$","?","R","E","R","T","M","R","M","R","M","R","B",null,"M","?","?","M","?","R","E","M","T","M","M","E","R","M","R"],"character_chosen":"THE_SILENT","items_purchased":[],"gold_per_floor":[117,117,135,60,60,60,116,116,162,181,181,198,198,211,211,306,306,322,322,322,342,342,342,370,380,380,393,409,440,440,459,459],"floor_reached":33,"campfire_rested":3,"playtime":1526,"current_hp_per_floor":[68,68,63,63,49,49,29,50,50,50,50,50,50,50,70,59,70,68,68,68,50,49,49,12,12,12,20,32,32,32,39,53],"items_purged":["Regret"],"gold":459,"score":370,"play_id":"2bda74dd-8e64-4b27-9d86-cd06a13f5ef7","is_prod":false,"is_daily":false,"is_ascension_mode":true,"campfire_upgraded":5,"path_taken":["M","?","M","$","?","R","E","R","T","?","R","M","R","?","R","BOSS","M","?","?","?","?","R","E","M","T","M","?","E","R","M","R","BOSS"],"build_version":"2018-02-23-BETA1","purchased_purges":1,"victory":false,"master_deck":["Defend_G","Defend_G","Defend_G+1","Defend_G","Defend_G","Survivor","Neutralize+1","Flying Knee","Blade Dance+1","Adrenaline+1","Decay","Footwork","Glass Knife","Noxious Fumes","Terror+1","Bite","Bite","Bite","Bite","Bite","Cloak And Dagger+1","Backflip","Storm of Steel"],"max_hp_per_floor":[70,70,70,70,70,70,70,70,70,70,70,70,70,70,70,70,70,70,70,70,70,49,49,49,49,49,49,49,51,51,53,53],"relics":["Cursed Key","Bag of Marbles","Tiny Chest","Omamori","Black Star","Gremlin Horn","Blue Candle","Du-Vu Doll","Singing Bowl","Juzu Bracelet"],"card_choices":[{"not_picked":["Bane","Quick Slash"],"picked":"Flying Knee"},{"not_picked":["Flying Knee","Dodge and Roll"],"picked":"Blade Dance"},{"not_picked":["All Out Attack","Dagger Spray"],"picked":"Adrenaline"},{"not_picked":["Deflect","Predator"],"picked":"Footwork"},{"not_picked":["Die Die Die","Night Terror"],"picked":"Glass Knife"},{"not_picked":["Acrobatics","Bane"],"picked":"Noxious Fumes"},{"not_picked":["Outmaneuver","Dodge and Roll"],"picked":"Terror"},{"not_picked":["Bane","Quick Slash"],"picked":"Cloak And Dagger"},{"not_picked":["Setup","Acrobatics"],"picked":"Backflip"},{"not_picked":["Expertise","Flying Knee"],"picked":"Storm of Steel"}],"player_experience":177328,"potions_floor_usage":[16,16,18,21,24,27,27,27,29],"damage_taken":[{"damage":2,"enemies":"Jaw Worm","floor":1,"turns":4},{"damage":5,"enemies":"2 Louse","floor":3,"turns":2},{"damage":20,"enemies":"Gremlin Nob","floor":7,"turns":4},{"damage":0,"enemies":"Small Slimes","floor":10,"turns":2},{"damage":0,"enemies":"3 Louse","floor":12,"turns":2},{"damage":0,"enemies":"2 Fungi Beasts","floor":14,"turns":2},{"damage":11,"enemies":"The Guardian","floor":16,"turns":11},{"damage":2,"enemies":"Shell Parasite","floor":18,"turns":4},{"damage":18,"enemies":"Chosen","floor":21,"turns":5},{"damage":43,"enemies":"Book of Stabbing","floor":24,"turns":5},{"damage":10,"enemies":"Snecko","floor":25,"turns":5},{"damage":10,"enemies":"Centurion and Healer","floor":27,"turns":5},{"damage":2,"enemies":"3 Cultists","floor":28,"turns":5},{"damage":12,"enemies":"Slavers","floor":29,"turns":4},{"damage":1,"enemies":"Snecko","floor":31,"turns":4},{"damage":81,"enemies":"Collector","floor":33,"turns":7}],"event_choices":[{"event_name":"Big Fish","player_choice":"Box","floor":2,"damage_taken":0},{"event_name":"Shining Light","player_choice":"Entered Light","floor":5,"damage_taken":0},{"event_name":"The Lab","player_choice":"Got Potions","floor":19,"damage_taken":0},{"event_name":"The Woman in Blue","player_choice":"Bought 0 Potions","floor":20,"damage_taken":0},{"event_name":"Vampires","player_choice":"Became a vampire","floor":22,"damage_taken":0}],"boss_relics":[{"not_picked":["Eternal Feather","The Specimen"],"picked":"Black Star"}],"potions_floor_spawned":[3,7,14,16,21,25,27],"seed_played":"-3476460256127696184","killed_by":"Collector","ascension_level":4,"is_trial":false}