{"gold_per_floor":[117,3,22,22,22,50,64,97,97,97,115,149,149,181,181,259,259,269,42,58,78,78,78],"floor_reached":23,"playtime":580,"items_purged":["Strike_R"],"score":573,"play_id":"e12f0f48-ca75-4b2f-adcb-8d1bf8ac5839","local_time":"20190429014617","is_ascension_mode":true,"campfire_choices":[{"data":"Whirlwind","floor":10,"key":"SMITH"},{"data":"Rampage","floor":13,"key":"SMITH"},{"data":"Immolate","floor":15,"key":"SMITH"}],"neow_cost":"NONE","seed_source_timestamp":3124323329839458,"circlet_count":0,"master_deck":["AscendersBane","Strike_R","Strike_R","Strike_R","Defend_R","Defend_R","Defend_R","Defend_R","Bash","Dropkick","Whirlwind+1","Metallicize","Rampage+1","Headbutt","Thunderclap","True Grit","Inflame","Immolate+1","Limit Break","Ghostly Armor"],"relics":["Burning Blood","NeowsBlessing","Mercury Hourglass","Pantograph","Letter Opener","Matryoshka","Bronze Scales","Black Star","PrismaticShard"],"potions_floor_usage":[23,23],"damage_taken":[{"damage":0,"enemies":"Jaw Worm","floor":1,"turns":1},{"damage":0,"enemies":"Cultist","floor":3,"turns":1},{"damage":0,"enemies":"3 Sentries","floor":6,"turns":2},{"damage":0,"enemies":"2 Louse","floor":7,"turns":1},{"damage":8,"enemies":"Gremlin Nob","floor":8,"turns":3},{"damage":2,"enemies":"2 Fungi Beasts","floor":11,"turns":2},{"damage":23,"enemies":"3 Sentries","floor":12,"turns":4},{"damage":22,"enemies":"Lagavulin","floor":14,"turns":7},{"damage":0,"enemies":"Slime Boss","floor":16,"turns":4},{"damage":21,"enemies":"Spheric Guardian","floor":18,"turns":4},{"damage":18,"enemies":"2 Thieves","floor":20,"turns":3},{"damage":18,"enemies":"Snecko","floor":21,"turns":3},{"damage":53,"enemies":"Book of Stabbing","floor":23,"turns":3}],"seed_played":"8330445263007195629","potions_obtained":[{"floor":1,"key":"SpeedPotion"},{"floor":3,"key":"LiquidBronze"},{"floor":7,"key":"EssenceOfSteel"},{"floor":16,"key":"Strength Potion"},{"floor":21,"key":"SteroidPotion"}],"is_trial":false,"path_per_floor":["M","$","M","?","$","E","M","E","T","R","M","E","R","E","R","B",null,"M","$","M","M","?","E"],"character_chosen":"IRONCLAD","items_purchased":["Whirlwind","PrismaticShard"],"campfire_rested":0,"item_purchase_floors":[2,19],"current_hp_per_floor":[74,74,75,75,75,75,75,73,73,73,75,58,58,42,42,73,75,60,60,48,36,51,0],"gold":78,"neow_bonus":"THREE_ENEMY_KILL","is_prod":false,"is_daily":false,"chose_seed":false,"campfire_upgraded":3,"win_rate":0,"timestamp":1556498777,"path_taken":["M","$","M","?","?","E","M","E","T","R","M","E","R","E","R","BOSS","M","$","M","?","?","E"],"build_version":"2019-01-23","purchased_purges":1,"victory":false,"max_hp_per_floor":[75,75,75,75,75,75,75,75,75,75,75,75,75,75,75,75,75,75,75,75,75,75,75],"card_choices":[{"not_picked":["Seeing Red","Intimidate"],"picked":"Dropkick","floor":1},{"not_picked":["Twin Strike","Infernal Blade"],"picked":"Metallicize","floor":3},{"not_picked":["Warcry","Demon Form"],"picked":"Rampage","floor":6},{"not_picked":["Reckless Charge","Havoc"],"picked":"Headbutt","floor":7},{"not_picked":["Body Slam","Heavy Blade"],"picked":"Thunderclap","floor":8},{"not_picked":["Rage","Havoc"],"picked":"True Grit","floor":11},{"not_picked":["Headbutt","Rage"],"picked":"Inflame","floor":12},{"not_picked":["Blood for Blood","Rage"],"picked":"Immolate","floor":14},{"not_picked":["Feed","Dark Embrace"],"picked":"Limit Break","floor":16},{"not_picked":["Shockwave","Sword Boomerang+1"],"picked":"Ghostly Armor","floor":18},{"not_picked":["Acrobatics+1","Pummel","Clash"],"picked":"SKIP","floor":20},{"not_picked":["Redo","Streamline","Blind"],"picked":"SKIP","floor":21}],"player_experience":240930,"relics_obtained":[{"floor":6,"key":"Mercury Hourglass"},{"floor":8,"key":"Pantograph"},{"floor":9,"key":"Letter Opener"},{"floor":12,"key":"Matryoshka"},{"floor":14,"key":"Bronze Scales"}],"event_choices":[{"cards_removed":["Strike_R"],"damage_healed":0,"gold_gain":0,"player_choice":"Purged","damage_taken":0,"max_hp_gain":0,"max_hp_loss":0,"event_name":"Purifier","floor":4,"gold_loss":0},{"damage_healed":15,"gold_gain":0,"player_choice":"Heal","damage_taken":0,"max_hp_gain":0,"max_hp_loss":0,"event_name":"The Library","floor":22,"gold_loss":0}],"is_beta":false,"boss_relics":[{"not_picked":["White Beast Statue","Pandora\u0027s Box"],"picked":"Black Star"}],"items_purged_floors":[2],"is_endless":false,"potions_floor_spawned":[1,3,7,16,18,21],"killed_by":"Book of Stabbing","ascension_level":19}