{"path_per_floor":["M","?","M","$","?","E","R","M","T","?","R","$","?","M","R","B",null,"M","M","?","M","?","R"],"character_chosen":"THE_SILENT","items_purchased":["Bane"],"gold_per_floor":[114,64,78,3,3,38,38,57,57,57,57,33,33,51,51,149,149,166,180,80,98,98,98],"floor_reached":24,"campfire_rested":2,"playtime":851,"current_hp_per_floor":[63,63,63,63,70,70,70,63,63,56,56,56,41,40,63,52,71,46,44,44,19,19,42],"items_purged":["Strike_G"],"gold":98,"score":307,"play_id":"dc1f71c0-ad50-4a8f-971f-c74b135ac546","is_prod":false,"is_daily":false,"is_ascension_mode":true,"campfire_upgraded":2,"path_taken":["M","?","M","$","?","E","R","M","T","?","R","?","?","M","R","BOSS","M","?","?","M","?","R","E"],"build_version":"2018-02-22-PROD2","purchased_purges":1,"victory":false,"master_deck":["Defend_G+1","Defend_G","Defend_G","Defend_G","Defend_G","Strike_G+1","Strike_G","Strike_G","Survivor","Neutralize+1","Deadly Poison","Regret","Noxious Fumes+1","Bane","Caltrops","Expertise","J.A.X.","Well Laid Plans","Writhe"],"max_hp_per_floor":[70,70,70,70,77,77,77,77,77,77,77,77,77,77,77,77,77,77,77,77,77,77,77],"relics":["Ring of the Snake","NeowsBlessing","Strawberry","Paper Crane","Ornamental Fan","Oddly Smooth Stone","Sozu","Art of War"],"card_choices":[{"not_picked":["Backflip","Eviscerate"],"picked":"Deadly Poison"},{"not_picked":["All Out Attack","Deadly Poison"],"picked":"Noxious Fumes"},{"not_picked":["Infinite Blades","Deflect"],"picked":"Caltrops"},{"not_picked":["Leg Sweep","Dagger Spray"],"picked":"Expertise"},{"not_picked":["Dagger Spray","Slice"],"picked":"Well Laid Plans"}],"player_experience":176854,"potions_floor_usage":[16,16,19],"damage_taken":[{"damage":0,"enemies":"Small Slimes","floor":1,"turns":1},{"damage":0,"enemies":"Jaw Worm","floor":3,"turns":1},{"damage":0,"enemies":"Gremlin Nob","floor":6,"turns":1},{"damage":7,"enemies":"2 Louse","floor":8,"turns":3},{"damage":1,"enemies":"2 Fungi Beasts","floor":14,"turns":3},{"damage":11,"enemies":"Slime Boss","floor":16,"turns":8},{"damage":25,"enemies":"2 Thieves","floor":18,"turns":5},{"damage":11,"enemies":"3 Byrds","floor":19,"turns":4},{"damage":25,"enemies":"Slaver and Parasite","floor":21,"turns":8},{"damage":57,"enemies":"Slavers","floor":24,"turns":3}],"event_choices":[{"event_name":"The Cleric","player_choice":"Card Removal","floor":2,"damage_taken":0},{"event_name":"Big Fish","player_choice":"Box","floor":5,"damage_taken":0},{"event_name":"Scrap Ooze","player_choice":"success","floor":10,"damage_taken":7},{"event_name":"Shining Light","player_choice":"Entered Light","floor":13,"damage_taken":0},{"event_name":"Drug Dealer","player_choice":"Got JAXXED","floor":20,"damage_taken":0},{"event_name":"The Mausoleum","player_choice":"Yes","floor":22,"damage_taken":0}],"boss_relics":[{"not_picked":["Tiny House","Question Card"],"picked":"Sozu"}],"potions_floor_spawned":[6,8,14,18],"seed_played":"-5480411147235536776","killed_by":"Slavers","ascension_level":8,"is_trial":false}