{"path_per_floor":["M","M","?","M","M","?","R","M","T","R","M","R","E","?","R","B",null,"M","?","M","?"],"character_chosen":"DEFECT","items_purchased":[],"gold_per_floor":[114,129,129,144,159,159,159,174,249,249,264,264,294,294,294,394,394,409,409,424,349,349],"floor_reached":22,"campfire_rested":2,"playtime":772,"current_hp_per_floor":[75,60,45,45,14,7,70,62,62,62,62,62,31,24,65,30,65,53,45,22,22,0],"items_purged":[],"gold":349,"score":186,"play_id":"8ff0d1f7-ed0f-4546-9f44-96b85575d867","local_time":"20180503193458","daily_mods":["Allstar","Binary","Night Terrors"],"is_prod":false,"is_daily":true,"chose_seed":false,"is_ascension_mode":false,"campfire_upgraded":2,"timestamp":1525397698,"path_taken":["M","M","?","M","M","?","R","?","T","R","M","R","E","?","R","BOSS","M","?","M","?","M"],"build_version":"2018-05-02","seed_source_timestamp":0,"purchased_purges":0,"victory":false,"master_deck":["Strike_B","Strike_B+1","Defend_B","Defend_B","Defend_B","Defend_B","Zap","Dualcast","Swift Strike","Magnetism+1","Sadistic Nature","Transmutation","Jack Of All Trades+1","Darkness","Leap","Rebound","Rip and Tear","Recycle","Defragment+1","Darkness","Creative AI","Double Energy","Beam Cell+1"],"max_hp_per_floor":[75,75,75,75,75,75,70,70,70,70,70,70,70,70,65,65,65,65,65,65,65,65],"relics":["Cracked Core","Molten Egg 2","Dodecahedron","Inserter"],"card_choices":[{"not_picked":["Tempest"],"picked":"Darkness","floor":1},{"not_picked":["Ball Lightning"],"picked":"Leap","floor":2},{"not_picked":["Axe Kick"],"picked":"Rebound","floor":4},{"not_picked":["Hologram"],"picked":"Rip and Tear","floor":5},{"not_picked":["Impulse"],"picked":"Recycle","floor":8},{"not_picked":["Conserve Battery"],"picked":"Defragment","floor":11},{"not_picked":["Coolheaded"],"picked":"Darkness","floor":13},{"not_picked":["Hyperbeam"],"picked":"Creative AI","floor":16},{"not_picked":["Tempest"],"picked":"Double Energy","floor":18},{"not_picked":["Impulse"],"picked":"Beam Cell","floor":20}],"player_experience":366631,"potions_floor_usage":[11,16,20],"damage_taken":[{"damage":0,"enemies":"Small Slimes","floor":1,"turns":4},{"damage":15,"enemies":"Jaw Worm","floor":2,"turns":4},{"damage":0,"enemies":"2 Louse","floor":4,"turns":2},{"damage":31,"enemies":"Gremlin Gang","floor":5,"turns":5},{"damage":8,"enemies":"3 Louse","floor":8,"turns":2},{"damage":0,"enemies":"Exordium Wildlife","floor":11,"turns":3},{"damage":31,"enemies":"3 Sentries","floor":13,"turns":7},{"damage":35,"enemies":"Slime Boss","floor":16,"turns":6},{"damage":12,"enemies":"Chosen","floor":18,"turns":5},{"damage":23,"enemies":"3 Byrds","floor":20,"turns":4},{"damage":29,"enemies":"Centurion and Healer","floor":22,"turns":2}],"event_choices":[{"event_name":"Shining Light","player_choice":"Entered Light","floor":3,"damage_taken":0},{"event_name":"Wheel of Change","player_choice":"Damage","floor":6,"damage_taken":0},{"event_name":"Golden Wing","player_choice":"Card Removal","floor":14,"damage_taken":0},{"event_name":"Knowing Skull","player_choice":"","floor":19,"damage_taken":0},{"event_name":"Beggar","player_choice":"Gave Gold","floor":21,"damage_taken":0}],"boss_relics":[{"not_picked":["Snecko Eye","Calling Bell"],"picked":"Inserter"}],"potions_floor_spawned":[2,5,11,16,18],"seed_played":"-6956837484913016247","killed_by":"Centurion and Healer","ascension_level":0,"is_trial":false}