{"gold_per_floor":[118,129,139,314,324,324,399,399,399,29,58,38,54,89,89,187,187,199,199,6,6,21,21,21,49,49,66,97,97,107,134,134,239,239,253,528,548,110,110,110,121,121,175,175,202,202,216,216,216,216],"floor_reached":50,"playtime":1842,"items_purged":["Doubt","Regret"],"score":828,"play_id":"76beb274-55b0-4cea-bc02-575a1012250a","local_time":"20190116202542","is_ascension_mode":true,"campfire_choices":[{"floor":6,"key":"REST"},{"floor":8,"key":"REST"},{"floor":15,"key":"REST"},{"data":"Backflip","floor":23,"key":"SMITH"},{"floor":29,"key":"REST"},{"floor":32,"key":"REST"},{"data":"Backflip","floor":40,"key":"SMITH"},{"floor":42,"key":"REST"},{"floor":49,"key":"REST"}],"neow_cost":"NONE","seed_source_timestamp":1910808138775366,"circlet_count":0,"master_deck":["AscendersBane","Defend_G+1","Defend_G+1","Defend_G+1","Defend_G+1","Defend_G+1","Strike_G+1","Strike_G+1","Strike_G+1","Strike_G+1","Survivor+1","Neutralize+1","Sucker Punch+1","Dagger Spray+1","Backflip+1","Dagger Throw+1","Dagger Spray+1","Sucker Punch+1","Backflip+1","Corpse Explosion+1","Slice+1","Die Die Die+1","Blade Dance+1","Glass Knife+1","Quick Slash+1","Riddle With Holes+1","Slice+1","Finisher+1","Skewer+1"],"relics":["Philosopher\u0027s Stone","Mummified Hand","Molten Egg 2","Thread and Needle","Question Card","Busted Crown","Membership Card","Du-Vu Doll","Shuriken","Ninja Scroll","Red Mask","WristBlade","Mercury Hourglass","Bottled Lightning","MealTicket","Vajra","Meat on the Bone","Mark of the Bloom"],"potions_floor_usage":[5,25,33,37,41,48],"damage_taken":[{"damage":1,"enemies":"Small Slimes","floor":1,"turns":5},{"damage":7,"enemies":"Jaw Worm","floor":2,"turns":4},{"damage":7,"enemies":"2 Louse","floor":3,"turns":3},{"damage":23,"enemies":"Exordium Thugs","floor":5,"turns":7},{"damage":13,"enemies":"3 Sentries","floor":11,"turns":7},{"damage":0,"enemies":"Red Slaver","floor":13,"turns":3},{"damage":28,"enemies":"Lagavulin","floor":14,"turns":6},{"damage":14,"enemies":"Slime Boss","floor":16,"turns":12},{"damage":5,"enemies":"Spheric Guardian","floor":18,"turns":5},{"damage":0,"enemies":"Chosen","floor":22,"turns":4},{"damage":17,"enemies":"Slavers","floor":25,"turns":3},{"damage":0,"enemies":"Centurion and Healer","floor":27,"turns":3},{"damage":32,"enemies":"Book of Stabbing","floor":28,"turns":5},{"damage":0,"enemies":"Snecko","floor":30,"turns":3},{"damage":0,"enemies":"Masked Bandits","floor":31,"turns":2},{"damage":46,"enemies":"Collector","floor":33,"turns":7},{"damage":0,"enemies":"Orb Walker","floor":35,"turns":2},{"damage":0,"enemies":"3 Darklings","floor":37,"turns":1},{"damage":10,"enemies":"Sphere and 2 Shapes","floor":41,"turns":2},{"damage":6,"enemies":"Nemesis","floor":45,"turns":3},{"damage":4,"enemies":"Transient","floor":47,"turns":5},{"damage":0,"enemies":"Jaw Worm Horde","floor":48,"turns":1},{"damage":89,"enemies":"Time Eater","floor":50,"turns":6}],"seed_played":"-6754422340749000784","potions_obtained":[{"floor":1,"key":"Ancient Potion"},{"floor":11,"key":"Swift Potion"},{"floor":12,"key":"SmokeBomb"},{"floor":25,"key":"SpeedPotion"},{"floor":28,"key":"PowerPotion"},{"floor":35,"key":"FearPotion"}],"is_trial":false,"path_per_floor":["M","M","M","?","M","R","?","R","T","$","E","?","M","E","R","B",null,"M","?","$","?","M","R","?","E","T","M","E","R","M","?","R","B",null,"M","?","M","$","?","R","M","R","T","?","E","?","M","M","R","B"],"character_chosen":"THE_SILENT","items_purchased":["Molten Egg 2","Dagger Throw+1","Membership Card","Mercury Hourglass","Bottled Lightning","Slice+1","Swift Potion","MealTicket"],"campfire_rested":7,"item_purchase_floors":[10,10,20,38,38,38,38,38],"current_hp_per_floor":[62,55,48,48,25,46,35,56,56,56,43,43,43,15,36,22,58,53,53,53,70,70,70,70,53,53,53,21,42,42,42,63,17,57,57,57,57,57,57,57,47,68,68,68,62,62,58,58,58,0],"gold":216,"neow_bonus":"BOSS_RELIC","is_prod":false,"is_daily":false,"chose_seed":false,"campfire_upgraded":2,"win_rate":0,"timestamp":1547670342,"path_taken":["M","M","M","?","M","R","?","R","T","$","E","?","?","E","R","BOSS","M","?","$","?","M","R","?","E","T","M","E","R","M","?","R","BOSS","M","?","?","$","?","R","M","R","T","?","E","?","?","M","R","BOSS"],"build_version":"2019-01-10","purchased_purges":2,"victory":false,"max_hp_per_floor":[70,70,70,70,70,70,70,70,70,70,70,70,70,70,70,70,70,70,70,70,70,70,70,70,70,70,70,70,70,70,70,70,70,70,70,70,70,70,70,70,70,70,70,70,70,70,70,70,70,70],"card_choices":[{"not_picked":["Calculated Gamble","Dodge and Roll"],"picked":"Sucker Punch","floor":1},{"not_picked":["Dodge and Roll","Bane"],"picked":"Dagger Spray","floor":2},{"not_picked":["PiercingWail","Deadly Poison","Escape Plan"],"picked":"SKIP","floor":3},{"not_picked":["Flechettes","Bane"],"picked":"Backflip","floor":5},{"not_picked":["Footwork","Catalyst"],"picked":"Dagger Spray+1","floor":11},{"not_picked":["Underhanded Strike+1","Acrobatics"],"picked":"Sucker Punch+1","floor":13},{"not_picked":["Venomology","Eviscerate+1"],"picked":"Backflip","floor":14},{"not_picked":["Adrenaline","Unload+1","Tools of the Trade"],"picked":"Corpse Explosion","floor":16},{"not_picked":["Prepared"],"picked":"Slice+1","floor":18},{"not_picked":["Infinite Blades","Underhanded Strike+1"],"picked":"SKIP","floor":22},{"not_picked":["Unload+1"],"picked":"Die Die Die+1","floor":25},{"not_picked":["Endless Agony+1"],"picked":"Blade Dance+1","floor":27},{"not_picked":["Underhanded Strike+1","Expertise"],"picked":"SKIP","floor":28},{"not_picked":["Bane+1","Distraction"],"picked":"SKIP","floor":30},{"not_picked":["Bane+1","Distraction"],"picked":"SKIP","floor":30},{"not_picked":["Burst"],"picked":"Glass Knife+1","floor":33},{"not_picked":["Setup"],"picked":"Quick Slash+1","floor":35},{"not_picked":["Backstab+1"],"picked":"Riddle With Holes+1","floor":37},{"not_picked":["Slice+1"],"picked":"Finisher+1","floor":41},{"not_picked":["Bane+1","Endless Agony+1"],"picked":"SKIP","floor":45},{"not_picked":["Blade Dance"],"picked":"Skewer+1","floor":47}],"player_experience":371138,"relics_obtained":[{"floor":9,"key":"Mummified Hand"},{"floor":11,"key":"Thread and Needle"},{"floor":14,"key":"Question Card"},{"floor":25,"key":"Du-Vu Doll"},{"floor":26,"key":"Shuriken"},{"floor":28,"key":"Ninja Scroll"},{"floor":31,"key":"Red Mask"},{"floor":43,"key":"Vajra"},{"floor":45,"key":"Meat on the Bone"}],"event_choices":[{"damage_healed":0,"gold_gain":175,"player_choice":"AGREE","damage_taken":0,"max_hp_gain":0,"max_hp_loss":0,"event_name":"Liars Game","floor":4,"gold_loss":0,"cards_obtained":["Doubt"]},{"damage_healed":0,"gold_gain":75,"player_choice":"Gather Gold","damage_taken":11,"max_hp_gain":0,"max_hp_loss":0,"event_name":"World of Goop","floor":7,"gold_loss":0},{"damage_healed":0,"gold_gain":0,"player_choice":"Bought 1 Potion","damage_taken":0,"max_hp_gain":0,"max_hp_loss":0,"event_name":"The Woman in Blue","floor":12,"gold_loss":0},{"damage_healed":0,"gold_gain":0,"player_choice":"Ignored","damage_taken":0,"max_hp_gain":0,"max_hp_loss":0,"event_name":"Ghosts","floor":19,"gold_loss":0},{"damage_healed":23,"gold_gain":0,"player_choice":"Heal","damage_taken":0,"max_hp_gain":0,"max_hp_loss":0,"event_name":"The Library","floor":21,"gold_loss":0},{"damage_healed":0,"gold_gain":0,"player_choice":"Ignored","damage_taken":0,"max_hp_gain":0,"max_hp_loss":0,"event_name":"Vampires","floor":24,"gold_loss":0},{"damage_healed":0,"gold_gain":0,"player_choice":"Fought Bandits","damage_taken":0,"max_hp_gain":0,"max_hp_loss":0,"event_name":"Masked Bandits","floor":31,"gold_loss":0},{"damage_healed":0,"gold_gain":275,"player_choice":"Desecrate","damage_taken":0,"max_hp_gain":0,"max_hp_loss":0,"event_name":"Golden Shrine","floor":36,"gold_loss":0,"cards_obtained":["Regret"]},{"cards_removed":["Strike_G"],"damage_healed":0,"gold_gain":0,"player_choice":"Removed Attack","damage_taken":0,"max_hp_gain":0,"max_hp_loss":0,"event_name":"Falling","floor":39,"gold_loss":0},{"damage_healed":0,"gold_gain":0,"player_choice":"Memory 1","damage_taken":0,"max_hp_gain":0,"max_hp_loss":0,"event_name":"SensoryStone","floor":44,"gold_loss":0},{"damage_healed":0,"gold_gain":0,"player_choice":"Upgrade","damage_taken":0,"relics_obtained":["Mark of the Bloom"],"max_hp_gain":0,"max_hp_loss":0,"event_name":"MindBloom","floor":46,"gold_loss":0,"cards_upgraded":["Defend_G","Defend_G","Defend_G","Defend_G","Defend_G","Strike_G","Strike_G","Strike_G","Strike_G","Survivor","Neutralize","Sucker Punch","Dagger Spray","Corpse Explosion"]}],"is_beta":false,"boss_relics":[{"not_picked":["Empty Cage","Fusion Hammer"],"picked":"Busted Crown"},{"not_picked":["Pandora\u0027s Box","HoveringKite"],"picked":"WristBlade"}],"items_purged_floors":[10,38],"is_endless":false,"potions_floor_spawned":[1,11,13,16,25,28,30,35,48],"killed_by":"Time Eater","ascension_level":11}