{"gold_per_floor":[110,123,133,152,25,25,25,50,50,65,93,93,93,110,110,213,213,227,51,64,74,90,110,145,145,145,161,161,181,214,224,224,320,320,330,342,352,352,352,352,452,55,55,71,88,2,2,19,19,19],"floor_reached":51,"playtime":2537,"items_purged":["Defend_R"],"score":1038,"play_id":"981450c9-0b71-411f-82e8-0129bb79fa3f","local_time":"20190410182823","is_ascension_mode":true,"campfire_choices":[{"data":"Perfected Strike","floor":6.0,"key":"SMITH"},{"data":"Pommel Strike","floor":13.0,"key":"SMITH"},{"data":"Uppercut","floor":15.0,"key":"SMITH"},{"data":"Feed","floor":25.0,"key":"SMITH"},{"data":"Intimidate","floor":28.0,"key":"SMITH"},{"data":"Metallicize","floor":32.0,"key":"SMITH"},{"data":"Perfected Strike","floor":40,"key":"SMITH"},{"floor":47,"key":"DIG"},{"data":"Perfected Strike","floor":49,"key":"SMITH"}],"neow_cost":"NONE","seed_source_timestamp":0,"circlet_count":0,"master_deck":["Strike_R","Strike_R","Strike_R","Strike_R","Strike_R","Defend_R","Defend_R","Bash+1","Perfected Strike+1","Combust","Feel No Pain","Inflame","Perfected Strike+1","Pommel Strike+1","Twin Strike","Shrug It Off","Brutality","Uppercut+1","Feed+1","Perfected Strike+1","Twin Strike","Intimidate+1","Headbutt+1","Twin Strike","Inflame","Metallicize+1","Twin Strike","Pommel Strike+1","Armaments+1","Perfected Strike","Perfected Strike+1","Pommel Strike","Shrug It Off+1","Perfected Strike","Disarm+1"],"special_seed":0,"relics":["Burning Blood","Oddly Smooth Stone","Bottled Flame","Thread and Needle","Velvet Choker","Vajra","Ancient Tea Set","The Courier","Dead Branch","Snecko Eye","Regal Pillow","Shovel","Art of War","Pantograph","Mercury Hourglass","Turnip","Meat on the Bone"],"potions_floor_usage":[45,50,50],"damage_taken":[{"damage":10.0,"enemies":"Jaw Worm","floor":1.0,"turns":5.0},{"damage":7.0,"enemies":"2 Louse","floor":2.0,"turns":3.0},{"damage":6.0,"enemies":"Cultist","floor":3.0,"turns":4.0},{"damage":16.0,"enemies":"Looter","floor":4.0,"turns":4.0},{"damage":18.0,"enemies":"Lagavulin","floor":8.0,"turns":4.0},{"damage":16.0,"enemies":"3 Louse","floor":10.0,"turns":3.0},{"damage":21.0,"enemies":"3 Sentries","floor":11.0,"turns":5.0},{"damage":4.0,"enemies":"Red Slaver","floor":14.0,"turns":2.0},{"damage":6.0,"enemies":"Slime Boss","floor":16.0,"turns":7.0},{"damage":0.0,"enemies":"Spheric Guardian","floor":18.0,"turns":2.0},{"damage":8.0,"enemies":"Chosen","floor":20.0,"turns":2.0},{"damage":9.0,"enemies":"Snecko","floor":21.0,"turns":4.0},{"damage":0.0,"enemies":"3 Cultists","floor":22.0,"turns":4.0},{"damage":19.0,"enemies":"Centurion and Healer","floor":23.0,"turns":3.0},{"damage":9.0,"enemies":"Slavers","floor":24.0,"turns":4.0},{"damage":0.0,"enemies":"Snake Plant","floor":27.0,"turns":2.0},{"damage":0.0,"enemies":"Snecko","floor":29.0,"turns":2.0},{"damage":7.0,"enemies":"Gremlin Leader","floor":30.0,"turns":5.0},{"damage":10.0,"enemies":"Cultist and Chosen","floor":31.0,"turns":4.0},{"damage":49.0,"enemies":"Collector","floor":33.0,"turns":6.0},{"damage":0,"enemies":"Orb Walker","floor":35,"turns":1},{"damage":0,"enemies":"3 Darklings","floor":36,"turns":2},{"damage":11,"enemies":"Jaw Worm Horde","floor":37,"turns":4},{"damage":1,"enemies":"Mind Bloom Boss Battle","floor":41,"turns":5},{"damage":0,"enemies":"Writhing Mass","floor":44,"turns":1},{"damage":18,"enemies":"Maw","floor":45,"turns":3},{"damage":0,"enemies":"3 Darklings","floor":48,"turns":1},{"damage":46,"enemies":"Donu and Deca","floor":50,"turns":5}],"seed_played":"-7816287933807742823","potions_obtained":[{"floor":3.0,"key":"Swift Potion"},{"floor":8.0,"key":"BloodPotion"},{"floor":14.0,"key":"Poison Potion"},{"floor":16.0,"key":"Poison Potion"},{"floor":21.0,"key":"AttackPotion"},{"floor":22.0,"key":"Energy Potion"},{"floor":23.0,"key":"SkillPotion"},{"floor":27.0,"key":"LiquidBronze"},{"floor":29.0,"key":"BloodPotion"},{"floor":31.0,"key":"PowerPotion"},{"floor":37,"key":"FairyPotion"},{"floor":41,"key":"Explosive Potion"},{"floor":48,"key":"Explosive Potion"}],"is_trial":false,"path_per_floor":["M","M","M","M","$","R","?","E","T","M","E","?","R","M","R","B",null,"M","$","M","M","M","M","E","R","T","M","R","M","E","M","R","B",null,"M","M","M","T","?","R","?","$","T","M","M","?","R","M","R","B",null],"character_chosen":"IRONCLAD","items_purchased":["Perfected Strike","Vajra","Twin Strike","Art of War","Pantograph","Pommel Strike","GamblersBrew"],"campfire_rested":0,"item_purchase_floors":[5,19,19,42,42,42,42],"current_hp_per_floor":[76,75,75,65,65,65,70,58,58,56,41,41,41,43,43,43,75,81,81,79,76,85,75,75,75,75,81,81,87,94,94,94,51,86,92,98,93,93,93,93,93,93,93,93,81,81,81,87,87,53],"gold":19,"neow_bonus":"UPGRADE_CARD","is_prod":false,"is_daily":false,"chose_seed":false,"campfire_upgraded":8,"win_rate":0,"timestamp":1554946103,"path_taken":["M","M","M","M","$","R","?","E","T","M","E","?","R","M","R","BOSS","M","$","M","M","M","M","E","R","T","M","R","M","E","M","R","BOSS","M","M","M","?","?","R","?","$","T","M","M","?","R","M","R","BOSS"],"build_version":"2019-01-23","purchased_purges":1,"victory":true,"max_hp_per_floor":[80,80,80,80,80,80,85,85,85,85,85,85,85,85,85,85,85,85,85,85,85,88,91,94,94,94,94,94,94,94,98,98,98,98,98,98,98,98,93,93,93,93,93,93,93,93,93,93,93,93],"card_choices":[{"not_picked":["Flex","Body Slam"],"picked":"Perfected Strike","floor":1.0},{"not_picked":["Anger","Carnage"],"picked":"Combust","floor":2.0},{"not_picked":["Dual Wield","Blood for Blood"],"picked":"Feel No Pain","floor":3.0},{"not_picked":["Anger","Thunderclap"],"picked":"Inflame","floor":4.0},{"not_picked":["Reckless Charge","Fire Breathing"],"picked":"Pommel Strike","floor":8.0},{"not_picked":["Warcry","Corruption"],"picked":"Twin Strike","floor":10.0},{"not_picked":["Rupture","Evolve"],"picked":"Shrug It Off","floor":11.0},{"not_picked":["Bludgeon","Perfected Strike"],"picked":"Uppercut","floor":14.0},{"not_picked":["Limit Break","Impervious"],"picked":"Feed","floor":16.0},{"not_picked":["Thunderclap","Rampage"],"picked":"Perfected Strike+1","floor":18.0},{"not_picked":["Clash","Rampage"],"picked":"Intimidate","floor":20.0},{"not_picked":["Warcry","Inflame"],"picked":"Headbutt+1","floor":21.0},{"not_picked":["Inflame","Sword Boomerang"],"picked":"Twin Strike","floor":22.0},{"not_picked":["Havoc+1","Carnage+1"],"picked":"Inflame","floor":23.0},{"not_picked":["Impervious","Inflame"],"picked":"Metallicize","floor":24.0},{"not_picked":["Iron Wave","Headbutt"],"picked":"Twin Strike","floor":27.0},{"not_picked":["Clash+1","Perfected Strike"],"picked":"Pommel Strike+1","floor":29.0},{"not_picked":["Clothesline","Intimidate"],"picked":"Armaments+1","floor":30.0},{"not_picked":["Thunderclap","Entrench"],"picked":"Perfected Strike","floor":31.0},{"not_picked":["Clash+1","Hemokinesis+1"],"picked":"Perfected Strike","floor":35},{"not_picked":["Havoc","Flex","Corruption"],"picked":"SKIP","floor":36},{"not_picked":["Headbutt+1","Clash","Armaments"],"picked":"SKIP","floor":37},{"not_picked":["Feel No Pain+1","Anger+1"],"picked":"Shrug It Off+1","floor":44},{"not_picked":["Shrug It Off","Bloodletting+1"],"picked":"Perfected Strike","floor":45},{"not_picked":["Bloodletting+1","Searing Blow+1"],"picked":"Disarm+1","floor":48}],"player_experience":293770,"relics_obtained":[{"floor":8.0,"key":"Oddly Smooth Stone"},{"floor":9.0,"key":"Bottled Flame"},{"floor":11.0,"key":"Thread and Needle"},{"floor":24.0,"key":"Ancient Tea Set"},{"floor":26.0,"key":"The Courier"},{"floor":30.0,"key":"Dead Branch"},{"floor":38,"key":"Regal Pillow"},{"floor":41,"key":"Shovel"},{"floor":43,"key":"Mercury Hourglass"},{"floor":47,"key":"Meat on the Bone"}],"event_choices":[{"damage_healed":0.0,"max_hp_gain":5.0,"max_hp_loss":0.0,"gold_gain":0.0,"event_name":"Big Fish","player_choice":"Donut","floor":7.0,"gold_loss":0.0,"damage_taken":0.0},{"damage_healed":0.0,"max_hp_gain":0.0,"max_hp_loss":0.0,"gold_gain":0.0,"cards_transformed":["Defend_R"],"event_name":"Transmorgrifier","player_choice":"Transformed","floor":12.0,"gold_loss":0.0,"damage_taken":0.0,"cards_obtained":["Brutality"]},{"damage_healed":0,"gold_gain":0,"player_choice":"Max HP","damage_taken":0,"max_hp_gain":0,"max_hp_loss":5,"event_name":"Winding Halls","floor":39,"gold_loss":0},{"damage_healed":0,"gold_gain":0,"player_choice":"Fight","damage_taken":0,"max_hp_gain":0,"max_hp_loss":0,"event_name":"MindBloom","floor":41,"gold_loss":0},{"damage_healed":0,"gold_gain":0,"player_choice":"Paid Gold","damage_taken":0,"relics_obtained":["Turnip"],"max_hp_gain":0,"max_hp_loss":0,"event_name":"WeMeetAgain","floor":46,"gold_loss":86}],"is_beta":false,"boss_relics":[{"not_picked":["Pandora\u0027s Box","Eternal Feather"],"picked":"Velvet Choker"},{"not_picked":["Mark of Pain","Calling Bell"],"picked":"Snecko Eye"}],"items_purged_floors":[5],"is_endless":false,"potions_floor_spawned":[3,8,14,16,21,22,23,27,29,31,37,41,48],"ascension_level":5}