{"path_per_floor":["M","M","?","M","?","E","R","M","T","?","?","R","M","E","R","B",null,"M","$","?","$","?","E","M"],"character_chosen":"IRONCLAD","items_purchased":[],"gold_per_floor":[110,125,125,141,141,172,172,191,191,141,141,141,160,196,196,327,327,351,276,176,176,176,215,239],"floor_reached":25,"campfire_rested":2,"playtime":832,"current_hp_per_floor":[88,88,70,69,69,48,74,77,77,77,77,77,72,63,88,17,88,69,69,69,69,69,19,16],"items_purged":["Defend_R"],"gold":239,"score":263,"play_id":"3a96ae9b-bc4f-4aa0-9c00-925775ecebfa","is_prod":false,"is_daily":false,"is_ascension_mode":true,"campfire_upgraded":0,"path_taken":["M","M","?","M","?","E","R","M","T","?","?","R","M","E","R","BOSS","M","?","?","$","?","E","?","E"],"build_version":"2018-02-15-PROD1","purchased_purges":1,"victory":false,"master_deck":["Strike_R+1","Strike_R","Strike_R","Strike_R","Strike_R","Defend_R","Defend_R","Defend_R+1","Bash","Heavy Blade","Flex","Heavy Blade","J.A.X.","J.A.X."],"max_hp_per_floor":[88,88,88,88,88,88,88,88,88,88,88,88,88,88,88,88,88,88,88,88,88,88,88,88],"relics":["Burning Blood","Golden Idol","Bottled Lightning","Girya","Blood Vial","Mark of Pain","Ancient Tea Set"],"card_choices":[{"not_picked":["Headbutt","Rage"],"picked":"Heavy Blade"},{"not_picked":["Heavy Blade","Headbutt"],"picked":"Flex"},{"not_picked":["Headbutt","Uppercut"],"picked":"Heavy Blade"}],"player_experience":100536,"potions_floor_usage":[6,14,14,18,24],"damage_taken":[{"damage":0,"enemies":"Small Slimes","floor":1,"turns":3},{"damage":5,"enemies":"2 Louse","floor":2,"turns":3},{"damage":7,"enemies":"Jaw Worm","floor":4,"turns":3},{"damage":27,"enemies":"3 Sentries","floor":6,"turns":8},{"damage":3,"enemies":"Blue Slaver","floor":8,"turns":3},{"damage":11,"enemies":"Looter","floor":13,"turns":3},{"damage":15,"enemies":"Lagavulin","floor":14,"turns":3},{"damage":77,"enemies":"The Guardian","floor":16,"turns":12},{"damage":25,"enemies":"Spheric Guardian","floor":18,"turns":4},{"damage":58,"enemies":"Slavers","floor":23,"turns":5},{"damage":11,"enemies":"2 Thieves","floor":24,"turns":3},{"damage":18,"enemies":"Gremlin Leader","floor":25,"turns":2}],"event_choices":[{"event_name":"Shining Light","player_choice":"Entered Light","floor":3,"damage_taken":0},{"event_name":"Golden Idol","player_choice":"Take Wound","floor":5,"damage_taken":0},{"event_name":"The Cleric","player_choice":"Card Removal","floor":10,"damage_taken":0},{"event_name":"Liars Game","player_choice":"disagreed","floor":11,"damage_taken":0},{"event_name":"Drug Dealer","player_choice":"Got JAXXED","floor":20,"damage_taken":0},{"event_name":"Duplicator","player_choice":"One dupe","floor":22,"damage_taken":0}],"boss_relics":[{"not_picked":["Runic Cube","Black Blood"],"picked":"Mark of Pain"}],"potions_floor_spawned":[4,6,8,14,23],"seed_played":"9042045989626915800","killed_by":"Gremlin Leader","ascension_level":3,"is_trial":false}