{"gold_per_floor":[110,129,143,143,293,293,306,336,336,336,336],"floor_reached":11,"playtime":498,"items_purged":[],"score":146,"play_id":"47261b36-10f1-459e-9836-0bcd4174756a","local_time":"20190311202315","is_ascension_mode":true,"campfire_choices":[{"data":"Seeing Red","floor":6,"key":"SMITH"},{"floor":10,"key":"REST"}],"neow_cost":"NONE","seed_source_timestamp":426424876615300,"circlet_count":0,"master_deck":["AscendersBane","Strike_R","Strike_R","Strike_R","Strike_R","Strike_R","Defend_R","Defend_R","Defend_R","Defend_R","Bash","Infernal Blade","Seeing Red+1","Feel No Pain","Doubt","Thunderclap","Limit Break"],"relics":["Burning Blood","Gremlin Horn","Shuriken","Singing Bowl"],"potions_floor_usage":[7,8,11],"damage_taken":[{"damage":9,"enemies":"2 Louse","floor":1,"turns":3},{"damage":6,"enemies":"Jaw Worm","floor":2,"turns":5},{"damage":9,"enemies":"Small Slimes","floor":3,"turns":4},{"damage":14,"enemies":"Exordium Wildlife","floor":7,"turns":5},{"damage":29,"enemies":"3 Sentries","floor":8,"turns":10},{"damage":69,"enemies":"Gremlin Nob","floor":11,"turns":4}],"seed_played":"4642550814534455484","potions_obtained":[{"floor":2,"key":"Weak Potion"},{"floor":3,"key":"BloodPotion"},{"floor":8,"key":"SkillPotion"}],"is_trial":false,"path_per_floor":["M","M","M","?","?","R","M","E","T","R","E"],"character_chosen":"IRONCLAD","items_purchased":[],"campfire_rested":1,"item_purchase_floors":[],"current_hp_per_floor":[72,72,69,43,43,43,35,20,20,44,0],"gold":336,"neow_bonus":"TEN_PERCENT_HP_BONUS","is_prod":false,"is_daily":false,"chose_seed":false,"campfire_upgraded":1,"win_rate":0,"timestamp":1552335795,"path_taken":["M","M","M","?","?","R","M","E","T","R","E"],"build_version":"2019-01-23","purchased_purges":0,"victory":false,"max_hp_per_floor":[82,82,82,82,82,82,82,82,82,82,82],"card_choices":[{"not_picked":["Cleave","Body Slam"],"picked":"Infernal Blade","floor":1},{"not_picked":["Anger","True Grit"],"picked":"Seeing Red","floor":2},{"not_picked":["Cleave","Spot Weakness"],"picked":"Feel No Pain","floor":3},{"not_picked":["Perfected Strike","Warcry"],"picked":"Thunderclap","floor":7},{"not_picked":["Wild Strike","Shrug It Off"],"picked":"Limit Break","floor":8}],"player_experience":398260,"relics_obtained":[{"floor":8,"key":"Shuriken"},{"floor":9,"key":"Singing Bowl"}],"event_choices":[{"damage_healed":0,"gold_gain":0,"player_choice":"Success","damage_taken":26,"relics_obtained":["Gremlin Horn"],"max_hp_gain":0,"max_hp_loss":0,"event_name":"Scrap Ooze","floor":4,"gold_loss":0},{"damage_healed":0,"gold_gain":150,"player_choice":"AGREE","damage_taken":0,"max_hp_gain":0,"max_hp_loss":0,"event_name":"Liars Game","floor":5,"gold_loss":0,"cards_obtained":["Doubt"]}],"is_beta":false,"boss_relics":[],"items_purged_floors":[],"is_endless":false,"potions_floor_spawned":[2,3,8],"killed_by":"Gremlin Nob","ascension_level":20}