{"gold_per_floor":[367,377,393,42,54,54,89,101,139,151,182,194,206],"floor_reached":13,"playtime":564,"items_purged":[],"score":153,"play_id":"460cdaee-b6c7-4bac-8d2c-60bda41087c0","local_time":"20190202141641","is_ascension_mode":true,"campfire_choices":[{"data":"Defend_R","floor":6,"key":"SMITH"},{"data":"True Grit","floor":10,"key":"SMITH"},{"data":"Shrug It Off","floor":12,"key":"SMITH"}],"neow_cost":"PERCENT_DAMAGE","seed_source_timestamp":158774614594223,"circlet_count":0,"master_deck":["AscendersBane","Strike_R","Strike_R","Strike_R","Strike_R","Strike_R","Defend_R","Defend_R","Defend_R+1","Defend_R","Bash","Thunderclap","Dropkick","True Grit+1","Shrug It Off+1"],"relics":["Burning Blood","Lee\u0027s Waffle","Tiny Chest","MawBank","Regal Pillow","Pen Nib"],"potions_floor_usage":[7,7],"damage_taken":[{"damage":11,"enemies":"Cultist","floor":1,"turns":4},{"damage":9,"enemies":"2 Louse","floor":2,"turns":2},{"damage":7,"enemies":"Small Slimes","floor":3,"turns":3},{"damage":15,"enemies":"Gremlin Gang","floor":5,"turns":6},{"damage":21,"enemies":"Lagavulin","floor":7,"turns":7},{"damage":31,"enemies":"Exordium Thugs","floor":11,"turns":5},{"damage":41,"enemies":"3 Sentries","floor":13,"turns":7}],"seed_played":"726930686979124898","potions_obtained":[{"floor":3,"key":"SteroidPotion"},{"floor":5,"key":"PowerPotion"}],"is_trial":false,"path_per_floor":["M","M","M","$","M","R","E","T","T","R","M","R","?"],"character_chosen":"IRONCLAD","items_purchased":["Lee\u0027s Waffle","Tiny Chest"],"campfire_rested":0,"item_purchase_floors":[4,4],"current_hp_per_floor":[45,42,41,82,73,73,58,58,58,58,33,33,0],"gold":206,"neow_bonus":"TWO_FIFTY_GOLD","is_prod":false,"is_daily":false,"chose_seed":false,"campfire_upgraded":3,"win_rate":0,"timestamp":1549117001,"path_taken":["M","M","M","$","M","R","E","?","T","R","M","R","?"],"build_version":"2019-01-23","purchased_purges":0,"victory":false,"max_hp_per_floor":[75,75,75,82,82,82,82,82,82,82,82,82,82],"card_choices":[{"not_picked":["Sword Boomerang","Warcry"],"picked":"Thunderclap","floor":1},{"not_picked":["Rage","Feel No Pain"],"picked":"Dropkick","floor":2},{"not_picked":["Blood for Blood","Flex","Body Slam"],"picked":"SKIP","floor":3},{"not_picked":["Clothesline","Disarm","Entrench"],"picked":"SKIP","floor":5},{"not_picked":["Sever Soul","Cleave"],"picked":"True Grit","floor":7},{"not_picked":["True Grit","Shockwave"],"picked":"Shrug It Off","floor":11}],"player_experience":519019,"relics_obtained":[{"floor":7,"key":"MawBank"},{"floor":8,"key":"Regal Pillow"},{"floor":9,"key":"Pen Nib"}],"event_choices":[{"damage_healed":0,"gold_gain":0,"player_choice":"Searched \u00272\u0027 times","damage_taken":0,"max_hp_gain":0,"max_hp_loss":0,"event_name":"Dead Adventurer","floor":13,"gold_loss":0}],"is_beta":false,"boss_relics":[],"items_purged_floors":[],"is_endless":false,"potions_floor_spawned":[3,5],"killed_by":"3 Sentries","ascension_level":16}