{"gold_per_floor":[114,130,145,43,118,143,143,170,194,194,228,238,252,279,279,384,384,399,56,69,69,69,100,8,37,67,67,67,81,113,133,133,237,237,252,263,138,151,162,196,196,221,221,247,272,297,297,309,309,309],"floor_reached":51,"playtime":4769,"items_purged":["Strike_R","Defend_R","Defend_R"],"score":1060,"play_id":"2ca62da0-44c8-44dc-a7d5-9f67444225df","local_time":"20180721203647","is_ascension_mode":true,"campfire_choices":[{"data":"Body Slam","floor":7,"key":"SMITH"},{"data":"Feed","floor":10,"key":"SMITH"},{"data":"Hemokinesis","floor":15,"key":"SMITH"},{"data":"Madness","floor":27,"key":"SMITH"},{"data":"Defend_R","floor":32,"key":"SMITH"},{"data":"Offering","floor":41,"key":"SMITH"},{"data":"Bash","floor":47,"key":"SMITH"},{"data":"Body Slam","floor":49,"key":"SMITH"}],"neow_cost":"","seed_source_timestamp":773089929472074,"circlet_count":0,"master_deck":["Defend_R","Defend_R+1","Bash+1","Iron Wave","Combust","Feed+1","Body Slam+1","Shrug It Off+1","Hemokinesis+1","Shrug It Off+1","Blood for Blood","Offering+1","Shrug It Off+1","Ghostly Armor+1","Bite","Bite","Bite","Bite","Bite","Madness+1","Carnage+1","Seeing Red+1","Shrug It Off+1","Ghostly Armor+1","Exhume+1","Seeing Red+1","Body Slam+1"],"relics":["Burning Blood","Vajra","Omamori","Potion Belt","Matryoshka","Kunai","Coffee Dripper","Bottled Lightning","Ornamental Fan","Toxic Egg 2","Anchor","Tiny Chest","Strawberry","Philosopher\u0027s Stone","Ancient Tea Set","Art of War","Pear","Champion Belt","Pen Nib","War Paint","Boot"],"potions_floor_usage":[8,23,42,42,50,50,50,50],"damage_taken":[{"damage":13,"enemies":"Jaw Worm","floor":1,"turns":4},{"damage":5,"enemies":"Small Slimes","floor":2,"turns":4},{"damage":8,"enemies":"2 Louse","floor":3,"turns":4},{"damage":19,"enemies":"3 Sentries","floor":6,"turns":6},{"damage":23,"enemies":"Gremlin Nob","floor":8,"turns":4},{"damage":21,"enemies":"3 Sentries","floor":11,"turns":5},{"damage":0,"enemies":"Looter","floor":12,"turns":2},{"damage":7,"enemies":"2 Fungi Beasts","floor":13,"turns":4},{"damage":14,"enemies":"Gremlin Nob","floor":14,"turns":4},{"damage":9,"enemies":"Slime Boss","floor":16,"turns":5},{"damage":7,"enemies":"Chosen","floor":18,"turns":4},{"damage":5,"enemies":"Shell Parasite","floor":20,"turns":4},{"damage":18,"enemies":"Gremlin Leader","floor":23,"turns":6},{"damage":12,"enemies":"Slavers","floor":25,"turns":6},{"damage":18,"enemies":"3 Cultists","floor":29,"turns":3},{"damage":35,"enemies":"Book of Stabbing","floor":30,"turns":5},{"damage":5,"enemies":"Snake Plant","floor":31,"turns":2},{"damage":51,"enemies":"Automaton","floor":33,"turns":10},{"damage":12,"enemies":"Orb Walker","floor":35,"turns":1},{"damage":7,"enemies":"3 Shapes","floor":36,"turns":2},{"damage":12,"enemies":"Spire Growth","floor":38,"turns":3},{"damage":31,"enemies":"Sphere and 2 Shapes","floor":39,"turns":4},{"damage":24,"enemies":"2 Orb Walkers","floor":40,"turns":5},{"damage":14,"enemies":"Giant Head","floor":42,"turns":3},{"damage":12,"enemies":"2 Orb Walkers","floor":45,"turns":3},{"damage":12,"enemies":"4 Shapes","floor":48,"turns":2},{"damage":101,"enemies":"Time Eater","floor":50,"turns":10}],"seed_played":"3525686264873968838","potions_obtained":[{"floor":3,"key":"Ancient Potion"},{"floor":6,"key":"SteroidPotion"},{"floor":16,"key":"Weak Potion"},{"floor":18,"key":"SkillPotion"},{"floor":23,"key":"FearPotion"},{"floor":30,"key":"Poison Potion"},{"floor":31,"key":"Poison Potion"},{"floor":40,"key":"Fire Potion"},{"floor":42,"key":"Explosive Potion"}],"is_trial":false,"path_per_floor":["M","M","M","$","?","E","R","E","T","R","E","M","M","E","R","B",null,"M","$","M","?","$","E","$","E","T","R","?","M","E","M","R","B",null,"M","M","$","M","M","E","R","E","T","T","E","T","R","M","R","B"],"character_chosen":"IRONCLAD","items_purchased":["Body Slam","Bottled Lightning","Madness"],"campfire_rested":0,"item_purchase_floors":[4,19,24],"current_hp_per_floor":[73,74,72,72,61,51,51,34,34,34,23,33,36,32,32,29,99,102,102,103,72,72,74,74,76,76,76,76,74,62,65,65,48,87,83,88,88,88,69,65,65,71,81,81,85,85,85,91,91,14],"gold":309,"neow_bonus":"","is_prod":false,"is_daily":false,"chose_seed":false,"campfire_upgraded":8,"win_rate":0,"timestamp":1532176607,"path_taken":["M","M","M","$","?","E","R","E","T","R","E","M","M","E","R","BOSS","M","$","M","?","$","E","$","E","T","R","?","M","E","M","R","BOSS","M","M","$","?","M","E","R","E","T","?","E","?","R","M","R","BOSS"],"build_version":"2018-07-19v2","purchased_purges":3,"victory":true,"max_hp_per_floor":[80,80,80,80,80,83,83,83,83,83,87,91,95,99,99,99,99,103,103,103,72,72,76,76,76,76,76,76,80,87,87,87,87,87,87,91,91,91,95,99,99,103,113,113,113,113,113,117,117,117],"card_choices":[{"not_picked":["Armaments","Sword Boomerang"],"picked":"Iron Wave","floor":1},{"not_picked":["Anger","Power Through"],"picked":"Combust","floor":2},{"not_picked":["Havoc","Pummel"],"picked":"Feed","floor":3},{"not_picked":["Sever Soul","Inflame"],"picked":"Shrug It Off","floor":6},{"not_picked":["Clash","Clothesline","Dark Embrace"],"picked":"SKIP","floor":8},{"not_picked":["Clothesline","Wild Strike"],"picked":"Hemokinesis","floor":11},{"not_picked":["Havoc","Clothesline"],"picked":"Shrug It Off","floor":12},{"not_picked":["Power Through","Clothesline","Searing Blow"],"picked":"SKIP","floor":13},{"not_picked":["Havoc","Second Wind"],"picked":"Blood for Blood","floor":14},{"not_picked":["Impervious","Brutality"],"picked":"Offering","floor":16},{"not_picked":["Clash+1","Intimidate"],"picked":"Shrug It Off+1","floor":18},{"not_picked":["Sentinel","Fire Breathing"],"picked":"Ghostly Armor+1","floor":20},{"not_picked":["Wild Strike","Thunderclap","Havoc"],"picked":"SKIP","floor":23},{"not_picked":["Entrench","Infernal Blade"],"picked":"Carnage+1","floor":25},{"not_picked":["Flex+1","Rampage+1"],"picked":"Shrug It Off+1","floor":29},{"not_picked":["Body Slam","True Grit+1"],"picked":"Ghostly Armor+1","floor":30},{"not_picked":["Demon Form","Burning Pact+1","Heavy Blade"],"picked":"SKIP","floor":31},{"not_picked":["Limit Break+1","Berserk"],"picked":"Exhume+1","floor":33},{"not_picked":["Shockwave+1","Pommel Strike","Body Slam"],"picked":"SKIP","floor":35},{"not_picked":["Burning Pact+1","Bloodletting+1"],"picked":"Seeing Red+1","floor":36},{"not_picked":["Clothesline+1","Headbutt+1","Perfected Strike+1"],"picked":"SKIP","floor":38},{"not_picked":["Pummel","Fire Breathing+1","Pommel Strike+1"],"picked":"SKIP","floor":39},{"not_picked":["Armaments+1","Bloodletting+1","Sword Boomerang+1"],"picked":"SKIP","floor":40},{"not_picked":["Reckless Charge+1","Heavy Blade+1","Clash+1"],"picked":"SKIP","floor":42},{"not_picked":["Demon Form","Infernal Blade+1","Clash+1"],"picked":"SKIP","floor":45},{"not_picked":["Metallicize+1","Warcry+1"],"picked":"Body Slam","floor":48}],"player_experience":187523,"relics_obtained":[{"floor":6,"key":"Vajra"},{"floor":8,"key":"Omamori"},{"floor":9,"key":"Potion Belt"},{"floor":11,"key":"Matryoshka"},{"floor":14,"key":"Kunai"},{"floor":23,"key":"Ornamental Fan"},{"floor":25,"key":"Toxic Egg 2"},{"floor":26,"key":"Anchor"},{"floor":26,"key":"Tiny Chest"},{"floor":30,"key":"Strawberry"},{"floor":40,"key":"Ancient Tea Set"},{"floor":42,"key":"Art of War"},{"floor":43,"key":"Pear"},{"floor":43,"key":"Champion Belt"},{"floor":44,"key":"Pen Nib"},{"floor":45,"key":"War Paint"},{"floor":46,"key":"Boot"}],"event_choices":[{"event_name":"World of Goop","player_choice":"Gather Gold","floor":5,"damage_taken":0},{"event_name":"Vampires","player_choice":"Became a vampire","floor":21,"damage_taken":0},{"event_name":"The Library","player_choice":"Read","floor":28,"damage_taken":0}],"is_beta":false,"boss_relics":[{"not_picked":["Velvet Choker","Runic Cube"],"picked":"Coffee Dripper"},{"not_picked":["Cursed Key","Runic Pyramid"],"picked":"Philosopher\u0027s Stone"}],"items_purged_floors":[4,19,37],"is_endless":false,"potions_floor_spawned":[3,6,16,18,23,30,31,36,40,42],"ascension_level":2}