{"gold_per_floor":[114,134,149,149,149,180,180,36,88,88,100,134,134,168,168,268,268,282,197,197,197,216,249,267,294,294,294,307,307,115,215,215,316,316,326,326,343,392,410,443,58,58,136,149,162,179,54,70,70,70,70,70,70,96,96],"floor_reached":56,"playtime":5399,"items_purged":["Hyperbeam","Parasite","Defend_B"],"score":1375,"play_id":"f0fc4de7-75f6-440a-bf6a-886e905adb34","local_time":"20190110012851","is_ascension_mode":true,"campfire_choices":[{"data":"Gash","floor":7,"key":"SMITH"},{"data":"Defend_B","floor":10,"key":"SMITH"},{"floor":15,"key":"REST"},{"floor":29,"key":"REST"},{"floor":32,"key":"REST"},{"data":"Defend_B","floor":42,"key":"PURGE"},{"floor":49,"key":"RECALL"},{"data":"Madness","floor":52,"key":"SMITH"}],"neow_cost":"NONE","seed_source_timestamp":1320583981515891,"circlet_count":0,"master_deck":["Defend_B","Defend_B+1","Zap","Dualcast","Gash+1","Skim","Compile Driver","Leap","FTL","Doom and Gloom","Conserve Battery","Self Repair","Compile Driver","Gash","Skim","Gash","Gash","Seek","Gash","Skim","Leap","Madness+1","Madness","Gash+1","Turbo","Turbo+1","White Noise+1","Leap+1","Stack+1"],"relics":["Cracked Core","Centennial Puzzle","Dream Catcher","Bag of Preparation","DataDisk","Orichalcum","Kunai","Lizard Tail","Du-Vu Doll","Turnip","Bag of Marbles","Mummified Hand","Tiny Chest","StoneCalendar","Cables","Runic Pyramid","Mango","Vajra","Peace Pipe","Lantern"],"potions_floor_usage":[6,16,31,31,38,40,54],"damage_taken":[{"damage":0,"enemies":"Small Slimes","floor":1,"turns":2},{"damage":0,"enemies":"2 Louse","floor":2,"turns":2},{"damage":0,"enemies":"Cultist","floor":3,"turns":3},{"damage":25,"enemies":"3 Sentries","floor":6,"turns":12},{"damage":2,"enemies":"Looter","floor":11,"turns":3},{"damage":27,"enemies":"Lagavulin","floor":12,"turns":6},{"damage":7,"enemies":"3 Sentries","floor":14,"turns":6},{"damage":14,"enemies":"Slime Boss","floor":16,"turns":7},{"damage":40,"enemies":"3 Byrds","floor":18,"turns":6},{"damage":8,"enemies":"Shell Parasite","floor":22,"turns":5},{"damage":42,"enemies":"Book of Stabbing","floor":23,"turns":5},{"damage":15,"enemies":"Snake Plant","floor":24,"turns":5},{"damage":19,"enemies":"Gremlin Leader","floor":25,"turns":5},{"damage":11,"enemies":"Centurion and Healer","floor":28,"turns":5},{"damage":11,"enemies":"Colosseum Slavers","floor":31,"turns":4},{"damage":29,"enemies":"Colosseum Nobs","floor":31,"turns":4},{"damage":21,"enemies":"Automaton","floor":33,"turns":6},{"damage":6,"enemies":"Orb Walker","floor":35,"turns":4},{"damage":27,"enemies":"3 Darklings","floor":37,"turns":6},{"damage":18,"enemies":"2 Orb Walkers","floor":38,"turns":4},{"damage":0,"enemies":"Writhing Mass","floor":39,"turns":5},{"damage":13,"enemies":"Giant Head","floor":40,"turns":6},{"damage":10,"enemies":"Sphere and 2 Shapes","floor":44,"turns":3},{"damage":6,"enemies":"4 Shapes","floor":45,"turns":3},{"damage":0,"enemies":"Transient","floor":46,"turns":5},{"damage":5,"enemies":"3 Darklings","floor":48,"turns":3},{"damage":17,"enemies":"Donu and Deca","floor":50,"turns":6},{"damage":81,"enemies":"Shield and Spear","floor":54,"turns":6},{"damage":115,"enemies":"The Heart","floor":55,"turns":9}],"seed_played":"3430177146433698656","potions_obtained":[{"floor":1,"key":"SpeedPotion"},{"floor":2,"key":"SkillPotion"},{"floor":11,"key":"FairyPotion"},{"floor":14,"key":"PowerPotion"},{"floor":16,"key":"Strength Potion"},{"floor":22,"key":"Weak Potion"},{"floor":31,"key":"Explosive Potion"},{"floor":35,"key":"Energy Potion"},{"floor":45,"key":"Explosive Potion"},{"floor":46,"key":"Poison Potion"},{"floor":54,"key":"Swift Potion"}],"is_trial":false,"path_per_floor":["M","M","M","?","?","E","R","$","T","R","M","E","?","E","R","B",null,"M","?","?","?","M","E","M","E","T","?","M","R","$","?","R","B",null,"M","?","M","?","M","E","$","R","T","M","M","M","$","M","R","B",null,"R","$","E","B",null],"character_chosen":"DEFECT","items_purchased":["Bag of Preparation","Tiny Chest","Peace Pipe"],"campfire_rested":3,"item_purchase_floors":[8,30,41],"current_hp_per_floor":[75,75,75,80,80,55,55,55,55,55,53,26,26,19,43,29,80,47,47,47,90,89,47,39,27,27,27,23,50,50,10,37,23,90,90,79,59,62,69,63,63,63,63,60,61,68,68,70,70,60,101,101,101,27,8],"gold":96,"neow_bonus":"RANDOM_COMMON_RELIC","is_prod":false,"is_daily":false,"chose_seed":false,"campfire_upgraded":3,"win_rate":0,"timestamp":1547083731,"path_taken":["M","M","M","?","?","E","R","$","T","R","?","E","?","E","R","BOSS","M","?","?","?","M","E","?","E","T","?","M","R","$","?","R","BOSS","M","?","M","?","M","E","$","R","T","M","M","M","?","M","R","BOSS","R","$","E","BOSS"],"build_version":"2019-01-03v4","purchased_purges":3,"victory":true,"max_hp_per_floor":[75,75,75,80,80,80,80,80,80,80,80,80,80,80,80,80,80,80,80,80,90,90,90,90,90,90,90,90,90,90,90,90,90,90,90,90,90,104,104,104,101,101,101,101,101,101,101,101,101,101,101,101,101,101,101],"card_choices":[{"not_picked":["Aggregate","Stack"],"picked":"Gash","floor":1},{"not_picked":["Chill","Capacitor"],"picked":"Skim","floor":2},{"not_picked":["Aggregate","Static Discharge"],"picked":"Compile Driver","floor":3},{"not_picked":["Rip and Tear","Hello World","Chill"],"picked":"SKIP","floor":6},{"not_picked":["Storm","Leap"],"picked":"FTL","floor":11},{"not_picked":["Steam","Hologram"],"picked":"Doom and Gloom","floor":12},{"not_picked":["Chill","Defragment"],"picked":"Self Repair","floor":14},{"not_picked":["Hello World","Capacitor"],"picked":"Compile Driver","floor":15},{"not_picked":["Buffer","Fission"],"picked":"Multi-Cast","floor":16},{"not_picked":["Ball Lightning","Sweeping Beam"],"picked":"Gash","floor":18},{"not_picked":["Coolheaded+1","Double Energy"],"picked":"Gash","floor":22},{"not_picked":["Barrage","Go for the Eyes+1","Leap"],"picked":"SKIP","floor":23},{"not_picked":["Sweeping Beam","BootSequence+1"],"picked":"Gash","floor":24},{"not_picked":["Steam","Storm","Multi-Cast"],"picked":"SKIP","floor":25},{"not_picked":["Hello World","Beam Cell"],"picked":"Gash","floor":28},{"not_picked":["Redo","Storm"],"picked":"Skim","floor":29},{"not_picked":["Cold Snap+1","Redo"],"picked":"Leap","floor":35},{"not_picked":["Streamline+1","Genetic Algorithm+1"],"picked":"Gash+1","floor":37},{"not_picked":["Cold Snap+1","Coolheaded+1"],"picked":"Turbo","floor":38},{"not_picked":["Loop","Coolheaded","Ball Lightning+1"],"picked":"SKIP","floor":39},{"not_picked":["Loop","Coolheaded","Ball Lightning+1"],"picked":"SKIP","floor":39},{"not_picked":["Capacitor+1","Barrage","Darkness"],"picked":"SKIP","floor":40},{"not_picked":["Rebound","Reinforced Body+1"],"picked":"Turbo+1","floor":44},{"not_picked":["Thunder Strike","Melter+1","Capacitor+1"],"picked":"SKIP","floor":45},{"not_picked":["Cold Snap","Hologram+1"],"picked":"White Noise+1","floor":46},{"not_picked":["Streamline","Go for the Eyes"],"picked":"Leap+1","floor":48},{"not_picked":["Recycle","Buffer"],"picked":"Stack+1","floor":54}],"player_experience":138863,"relics_obtained":[{"floor":6,"key":"Dream Catcher"},{"floor":9,"key":"DataDisk"},{"floor":12,"key":"Orichalcum"},{"floor":14,"key":"Kunai"},{"floor":23,"key":"Turnip"},{"floor":25,"key":"Bag of Marbles"},{"floor":26,"key":"Mummified Hand"},{"floor":31,"key":"StoneCalendar"},{"floor":31,"key":"Cables"},{"floor":38,"key":"Mango"},{"floor":40,"key":"Vajra"},{"floor":54,"key":"Lantern"}],"event_choices":[{"damage_healed":0,"gold_gain":0,"player_choice":"Donut","damage_taken":0,"max_hp_gain":5,"max_hp_loss":0,"event_name":"Big Fish","floor":4,"gold_loss":0},{"damage_healed":0,"gold_gain":0,"cards_transformed":["Strike_B"],"player_choice":"Transformed","damage_taken":0,"max_hp_gain":0,"max_hp_loss":0,"event_name":"Transmorgrifier","floor":5,"gold_loss":0,"cards_obtained":["Leap"]},{"damage_healed":0,"gold_gain":0,"cards_transformed":["Strike_B"],"player_choice":"Change","damage_taken":0,"max_hp_gain":0,"max_hp_loss":0,"event_name":"Living Wall","floor":13,"gold_loss":0,"cards_obtained":["Conserve Battery"]},{"damage_healed":0,"gold_gain":0,"player_choice":"Obtained Relic","damage_taken":0,"relics_obtained":["Du-Vu Doll"],"max_hp_gain":0,"max_hp_loss":0,"event_name":"Addict","floor":19,"gold_loss":85},{"damage_healed":0,"gold_gain":0,"player_choice":"Read","damage_taken":0,"max_hp_gain":0,"max_hp_loss":0,"event_name":"The Library","floor":20,"gold_loss":0,"cards_obtained":["Skim"]},{"cards_removed":["Multi-Cast"],"damage_healed":33,"gold_gain":0,"player_choice":"Offered Rare","damage_taken":0,"max_hp_gain":10,"max_hp_loss":0,"event_name":"Bonfire Elementals","floor":21,"gold_loss":0},{"damage_healed":0,"gold_gain":0,"cards_transformed":["Strike_B","Strike_B"],"player_choice":"Became Test Subject","damage_taken":0,"max_hp_gain":0,"max_hp_loss":0,"event_name":"Drug Dealer","floor":27,"gold_loss":0,"cards_obtained":["Hyperbeam","Seek"]},{"damage_healed":0,"gold_gain":0,"player_choice":"Fight","damage_taken":0,"max_hp_gain":0,"max_hp_loss":0,"event_name":"Colosseum","floor":31,"gold_loss":0},{"damage_healed":0,"gold_gain":0,"player_choice":"Fought Nobs","damage_taken":0,"max_hp_gain":0,"max_hp_loss":0,"event_name":"Colosseum","floor":31,"gold_loss":0},{"damage_healed":0,"gold_gain":0,"player_choice":"Embrace Madness","damage_taken":11,"max_hp_gain":0,"max_hp_loss":0,"event_name":"Winding Halls","floor":36,"gold_loss":0,"cards_obtained":["Madness","Madness"]},{"damage_healed":0,"gold_gain":0,"player_choice":"Fight","damage_taken":0,"max_hp_gain":0,"max_hp_loss":0,"event_name":"Mysterious Sphere","floor":38,"gold_loss":0}],"is_beta":false,"boss_relics":[{"not_picked":["White Beast Statue","Eternal Feather"],"picked":"Lizard Tail"},{"not_picked":["Runic Dome","Sozu"],"picked":"Runic Pyramid"}],"items_purged_floors":[30,41,47],"is_endless":false,"potions_floor_spawned":[1,2,11,14,16,18,22,23,25,31,35,37,45,46,48,54],"ascension_level":3}