{"gold_per_floor":[15,15,29,48,64,89,89,102,102,122,132,151,163,180,180,282,282,299,299,299,42,42,77,91,91],"floor_reached":25,"playtime":1298,"items_purged":[],"score":321,"play_id":"46a047d5-4180-4d12-9215-4dd36c047f31","local_time":"20190114113649","is_ascension_mode":true,"campfire_choices":[{"data":"True Grit","floor":7,"key":"SMITH"},{"data":"Body Slam","floor":15,"key":"SMITH"}],"neow_cost":"NO_GOLD","seed_source_timestamp":1706809990901170,"circlet_count":0,"master_deck":["Strike_R","Strike_R","Strike_R","Defend_R","Defend_R","Defend_R","Defend_R","Bash","Impervious","Headbutt","Headbutt","True Grit+1","Anger","Anger","Impervious","Shrug It Off","Body Slam+1","Shrug It Off","RitualDagger","Writhe","Warcry","Armaments"],"relics":["Burning Blood","Boot","Pen Nib","Empty Cage","MutagenicStrength","Meat on the Bone","Strawberry","Question Card"],"potions_floor_usage":[6,13,24],"damage_taken":[{"damage":1,"enemies":"2 Louse","floor":1,"turns":4},{"damage":5,"enemies":"Cultist","floor":3,"turns":5},{"damage":0,"enemies":"Small Slimes","floor":4,"turns":3},{"damage":28,"enemies":"Exordium Thugs","floor":5,"turns":5},{"damage":40,"enemies":"Lagavulin","floor":6,"turns":6},{"damage":4,"enemies":"Looter","floor":8,"turns":3},{"damage":7,"enemies":"Gremlin Gang","floor":10,"turns":6},{"damage":12,"enemies":"Exordium Wildlife","floor":11,"turns":3},{"damage":1,"enemies":"2 Fungi Beasts","floor":12,"turns":4},{"damage":3,"enemies":"Gremlin Gang","floor":13,"turns":6},{"damage":0,"enemies":"3 Louse","floor":14,"turns":4},{"damage":37,"enemies":"Hexaghost","floor":16,"turns":13},{"damage":22,"enemies":"2 Thieves","floor":18,"turns":4},{"damage":30,"enemies":"Slavers","floor":23,"turns":7},{"damage":3,"enemies":"Chosen","floor":24,"turns":4},{"damage":54,"enemies":"Book of Stabbing","floor":25,"turns":6}],"seed_played":"1119653747261660098","potions_obtained":[{"floor":2,"key":"SkillPotion"},{"floor":2,"key":"FairyPotion"},{"floor":2,"key":"EssenceOfSteel"},{"floor":10,"key":"Energy Potion"},{"floor":11,"key":"Block Potion"},{"floor":24,"key":"Poison Potion"}],"is_trial":false,"path_per_floor":["M","?","M","M","M","E","R","M","T","M","M","M","M","M","R","B",null,"M","?","?","$","?","E","M","E"],"character_chosen":"IRONCLAD","items_purchased":["Meat on the Bone"],"campfire_rested":0,"item_purchase_floors":[21],"current_hp_per_floor":[77,77,78,80,58,24,24,26,26,25,19,24,27,33,33,14,64,48,42,42,42,49,37,52,0],"gold":91,"neow_bonus":"THREE_RARE_CARDS","is_prod":false,"is_daily":false,"chose_seed":false,"campfire_upgraded":2,"win_rate":0,"timestamp":1547465809,"path_taken":["M","?","M","M","M","E","R","M","T","M","M","?","M","M","R","BOSS","M","?","?","$","?","E","M","E"],"build_version":"2019-01-10","purchased_purges":0,"victory":false,"max_hp_per_floor":[80,80,80,80,80,80,80,80,80,80,80,80,80,80,80,80,80,80,80,80,80,87,87,87,87],"card_choices":[{"not_picked":["Dark Embrace","Fiend Fire"],"picked":"Impervious","floor":0},{"not_picked":["Fire Breathing","Thunderclap"],"picked":"Headbutt","floor":1},{"not_picked":["Bloodletting","Flex","Havoc"],"picked":"SKIP","floor":3},{"not_picked":["Rupture","Seeing Red"],"picked":"Headbutt","floor":4},{"not_picked":["Whirlwind","Body Slam"],"picked":"True Grit","floor":5},{"not_picked":["Metallicize","Uppercut"],"picked":"Anger","floor":6},{"not_picked":["Reckless Charge","Corruption"],"picked":"Anger","floor":8},{"not_picked":["Reckless Charge","Perfected Strike"],"picked":"Impervious","floor":10},{"not_picked":["Perfected Strike","Clothesline","Thunderclap"],"picked":"SKIP","floor":11},{"not_picked":["Perfected Strike","Clothesline","Thunderclap"],"picked":"SKIP","floor":11},{"not_picked":["Dropkick","Clothesline"],"picked":"Shrug It Off","floor":12},{"not_picked":["Clash","Clothesline"],"picked":"Body Slam","floor":13},{"not_picked":["Pommel Strike","Havoc"],"picked":"Shrug It Off","floor":14},{"not_picked":["Armaments","Flex","Blood for Blood"],"picked":"SKIP","floor":18},{"not_picked":["Pommel Strike+1","Rage"],"picked":"Warcry","floor":23},{"not_picked":["Hemokinesis","Anger","Burning Pact+1"],"picked":"Armaments","floor":24}],"player_experience":274188,"relics_obtained":[{"floor":6,"key":"Boot"},{"floor":9,"key":"Pen Nib"},{"floor":23,"key":"Question Card"}],"event_choices":[{"damage_healed":0,"gold_gain":0,"player_choice":"Got Potions","damage_taken":0,"max_hp_gain":0,"max_hp_loss":0,"event_name":"Lab","floor":2,"gold_loss":0},{"damage_healed":0,"gold_gain":0,"player_choice":"Joined the Cult","damage_taken":6,"max_hp_gain":0,"max_hp_loss":0,"event_name":"Nest","floor":19,"gold_loss":0,"cards_obtained":["RitualDagger"]},{"damage_healed":0,"gold_gain":0,"player_choice":"Inject Mutagens","damage_taken":0,"relics_obtained":["MutagenicStrength"],"max_hp_gain":0,"max_hp_loss":0,"event_name":"Drug Dealer","floor":20,"gold_loss":0},{"damage_healed":0,"gold_gain":0,"player_choice":"Opened","damage_taken":0,"relics_obtained":["Strawberry"],"max_hp_gain":0,"max_hp_loss":0,"event_name":"The Mausoleum","floor":22,"gold_loss":0,"cards_obtained":["Writhe"]}],"is_beta":false,"boss_relics":[{"not_picked":["White Beast Statue","Busted Crown"],"picked":"Empty Cage"}],"items_purged_floors":[],"is_endless":false,"potions_floor_spawned":[4,10,11,12,24],"killed_by":"Book of Stabbing","ascension_level":8}