{"path_per_floor":["M","M","$","M","M","R","M","R","T","M","R","$","?","M","R","B",null,"M","$","M","?","M"],"character_chosen":"THE_SILENT","items_purchased":[],"gold_per_floor":[109,129,54,65,83,83,93,93,93,111,111,11,11,24,54,149,149,168,43,53,53,71],"floor_reached":23,"campfire_rested":0,"playtime":1549,"current_hp_per_floor":[59,50,50,50,50,50,45,45,45,39,39,39,62,50,50,18,57,48,48,38,22,6],"items_purged":["Regret","Doubt","Injury"],"gold":71,"score":231,"play_id":"a3541c69-a09c-4b1c-a1be-06c363024a48","is_prod":false,"is_daily":false,"is_ascension_mode":true,"campfire_upgraded":2,"path_taken":["M","M","$","M","M","R","M","R","T","M","R","$","?","?","R","BOSS","M","$","M","?","M","M"],"build_version":"2018-02-15-PROD1","purchased_purges":3,"victory":false,"master_deck":["Defend_G","Defend_G","Defend_G","Defend_G","Defend_G","Strike_G","Strike_G","Strike_G","Strike_G","Strike_G","Survivor","Neutralize+1","Well Laid Plans+1","Deadly Poison","Sucker Punch+1","Flying Knee","Catalyst","Phantasmal Killer","Quick Slash+1","Masterful Stab","Purity","Endless Agony"],"max_hp_per_floor":[70,70,70,70,70,70,70,70,70,70,70,70,70,70,70,70,70,70,70,70,70,70],"relics":["Calling Bell","Bag of Marbles","Orichalcum","Frozen Egg 2","Shovel","Mummified Hand","Tiny Chest","Runic Dome"],"card_choices":[{"not_picked":["Deadly Poison","All Out Attack"],"picked":"Well Laid Plans"},{"not_picked":["Endless Agony","Flechettes"],"picked":"Deadly Poison"},{"not_picked":["Malaise","Masterful Stab"],"picked":"Sucker Punch"},{"not_picked":["Skewer","Sucker Punch"],"picked":"Flying Knee"},{"not_picked":["Flying Knee","Cloak And Dagger"],"picked":"Catalyst"},{"not_picked":["Bullet Time","Corpse Explosion"],"picked":"Phantasmal Killer"},{"not_picked":["Dagger Spray","Prepared"],"picked":"Quick Slash"},{"not_picked":["Escape Plan","Backflip"],"picked":"Masterful Stab"},{"not_picked":["Slice","Acrobatics"],"picked":"Endless Agony"}],"player_experience":133081,"potions_floor_usage":[7,10,22,22,22],"damage_taken":[{"damage":11,"enemies":"Jaw Worm","floor":1,"turns":6},{"damage":9,"enemies":"Cultist","floor":2,"turns":4},{"damage":0,"enemies":"2 Louse","floor":4,"turns":4},{"damage":0,"enemies":"Blue Slaver","floor":5,"turns":4},{"damage":5,"enemies":"Lots of Slimes","floor":7,"turns":3},{"damage":6,"enemies":"2 Fungi Beasts","floor":10,"turns":3},{"damage":12,"enemies":"Exordium Thugs","floor":14,"turns":5},{"damage":32,"enemies":"The Guardian","floor":16,"turns":14},{"damage":9,"enemies":"Shell Parasite","floor":18,"turns":5},{"damage":10,"enemies":"2 Thieves","floor":20,"turns":4},{"damage":16,"enemies":"3 Cultists","floor":22,"turns":5},{"damage":11,"enemies":"Snake Plant","floor":23,"turns":2}],"event_choices":[{"event_name":"Big Fish","player_choice":"Banana","floor":13,"damage_taken":0},{"event_name":"Knowing Skull","player_choice":"CARD ","floor":21,"damage_taken":0}],"boss_relics":[{"not_picked":["Lizard Tail","Pandora\u0027s Box"],"picked":"Runic Dome"}],"potions_floor_spawned":[4,7,10,16,18],"seed_played":"-4898338698311810839","killed_by":"Snake Plant","ascension_level":5,"is_trial":false}