{"gold_per_floor":[118,129,129,139,139,139,139,16,42,42,55,73,85,111,111,213,213,227,227,227,25,26,26,46,46,46,61,77,77,97,97,97,194,194,209,209,160,160,160,160,110,122,198,198,217,217,230,230,230,230],"floor_reached":50,"playtime":2979,"items_purged":[],"score":457,"play_id":"faaa6e5d-4a69-4dbf-a6e3-456290eef7a1","local_time":"20190420155800","is_ascension_mode":false,"campfire_choices":[{"data":"Reflex","floor":6.0,"key":"SMITH"},{"data":"Backflip","floor":10.0,"key":"SMITH"},{"floor":15.0,"key":"REST"},{"data":"Footwork","floor":23.0,"key":"SMITH"},{"floor":25.0,"key":"REST"},{"floor":29.0,"key":"REST"},{"floor":32.0,"key":"REST"},{"data":"Thinking Ahead","floor":40.0,"key":"SMITH"},{"floor":46.0,"key":"REST"},{"floor":49,"key":"RECALL"}],"neow_cost":"NONE","seed_source_timestamp":2859872704061486,"circlet_count":0,"master_deck":["Defend_G+1","Defend_G+1","Defend_G+1","Defend_G+1","Defend_G+1","Strike_G+1","Strike_G+1","Strike_G+1","Strike_G+1","Strike_G+1","Survivor+1","Neutralize+1","Blur+1","Reflex+1","Backflip+1","Backflip+1","Backflip+1","Corpse Explosion+1","Adrenaline+1","Acrobatics+1","Footwork+1","Crippling Poison+1","Acrobatics+1","Dash+1","Doppelganger+1","Thinking Ahead+1","Blur+1","Deflect+1"],"special_seed":0,"relics":["HoveringKite","Mark of the Bloom"],"potions_floor_usage":[50,50,50],"damage_taken":[{"damage":19.0,"enemies":"Cultist","floor":1.0,"turns":6.0},{"damage":14.0,"enemies":"Jaw Worm","floor":2.0,"turns":5.0},{"damage":0.0,"enemies":"Small Slimes","floor":4.0,"turns":4.0},{"damage":0.0,"enemies":"Blue Slaver","floor":11.0,"turns":5.0},{"damage":0.0,"enemies":"3 Louse","floor":12.0,"turns":7.0},{"damage":3.0,"enemies":"Large Slime","floor":13.0,"turns":8.0},{"damage":10.0,"enemies":"Slime Boss","floor":16.0,"turns":12.0},{"damage":0.0,"enemies":"3 Byrds","floor":18.0,"turns":4.0},{"damage":24.0,"enemies":"Colosseum Slavers","floor":19.0,"turns":7.0},{"damage":10.0,"enemies":"2 Thieves","floor":22.0,"turns":5.0},{"damage":39.0,"enemies":"Sentry and Sphere","floor":24.0,"turns":16.0},{"damage":0.0,"enemies":"Shelled Parasite and Fungi","floor":27.0,"turns":8.0},{"damage":15.0,"enemies":"Snake Plant","floor":28.0,"turns":7.0},{"damage":11.0,"enemies":"Centurion and Healer","floor":30.0,"turns":8.0},{"damage":59.0,"enemies":"Automaton","floor":33.0,"turns":19.0},{"damage":4.0,"enemies":"Orb Walker","floor":35.0,"turns":7.0},{"damage":2.0,"enemies":"3 Shapes","floor":42.0,"turns":4.0},{"damage":12.0,"enemies":"3 Darklings","floor":45.0,"turns":5.0},{"damage":13.0,"enemies":"Sphere and 2 Shapes","floor":47.0,"turns":8.0},{"damage":74,"enemies":"Donu and Deca","floor":50,"turns":12}],"seed_played":"-5032871031756033688","potions_obtained":[{"floor":4.0,"key":"Strength Potion"},{"floor":12.0,"key":"Energy Potion"},{"floor":18.0,"key":"EssenceOfSteel"},{"floor":24.0,"key":"SpeedPotion"}],"is_trial":false,"path_per_floor":["M","M","?","M","?","R","$","$","T","R","M","M","M","T","R","B",null,"M","?","?","$","M","R","M","R","T","M","M","R","M","?","R","B",null,"M","?","$","?","?","R","$","M","T","?","M","R","M","?","R","B"],"character_chosen":"THE_SILENT","items_purchased":["Backflip","AttackPotion","Dexterity Potion","Footwork","Ancient Potion","SpeedPotion","Swift Potion","PowerPotion"],"campfire_rested":5,"item_purchase_floors":[8,8,8,21,21,21,37,41],"current_hp_per_floor":[51,37,37,37,42,42,42,42,42,42,42,42,39,39,61,51,75,75,51,51,51,41,41,2,24,24,24,9,31,20,45,67,8,75,71,71,71,71,71,71,71,69,69,69,57,71,58,58,58,0],"gold":230,"neow_bonus":"BOSS_RELIC","is_prod":false,"is_daily":false,"chose_seed":false,"campfire_upgraded":4,"win_rate":0,"timestamp":1555772280,"path_taken":["M","?","?","M","?","R","?","$","T","R","M","M","M","?","R","BOSS","M","?","?","$","M","R","M","R","T","M","M","R","M","?","R","BOSS","M","?","$","?","?","R","$","M","T","?","?","R","M","?","R","BOSS"],"build_version":"2019-01-23","purchased_purges":0,"victory":false,"max_hp_per_floor":[70,70,70,70,75,75,75,75,75,75,75,75,75,75,75,75,75,75,75,75,75,75,75,75,75,75,75,75,75,75,75,75,75,75,75,71,71,71,71,71,71,71,71,71,71,71,71,71,71,71],"card_choices":[{"not_picked":["Bane","Blade Dance"],"picked":"Blur","floor":1.0},{"not_picked":["Prepared","Bane"],"picked":"Reflex","floor":2.0},{"not_picked":["Cloak And Dagger","Dagger Throw"],"picked":"Backflip","floor":4.0},{"not_picked":["Blur","Quick Slash"],"picked":"Backflip","floor":11.0},{"not_picked":["Deflect","Poisoned Stab"],"picked":"Corpse Explosion","floor":12.0},{"not_picked":["Prepared","Dodge and Roll","Setup"],"picked":"SKIP","floor":13.0},{"not_picked":["Doppelganger","Bullet Time"],"picked":"Adrenaline","floor":16.0},{"not_picked":["Sucker Punch","Quick Slash"],"picked":"Acrobatics","floor":18.0},{"not_picked":["Dagger Spray","Outmaneuver","Catalyst"],"picked":"SKIP","floor":22.0},{"not_picked":["Outmaneuver","Noxious Fumes"],"picked":"Crippling Poison+1","floor":24.0},{"not_picked":["Terror","Heel Hook"],"picked":"Acrobatics","floor":27.0},{"not_picked":["Prepared","Deadly Poison","Poisoned Stab"],"picked":"SKIP","floor":28.0},{"not_picked":["Outmaneuver+1","Flechettes+1"],"picked":"Dash+1","floor":30.0},{"not_picked":["Phantasmal Killer","Storm of Steel"],"picked":"Doppelganger","floor":33.0},{"not_picked":["Setup","Slice","PiercingWail"],"picked":"SKIP","floor":35.0},{"not_picked":["Swift Strike","Madness"],"picked":"Thinking Ahead","floor":39.0},{"not_picked":["Dagger Spray+1","Accuracy","Deadly Poison+1"],"picked":"SKIP","floor":42.0},{"not_picked":["Deflect+1","Prepared"],"picked":"Blur+1","floor":45.0},{"not_picked":["Acrobatics","PiercingWail"],"picked":"Deflect+1","floor":47.0}],"player_experience":608681,"relics_obtained":[],"event_choices":[{"damage_healed":0.0,"max_hp_gain":0.0,"max_hp_loss":0.0,"gold_gain":0.0,"event_name":"Scrap Ooze","player_choice":"Fled","floor":3.0,"gold_loss":0.0,"damage_taken":0.0},{"damage_healed":0.0,"max_hp_gain":5.0,"max_hp_loss":0.0,"gold_gain":0.0,"event_name":"Big Fish","player_choice":"Donut","floor":5.0,"gold_loss":0.0,"damage_taken":0.0},{"damage_healed":0.0,"max_hp_gain":0.0,"max_hp_loss":0.0,"gold_gain":0.0,"event_name":"Colosseum","player_choice":"Fight","floor":19.0,"gold_loss":0.0,"damage_taken":0.0},{"damage_healed":0.0,"max_hp_gain":0.0,"max_hp_loss":0.0,"gold_gain":0.0,"event_name":"Colosseum","player_choice":"Fled From Nobs","floor":19.0,"gold_loss":0.0,"damage_taken":0.0},{"damage_healed":0.0,"max_hp_gain":0.0,"max_hp_loss":0.0,"gold_gain":0.0,"event_name":"Cursed Tome","player_choice":"Ignored","floor":20.0,"gold_loss":0.0,"damage_taken":0.0},{"damage_healed":25.0,"max_hp_gain":0.0,"max_hp_loss":0.0,"gold_gain":0.0,"event_name":"The Library","player_choice":"Heal","floor":31.0,"gold_loss":0.0,"damage_taken":0.0},{"damage_healed":0.0,"max_hp_gain":0.0,"max_hp_loss":4.0,"gold_gain":0.0,"event_name":"Winding Halls","player_choice":"Max HP","floor":36.0,"gold_loss":0.0,"damage_taken":0.0},{"damage_healed":0.0,"max_hp_gain":0.0,"max_hp_loss":0.0,"gold_gain":0.0,"event_name":"Tomb of Lord Red Mask","player_choice":"Ignored","floor":38.0,"gold_loss":0.0,"damage_taken":0.0},{"damage_healed":0.0,"max_hp_gain":0.0,"max_hp_loss":0.0,"gold_gain":0.0,"event_name":"SensoryStone","player_choice":"Memory 1","floor":39.0,"gold_loss":0.0,"damage_taken":0.0},{"damage_healed":0.0,"max_hp_gain":0.0,"max_hp_loss":0.0,"gold_gain":0.0,"event_name":"FaceTrader","player_choice":"Leave","floor":44.0,"gold_loss":0.0,"damage_taken":0.0},{"damage_healed":0.0,"max_hp_gain":0.0,"max_hp_loss":0.0,"gold_gain":0.0,"event_name":"MindBloom","player_choice":"Upgrade","floor":48.0,"gold_loss":0.0,"damage_taken":0.0,"cards_upgraded":["Defend_G","Defend_G","Defend_G","Defend_G","Defend_G","Strike_G","Strike_G","Strike_G","Strike_G","Strike_G","Survivor","Neutralize","Blur","Backflip","Backflip","Corpse Explosion","Adrenaline","Acrobatics","Acrobatics","Doppelganger"],"relics_obtained":["Mark of the Bloom"]}],"is_beta":false,"boss_relics":[{"not_picked":["Black Star","Velvet Choker","Runic Pyramid"]},{"not_picked":["WristBlade","Runic Dome","Coffee Dripper"]}],"items_purged_floors":[],"is_endless":false,"potions_floor_spawned":[4,12,13,18,24,42,47],"killed_by":"Donu and Deca","ascension_level":0}