{"path_per_floor":["M","?","?","M","M","R","M","R","T","M","$","M","M","M","R","B",null,"M","?","?","M","M","R","E","R","T","R","E","M","R","M","R","B",null,"M","$","?","?","?","R","M","$","T","$","M","M","$","M","R"],"character_chosen":"THE_SILENT","items_purchased":["Panache","Panache","Cloak And Dagger"],"gold_per_floor":[118,193,193,207,225,225,195,195,195,208,33,52,70,87,87,192,192,208,208,133,147,165,165,198,198,244,244,270,290,290,309,309,404,404,415,105,105,0,0,0,12,12,12,12,32,49,49,64,64],"floor_reached":50,"campfire_rested":8,"playtime":3227,"current_hp_per_floor":[67,56,61,61,61,61,61,61,75,68,68,68,68,61,87,49,89,79,62,62,60,56,84,42,70,70,94,89,43,71,61,89,65,94,40,40,40,40,64,92,92,92,92,92,90,84,84,82,94],"items_purged":["Strike_G"],"gold":64,"score":513,"play_id":"aaf25afc-f9c3-4850-806b-066f89362587","is_prod":false,"is_daily":false,"is_ascension_mode":true,"campfire_upgraded":2,"path_taken":["M","?","?","M","?","R","M","R","T","M","$","M","M","M","R","BOSS","M","?","?","M","?","R","E","R","T","R","E","M","R","M","R","BOSS","M","$","?","?","?","R","M","$","T","?","M","?","?","M","R","BOSS"],"build_version":"2018-02-15-PROD1","purchased_purges":1,"victory":false,"master_deck":["Defend_G","Defend_G","Defend_G","Defend_G","Defend_G","Strike_G","Strike_G","Strike_G","Survivor+1","Neutralize+1","Flying Knee","Wraith Form","Prepared","A Thousand Cuts","Panache+1","Deflect","Noxious Fumes","After Image","Footwork","Infinite Blades","Caltrops","Writhe","Outmaneuver","After Image","Acrobatics+1","Panache","Cloak And Dagger","Writhe","Predator+1","Decay","Backflip+1"],"max_hp_per_floor":[70,70,75,75,75,75,75,75,89,89,89,89,89,89,89,89,89,89,94,94,94,94,94,94,94,94,94,94,94,94,94,94,94,94,94,94,94,94,94,94,94,94,94,94,94,94,94,94,94],"relics":["Ring of the Snake","Mango","Cursed Key","Thread and Needle","Snake Skull","Anchor","Sozu","Red Mask","Du-Vu Doll"],"card_choices":[{"not_picked":["Dodge and Roll","Eviscerate"],"picked":"Flying Knee"},{"not_picked":["Eviscerate","Slice"],"picked":"Wraith Form"},{"not_picked":["Backstab","PiercingWail"],"picked":"Prepared"},{"not_picked":["Dagger Throw","Dagger Spray"],"picked":"A Thousand Cuts"},{"not_picked":["All Out Attack","Bane"],"picked":"Deflect"},{"not_picked":["Prepared","All Out Attack"],"picked":"Noxious Fumes"},{"not_picked":["Night Terror","Corpse Explosion"],"picked":"After Image"},{"not_picked":["Blade Dance","Deadly Poison"],"picked":"Footwork"},{"not_picked":["Dodge and Roll","Bouncing Flask"],"picked":"Infinite Blades"},{"not_picked":["Sucker Punch","Quick Slash"],"picked":"Caltrops"},{"not_picked":["Sucker Punch","Catalyst"],"picked":"Outmaneuver"},{"not_picked":["Corpse Explosion","Unload"],"picked":"After Image"},{"not_picked":["Heel Hook","Catalyst"],"picked":"Acrobatics"},{"not_picked":["Outmaneuver","Blur"],"picked":"Predator"},{"not_picked":["Dodge and Roll","Crippling Poison"],"picked":"Backflip"}],"player_experience":88028,"potions_floor_usage":[16,16,22,24,24,33,33],"damage_taken":[{"damage":3,"enemies":"2 Louse","floor":1,"turns":3},{"damage":0,"enemies":"Small Slimes","floor":4,"turns":4},{"damage":0,"enemies":"Cultist","floor":5,"turns":3},{"damage":0,"enemies":"Looter","floor":7,"turns":4},{"damage":7,"enemies":"3 Louse","floor":10,"turns":6},{"damage":0,"enemies":"Large Slime","floor":12,"turns":6},{"damage":0,"enemies":"Gremlin Gang","floor":13,"turns":2},{"damage":7,"enemies":"3 Louse","floor":14,"turns":4},{"damage":38,"enemies":"Slime Boss","floor":16,"turns":8},{"damage":10,"enemies":"Shell Parasite","floor":18,"turns":6},{"damage":2,"enemies":"Chosen","floor":21,"turns":6},{"damage":19,"enemies":"Centurion and Healer","floor":22,"turns":5},{"damage":42,"enemies":"Gremlin Leader","floor":24,"turns":7},{"damage":5,"enemies":"Book of Stabbing","floor":28,"turns":6},{"damage":46,"enemies":"Cultist and Chosen","floor":29,"turns":7},{"damage":10,"enemies":"Snake Plant","floor":31,"turns":4},{"damage":24,"enemies":"Automaton","floor":33,"turns":11},{"damage":54,"enemies":"3 Darklings","floor":35,"turns":6},{"damage":0,"enemies":"3 Shapes","floor":41,"turns":6},{"damage":2,"enemies":"Maw","floor":45,"turns":6},{"damage":6,"enemies":"Sphere and 2 Shapes","floor":46,"turns":6},{"damage":2,"enemies":"4 Shapes","floor":48,"turns":5},{"damage":101,"enemies":"Time Eater","floor":50,"turns":12}],"event_choices":[{"event_name":"World of Goop","player_choice":"Gather Gold","floor":2,"damage_taken":0},{"event_name":"Big Fish","player_choice":"Donut","floor":3,"damage_taken":0},{"event_name":"Forgotten Altar","player_choice":"Shed Blood","floor":19,"damage_taken":0},{"event_name":"Beggar","player_choice":"Gave Gold","floor":20,"damage_taken":0},{"event_name":"Upgrade Shrine","player_choice":"Upgraded","floor":37,"damage_taken":0},{"event_name":"Tomb of Lord Red Mask","player_choice":"Paid","floor":38,"damage_taken":0},{"event_name":"Winding Halls","player_choice":"Writhe","floor":39,"damage_taken":0}],"boss_relics":[{"not_picked":["Ectoplasm","Orrery"],"picked":"Cursed Key"},{"not_picked":["Lizard Tail","Eternal Feather"],"picked":"Sozu"}],"potions_floor_spawned":[10,12,13,16,21,24,31,45],"seed_played":"9159668825520113182","killed_by":"Time Eater","ascension_level":3,"is_trial":false}