{"gold_per_floor":[112,128,128,144,157,157,190,190,262,53,87,87,37,37,37,135,135,153,353,371,371,9,9,35,35,35,35,49,49],"floor_reached":29,"playtime":3405,"items_purged":["Strike_R","Barricade"],"score":249,"play_id":"1cb76e69-c1f4-48ab-8201-3ae53ebcdb4f","local_time":"20190106145048","is_ascension_mode":false,"campfire_choices":[{"data":"Thunderclap","floor":6,"key":"SMITH"},{"data":"Iron Wave","floor":8,"key":"SMITH"},{"floor":15,"key":"REST"},{"data":"Body Slam","floor":23,"key":"SMITH"},{"floor":25,"key":"REST"}],"neow_cost":"","seed_source_timestamp":1025112869417090,"circlet_count":0,"master_deck":["Strike_R","Strike_R","Strike_R","Defend_R","Defend_R","Defend_R","Defend_R","Bash","Thunderclap+1","Body Slam+1","Iron Wave+1","Headbutt","Cleave","Clash","Good Instincts","Dropkick","Iron Wave","Cleave+1","Dropkick+1","Twin Strike+1","Thunderclap+1"],"relics":["Burning Blood","WingedGreaves","Meat on the Bone","Pen Nib","Paper Frog","Black Star","Bottled Lightning","Blood Vial","Molten Egg 2","Peace Pipe"],"potions_floor_usage":[],"damage_taken":[{"damage":11,"enemies":"2 Louse","floor":1,"turns":3},{"damage":5,"enemies":"Cultist","floor":2,"turns":4},{"damage":5,"enemies":"Jaw Worm","floor":4,"turns":4},{"damage":0,"enemies":"Large Slime","floor":5,"turns":5},{"damage":54,"enemies":"Lagavulin","floor":7,"turns":7},{"damage":21,"enemies":"Gremlin Nob","floor":11,"turns":4},{"damage":60,"enemies":"The Guardian","floor":16,"turns":10},{"damage":17,"enemies":"Spheric Guardian","floor":18,"turns":4},{"damage":25,"enemies":"Shell Parasite","floor":20,"turns":5},{"damage":27,"enemies":"Gremlin Leader","floor":24,"turns":6},{"damage":29,"enemies":"Snecko","floor":28,"turns":6},{"damage":52,"enemies":"Slavers","floor":29,"turns":3}],"seed_played":"-8635537079033231068","potions_obtained":[{"floor":1,"key":"BloodPotion"},{"floor":4,"key":"Strength Potion"},{"floor":11,"key":"SpeedPotion"}],"is_trial":false,"path_per_floor":["M","M","?","M","M","R","E","R","T","$","E","T","$","?","R","B",null,"M","?","M","?","$","R","E","R","T","?","M","E"],"character_chosen":"IRONCLAD","items_purchased":["Clash","Good Instincts","Iron Wave","Bottled Lightning"],"campfire_rested":2,"item_purchase_floors":[10,10,13,22],"current_hp_per_floor":[75,76,76,77,80,80,32,32,32,32,29,29,29,49,73,31,80,69,69,50,35,35,35,26,51,51,51,42,0],"gold":49,"neow_bonus":"","is_prod":false,"is_daily":false,"chose_seed":false,"campfire_upgraded":3,"win_rate":0.0,"timestamp":1546786248,"path_taken":["M","M","?","M","?","R","E","R","T","$","E","?","$","?","R","BOSS","M","?","?","?","?","R","E","R","T","?","?","E"],"build_version":"2019-01-03v4","purchased_purges":2,"victory":false,"max_hp_per_floor":[80,80,80,80,80,80,80,80,80,80,80,80,80,80,80,80,80,80,80,80,85,85,85,85,85,85,82,82,82],"card_choices":[{"not_picked":["Intimidate","Fire Breathing"],"picked":"Thunderclap","floor":1},{"not_picked":["Perfected Strike","Sword Boomerang"],"picked":"Body Slam","floor":2},{"not_picked":["Warcry","Fire Breathing","Berserk"],"picked":"SKIP","floor":4},{"not_picked":["Body Slam","Power Through"],"picked":"Headbutt","floor":5},{"not_picked":["Flex","Berserk"],"picked":"Cleave","floor":7},{"not_picked":["Warcry","Pommel Strike"],"picked":"Dropkick","floor":11},{"not_picked":["Demon Form","Reaper"],"picked":"Barricade","floor":16},{"not_picked":["Fire Breathing","Anger"],"picked":"Cleave+1","floor":18},{"not_picked":["Shrug It Off+1","Armaments"],"picked":"Dropkick+1","floor":20},{"not_picked":["Iron Wave","Body Slam"],"picked":"Twin Strike+1","floor":24},{"not_picked":["Flex","Carnage+1"],"picked":"Thunderclap+1","floor":28}],"player_experience":0,"relics_obtained":[{"floor":7,"key":"WingedGreaves"},{"floor":9,"key":"Meat on the Bone"},{"floor":11,"key":"Pen Nib"},{"floor":12,"key":"Paper Frog"},{"floor":24,"key":"Blood Vial"},{"floor":24,"key":"Molten Egg 2"},{"floor":26,"key":"Peace Pipe"}],"event_choices":[{"cards_removed":["Strike_R"],"damage_healed":0,"gold_gain":0,"player_choice":"Took Card","damage_taken":0,"max_hp_gain":0,"max_hp_loss":0,"event_name":"NoteForYourself","floor":3,"gold_loss":0,"cards_obtained":["Iron Wave"]},{"damage_healed":20,"gold_gain":0,"player_choice":"Healed and dodged fight","damage_taken":0,"max_hp_gain":0,"max_hp_loss":0,"event_name":"Mushrooms","floor":14,"gold_loss":0,"cards_obtained":["Parasite"]},{"damage_healed":0,"gold_gain":250,"player_choice":"Bet on Owner","damage_taken":0,"max_hp_gain":0,"max_hp_loss":0,"event_name":"The Joust","floor":19,"gold_loss":50},{"damage_healed":0,"gold_gain":0,"player_choice":"Shed Blood","damage_taken":20,"max_hp_gain":5,"max_hp_loss":0,"event_name":"Forgotten Altar","floor":21,"gold_loss":0},{"cards_removed":["Parasite"],"damage_healed":0,"gold_gain":0,"player_choice":"Purged","damage_taken":0,"max_hp_gain":0,"max_hp_loss":0,"event_name":"Purifier","floor":27,"gold_loss":0}],"is_beta":false,"boss_relics":[{"not_picked":["Busted Crown","Coffee Dripper"],"picked":"Black Star"}],"items_purged_floors":[10,22],"is_endless":false,"potions_floor_spawned":[1,4,11,20],"killed_by":"Slavers","ascension_level":0}