{"gold_per_floor":[110,124,139,139,239,272,292,292,292,11,21,54,14,25,25,120,120,140,151,151,124,154,154,180,180,180,180,180,193,223,233,263,365,415,433,22,22,40,262,262,279,304,329,16,32,32,64,64,64,64],"floor_reached":50,"playtime":1975,"items_purged":[],"score":899,"play_id":"c3e463fe-084d-4ec0-9627-db39adcfabd8","local_time":"20190113011032","is_ascension_mode":true,"campfire_choices":[{"floor":8,"key":"DIG"},{"floor":15,"key":"DIG"},{"floor":23,"key":"DIG"},{"floor":28,"key":"DIG"},{"floor":32,"key":"DIG"},{"floor":40,"key":"DIG"},{"floor":46,"key":"DIG"},{"floor":49,"key":"REST"}],"neow_cost":"NONE","seed_source_timestamp":1582149977153910,"circlet_count":0,"master_deck":["Defend_R+1","Defend_R+1","Defend_R+1","Defend_R+1","Bash+1","Shrug It Off+1","Thunderclap","Combust","Rage","Reaper","Ghostly Armor","Shrug It Off+1","Anger+1","Immolate","Pommel Strike","Anger","Bite","Bite","Bite","Bite+1","Bite","Flex","Double Tap+1","Cleave","Spot Weakness+1","Infernal Blade+1","Exhume+1","Warcry+1","Warcry+1","Shrug It Off+1","Good Instincts+1","Anger+1","Shockwave+1","Armaments+1","Uppercut+1"],"relics":["Burning Blood","Potion Belt","Shovel","Omamori","Question Card","Toy Ornithopter","PreservedInsect","Mercury Hourglass","Fusion Hammer","Red Mask","Letter Opener","Toxic Egg 2","Bronze Scales","War Paint","Art of War","Dodecahedron","Tiny Chest","Tiny House","Singing Bowl","Ancient Tea Set","Happy Flower","Whetstone","Membership Card","Strawberry","Regal Pillow","Dream Catcher","Vajra"],"potions_floor_usage":[12,12,14,16,16,16,16,16,33,33,33,42,47,50,50,50,50],"damage_taken":[{"damage":9,"enemies":"Jaw Worm","floor":1,"turns":3},{"damage":6,"enemies":"Cultist","floor":2,"turns":4},{"damage":0,"enemies":"2 Louse","floor":3,"turns":3},{"damage":28,"enemies":"3 Sentries","floor":6,"turns":7},{"damage":20,"enemies":"Gremlin Gang","floor":7,"turns":4},{"damage":6,"enemies":"2 Fungi Beasts","floor":11,"turns":3},{"damage":39,"enemies":"Gremlin Nob","floor":12,"turns":5},{"damage":10,"enemies":"Blue Slaver","floor":14,"turns":3},{"damage":53,"enemies":"The Guardian","floor":16,"turns":13},{"damage":17,"enemies":"Shell Parasite","floor":18,"turns":5},{"damage":2,"enemies":"Chosen","floor":19,"turns":4},{"damage":4,"enemies":"Masked Bandits","floor":22,"turns":3},{"damage":39,"enemies":"Book of Stabbing","floor":24,"turns":4},{"damage":22,"enemies":"Snake Plant","floor":29,"turns":3},{"damage":22,"enemies":"Gremlin Leader","floor":30,"turns":3},{"damage":0,"enemies":"Sentry and Sphere","floor":31,"turns":1},{"damage":57,"enemies":"Collector","floor":33,"turns":7},{"damage":0,"enemies":"3 Darklings","floor":35,"turns":3},{"damage":13,"enemies":"3 Shapes","floor":38,"turns":1},{"damage":13,"enemies":"Spire Growth","floor":41,"turns":4},{"damage":0,"enemies":"Reptomancer","floor":42,"turns":2},{"damage":0,"enemies":"Sphere and 2 Shapes","floor":45,"turns":3},{"damage":37,"enemies":"Giant Head","floor":47,"turns":6},{"damage":97,"enemies":"Time Eater","floor":50,"turns":9}],"seed_played":"-1711409202933714529","potions_obtained":[{"floor":2,"key":"Swift Potion"},{"floor":3,"key":"Regen Potion"},{"floor":11,"key":"SkillPotion"},{"floor":12,"key":"Fruit Juice"},{"floor":13,"key":"Weak Potion"},{"floor":13,"key":"EssenceOfSteel"},{"floor":13,"key":"Poison Potion"},{"floor":14,"key":"FearPotion"},{"floor":18,"key":"Poison Potion"},{"floor":24,"key":"BloodPotion"},{"floor":31,"key":"EssenceOfSteel"},{"floor":33,"key":"Explosive Potion"},{"floor":34,"key":"Poison Potion"},{"floor":35,"key":"SpeedPotion"},{"floor":42,"key":"GamblersBrew"},{"floor":47,"key":"Explosive Potion"}],"is_trial":false,"path_per_floor":["M","M","M","?","?","E","M","R","T","$","M","E","?","M","R","B",null,"M","M","?","$","?","R","E","?","T","?","R","M","E","M","R","B",null,"M","$","?","M","?","R","M","E","T","$","M","R","E","T","R","B"],"character_chosen":"IRONCLAD","items_purchased":["Reaper","Toy Ornithopter","Flex","Singing Bowl","Warcry+1","Shrug It Off+1","Good Instincts+1","Membership Card","Strawberry","AttackPotion","Weak Potion"],"campfire_rested":1,"item_purchase_floors":[10,10,21,36,36,36,36,44,44,44,44],"current_hp_per_floor":[77,77,83,65,65,43,29,29,29,29,37,25,25,35,35,19,75,68,72,65,65,65,65,36,36,36,36,36,34,38,48,48,30,61,70,70,66,61,61,61,64,68,68,75,75,75,54,54,77,0],"gold":64,"neow_bonus":"TEN_PERCENT_HP_BONUS","is_prod":false,"is_daily":false,"chose_seed":false,"campfire_upgraded":0,"win_rate":0,"timestamp":1547341832,"path_taken":["M","M","M","?","?","E","M","R","T","$","?","E","?","M","R","BOSS","M","?","?","$","?","R","E","?","T","?","R","M","E","M","R","BOSS","M","$","?","M","?","R","M","E","T","$","M","R","E","?","R","BOSS"],"build_version":"2019-01-10","purchased_purges":0,"victory":false,"max_hp_per_floor":[88,88,88,88,88,88,88,88,88,88,88,93,93,93,93,93,93,93,93,65,65,65,65,65,65,65,65,65,65,65,65,65,65,70,70,70,66,66,66,66,68,68,68,75,75,75,77,77,77,77],"card_choices":[{"not_picked":["Body Slam","Disarm"],"picked":"Shrug It Off","floor":1},{"not_picked":["Sword Boomerang","Blood for Blood"],"picked":"Thunderclap","floor":2},{"not_picked":["Wild Strike","Infernal Blade"],"picked":"Combust","floor":3},{"not_picked":["Evolve","True Grit","Infernal Blade"],"picked":"SKIP","floor":6},{"not_picked":["Intimidate","Sword Boomerang"],"picked":"Rage","floor":7},{"not_picked":["Spot Weakness","Twin Strike","Dual Wield"],"picked":"Ghostly Armor","floor":11},{"not_picked":["Feel No Pain","Seeing Red","Havoc"],"picked":"Shrug It Off","floor":12},{"not_picked":["Power Through","True Grit","Double Tap"],"picked":"Anger","floor":14},{"not_picked":["Brutality","Fiend Fire","Impervious"],"picked":"Immolate","floor":16},{"not_picked":["Power Through","Havoc","Evolve"],"picked":"Pommel Strike","floor":18},{"not_picked":["Power Through","Perfected Strike","Flame Barrier"],"picked":"Anger","floor":19},{"not_picked":["Sever Soul","Dual Wield","Barricade"],"picked":"Double Tap","floor":24},{"not_picked":["Whirlwind","Twin Strike","Clash"],"picked":"Cleave","floor":29},{"not_picked":["Power Through+1","Second Wind+1","Havoc+1"],"picked":"Spot Weakness+1","floor":30},{"not_picked":["Warcry+1","Perfected Strike+1","Sentinel+1"],"picked":"Infernal Blade+1","floor":31},{"not_picked":["Berserk","Offering+1","Bludgeon"],"picked":"Exhume+1","floor":33},{"not_picked":["Rampage","Second Wind+1","Inflame"],"picked":"Warcry+1","floor":34},{"not_picked":["Body Slam","Sword Boomerang","Uppercut","Clothesline"],"picked":"SKIP","floor":35},{"not_picked":["Reaper","Pommel Strike","Warcry+1"],"picked":"Anger+1","floor":38},{"not_picked":["Wild Strike+1","Heavy Blade+1","Corruption+1","Clash+1"],"picked":"Singing Bowl","floor":41},{"not_picked":["Clothesline+1","True Grit+1","Burning Pact+1"],"picked":"Shockwave+1","floor":42},{"not_picked":["True Grit+1","Rage+1","Blood for Blood"],"picked":"Armaments+1","floor":45},{"not_picked":["Fiend Fire","Entrench+1","Twin Strike+1","Clothesline+1"],"picked":"Singing Bowl","floor":47},{"not_picked":["Rage+1","Seeing Red+1","Disarm+1"],"picked":"Uppercut+1","floor":49}],"player_experience":237144,"relics_obtained":[{"floor":6,"key":"Shovel"},{"floor":8,"key":"Omamori"},{"floor":9,"key":"Question Card"},{"floor":12,"key":"PreservedInsect"},{"floor":15,"key":"Mercury Hourglass"},{"floor":22,"key":"Red Mask"},{"floor":23,"key":"Letter Opener"},{"floor":24,"key":"Toxic Egg 2"},{"floor":26,"key":"Bronze Scales"},{"floor":28,"key":"Art of War"},{"floor":30,"key":"Dodecahedron"},{"floor":32,"key":"Tiny Chest"},{"floor":40,"key":"Ancient Tea Set"},{"floor":42,"key":"Happy Flower"},{"floor":43,"key":"Whetstone"},{"floor":46,"key":"Regal Pillow"},{"floor":47,"key":"Dream Catcher"},{"floor":48,"key":"Vajra"}],"event_choices":[{"damage_healed":0,"gold_gain":0,"player_choice":"Success","damage_taken":18,"relics_obtained":["Potion Belt"],"max_hp_gain":0,"max_hp_loss":0,"event_name":"Scrap Ooze","floor":4,"gold_loss":0},{"damage_healed":0,"gold_gain":100,"player_choice":"Pray","damage_taken":0,"max_hp_gain":0,"max_hp_loss":0,"event_name":"Golden Shrine","floor":5,"gold_loss":0},{"damage_healed":0,"gold_gain":0,"player_choice":"Bought 3 Potions","damage_taken":0,"max_hp_gain":0,"max_hp_loss":0,"event_name":"The Woman in Blue","floor":13,"gold_loss":0},{"damage_healed":0,"gold_gain":0,"player_choice":"Became a vampire","damage_taken":0,"max_hp_gain":0,"max_hp_loss":28,"event_name":"Vampires","floor":20,"gold_loss":0,"cards_obtained":["Bite","Bite","Bite","Bite","Bite"]},{"damage_healed":0,"gold_gain":0,"player_choice":"Fought Bandits","damage_taken":0,"max_hp_gain":0,"max_hp_loss":0,"event_name":"Masked Bandits","floor":22,"gold_loss":0},{"damage_healed":0,"gold_gain":0,"player_choice":"Simplicity","damage_taken":0,"max_hp_gain":0,"max_hp_loss":0,"event_name":"Back to Basics","floor":25,"gold_loss":0,"cards_upgraded":["Defend_R","Defend_R","Defend_R","Defend_R"]},{"damage_healed":0,"gold_gain":0,"player_choice":"Opened","damage_taken":0,"relics_obtained":["War Paint"],"max_hp_gain":0,"max_hp_loss":0,"event_name":"The Mausoleum","floor":27,"gold_loss":0,"cards_obtained":["Writhe"]},{"damage_healed":0,"gold_gain":0,"player_choice":"Max HP","damage_taken":0,"max_hp_gain":0,"max_hp_loss":4,"event_name":"Winding Halls","floor":37,"gold_loss":0},{"damage_healed":0,"gold_gain":222,"player_choice":"Wore Mask","damage_taken":0,"max_hp_gain":0,"max_hp_loss":0,"event_name":"Tomb of Lord Red Mask","floor":39,"gold_loss":0}],"is_beta":false,"boss_relics":[{"not_picked":["Eternal Feather","Sozu"],"picked":"Fusion Hammer"},{"not_picked":["Runic Cube","Mark of Pain"],"picked":"Tiny House"}],"items_purged_floors":[],"is_endless":false,"potions_floor_spawned":[2,3,11,12,14,18,24,31,33,35,42,45,47],"killed_by":"Time Eater","ascension_level":7}