{"gold_per_floor":[112,112,112,132,207,207,4,24,24,24,56,67,101,121,121,221,221,231,259,271,19,34,67,67,167,193,193,35,61,61,81,81,184,184,195,207,307,307,319,344,578,590,602,189,189,200,219,231,231,231,231,231,78,106,106],"floor_reached":56,"playtime":6310,"items_purged":["Strike_R","Clash+1","Strike_R","Strike_R"],"score":1563,"play_id":"e7907928-6294-4194-acb6-1054052f6fe9","local_time":"20190228205648","is_ascension_mode":true,"campfire_choices":[{"data":"Clash","floor":6,"key":"SMITH"},{"data":"True Grit","floor":10,"key":"SMITH"},{"data":"Shrug It Off","floor":15,"key":"SMITH"},{"data":"Armaments","floor":24,"key":"SMITH"},{"data":"Double Tap","floor":27,"key":"SMITH"},{"data":"Flame Barrier","floor":30,"key":"SMITH"},{"data":"Searing Blow","floor":32,"key":"SMITH"},{"data":"Battle Trance","floor":42,"key":"SMITH"},{"floor":49,"key":"RECALL"},{"data":"Shockwave","floor":52,"key":"SMITH"}],"neow_cost":"NONE","seed_source_timestamp":103547532885959,"circlet_count":0,"master_deck":["Strike_R+1","Strike_R+1","Defend_R","Defend_R","Defend_R","Defend_R","Bash+1","Twin Strike","Battle Trance+1","Shrug It Off+1","True Grit+1","Headbutt","Shockwave+1","Corruption","Double Tap+1","Armaments+1","Cleave","Flame Barrier+1","Evolve+1","Inflame","Spot Weakness","Searing Blow+1","Dark Embrace","Pommel Strike+1","Feel No Pain","Uppercut","Clothesline+1","Dual Wield","Entrench"],"relics":["Burning Blood","NeowsBlessing","Lantern","Self Forming Clay","Bag of Preparation","Snecko Eye","Red Mask","Bag of Marbles","Whetstone","Gambling Chip","The Courier","Omamori","WingedGreaves","Cursed Key","Pocketwatch","MawBank","Bird Faced Urn","Meat on the Bone","Vajra","Dodecahedron"],"potions_floor_usage":[16,19,23,50,54,55],"damage_taken":[{"damage":0,"enemies":"Jaw Worm","floor":1,"turns":1},{"damage":0,"enemies":"Small Slimes","floor":4,"turns":1},{"damage":0,"enemies":"2 Louse","floor":8,"turns":1},{"damage":22,"enemies":"3 Sentries","floor":11,"turns":11},{"damage":5,"enemies":"2 Fungi Beasts","floor":12,"turns":5},{"damage":33,"enemies":"Gremlin Nob","floor":13,"turns":5},{"damage":0,"enemies":"Exordium Wildlife","floor":14,"turns":3},{"damage":32,"enemies":"The Guardian","floor":16,"turns":13},{"damage":0,"enemies":"Chosen","floor":18,"turns":4},{"damage":3,"enemies":"Masked Bandits","floor":19,"turns":5},{"damage":0,"enemies":"Shell Parasite","floor":20,"turns":3},{"damage":0,"enemies":"Centurion and Healer","floor":22,"turns":5},{"damage":33,"enemies":"Book of Stabbing","floor":23,"turns":7},{"damage":0,"enemies":"Colosseum Slavers","floor":25,"turns":2},{"damage":15,"enemies":"Colosseum Nobs","floor":25,"turns":6},{"damage":0,"enemies":"Slavers","floor":29,"turns":4},{"damage":0,"enemies":"3 Cultists","floor":31,"turns":3},{"damage":38,"enemies":"Automaton","floor":33,"turns":8},{"damage":0,"enemies":"Orb Walker","floor":35,"turns":2},{"damage":1,"enemies":"3 Darklings","floor":36,"turns":3},{"damage":1,"enemies":"Mind Bloom Boss Battle","floor":37,"turns":6},{"damage":5,"enemies":"Transient","floor":39,"turns":5},{"damage":55,"enemies":"Giant Head","floor":40,"turns":9},{"damage":0,"enemies":"Jaw Worm Horde","floor":46,"turns":3},{"damage":0,"enemies":"Sphere and 2 Shapes","floor":47,"turns":3},{"damage":13,"enemies":"Writhing Mass","floor":48,"turns":4},{"damage":34,"enemies":"Donu and Deca","floor":50,"turns":7},{"damage":0,"enemies":"Shield and Spear","floor":54,"turns":2},{"damage":75,"enemies":"The Heart","floor":55,"turns":10}],"seed_played":"-8384776968767674566","potions_obtained":[{"floor":4,"key":"PowerPotion"},{"floor":8,"key":"Fire Potion"},{"floor":14,"key":"Poison Potion"},{"floor":19,"key":"Explosive Potion"},{"floor":20,"key":"FearPotion"},{"floor":22,"key":"SkillPotion"},{"floor":25,"key":"EssenceOfSteel"},{"floor":35,"key":"Strength Potion"}],"is_trial":false,"path_per_floor":["M","?","?","M","?","R","$","M","T","R","E","M","E","M","R","B",null,"M","?","M","$","M","E","R","?","T","R","$","E","R","M","R","B",null,"M","M","?","?","M","E","?","R","T","$","T","M","M","M","R","B",null,"R","$","E","B",null],"character_chosen":"IRONCLAD","items_purchased":["Battle Trance","Shrug It Off","Bag of Marbles","Inflame","Uppercut","Bird Faced Urn","Vajra","SteroidPotion"],"campfire_rested":0,"item_purchase_floors":[7,7,21,28,44,44,53,53],"current_hp_per_floor":[80,80,80,80,69,69,69,75,75,75,59,60,33,39,39,13,63,69,72,78,78,80,53,53,50,50,50,50,56,56,62,62,30,68,74,79,80,76,76,27,27,27,27,27,27,51,63,62,62,56,71,71,71,76,26],"gold":106,"neow_bonus":"THREE_ENEMY_KILL","is_prod":false,"is_daily":false,"chose_seed":false,"campfire_upgraded":9,"win_rate":0,"timestamp":1551409008,"path_taken":["M","?","?","M","?","R","?","M","T","R","E","M","E","M","R","BOSS","M","?","M","$","M","E","R","?","T","R","$","E","R","M","R","BOSS","M","M","?","?","M","E","?","R","T","$","?","M","M","M","R","BOSS","R","$","E","BOSS"],"build_version":"2019-01-23","purchased_purges":4,"victory":true,"max_hp_per_floor":[80,80,80,80,80,80,80,80,80,80,80,80,80,80,80,80,80,80,80,80,80,80,80,80,80,80,80,80,80,80,80,80,80,80,80,80,80,76,76,76,76,76,76,76,76,76,76,76,76,76,76,76,76,76,76],"card_choices":[{"not_picked":["Bloodletting","Warcry"],"picked":"Clash","floor":1},{"not_picked":["Pummel","Juggernaut"],"picked":"Twin Strike","floor":4},{"not_picked":["Anger","Clash"],"picked":"True Grit","floor":8},{"not_picked":["Rampage","Spot Weakness"],"picked":"Headbutt","floor":11},{"not_picked":["Clothesline","Fire Breathing"],"picked":"Shockwave","floor":12},{"not_picked":["Dual Wield","Pummel"],"picked":"Corruption","floor":13},{"not_picked":["Body Slam","Whirlwind","Iron Wave"],"picked":"SKIP","floor":14},{"not_picked":["Demon Form","Juggernaut"],"picked":"Double Tap","floor":16},{"not_picked":["Feel No Pain+1","Body Slam","Clash"],"picked":"SKIP","floor":18},{"not_picked":["True Grit+1","Warcry"],"picked":"Armaments","floor":19},{"not_picked":["Combust","Havoc+1"],"picked":"Cleave","floor":20},{"not_picked":["Cleave","Sever Soul+1","Warcry+1"],"picked":"SKIP","floor":22},{"not_picked":["Whirlwind","Berserk"],"picked":"Flame Barrier","floor":23},{"not_picked":["Burning Pact","Clash+1"],"picked":"Evolve+1","floor":25},{"not_picked":["Shrug It Off","Pommel Strike+1"],"picked":"Spot Weakness","floor":29},{"not_picked":["Body Slam+1","Clash"],"picked":"Searing Blow","floor":31},{"not_picked":["Double Tap","Juggernaut"],"picked":"Dark Embrace","floor":33},{"not_picked":["Anger+1","Perfected Strike","Spot Weakness"],"picked":"SKIP","floor":35},{"not_picked":["Battle Trance+1","Sentinel","Thunderclap"],"picked":"SKIP","floor":36},{"not_picked":["Searing Blow","Warcry+1"],"picked":"Pommel Strike+1","floor":37},{"not_picked":["Shrug It Off","Clothesline"],"picked":"Feel No Pain","floor":39},{"not_picked":["Infernal Blade","Juggernaut","Cleave+1"],"picked":"SKIP","floor":40},{"not_picked":["Cleave+1","Intimidate+1"],"picked":"Clothesline+1","floor":46},{"not_picked":["Battle Trance+1","Perfected Strike"],"picked":"Dual Wield","floor":47},{"not_picked":["Rupture","Twin Strike"],"picked":"Entrench","floor":48},{"not_picked":["Seeing Red","Dropkick+1","Flex"],"picked":"SKIP","floor":54}],"player_experience":492328,"relics_obtained":[{"floor":9,"key":"Lantern"},{"floor":11,"key":"Self Forming Clay"},{"floor":13,"key":"Bag of Preparation"},{"floor":19,"key":"Red Mask"},{"floor":23,"key":"Whetstone"},{"floor":25,"key":"Gambling Chip"},{"floor":25,"key":"The Courier"},{"floor":26,"key":"Omamori"},{"floor":29,"key":"WingedGreaves"},{"floor":37,"key":"Pocketwatch"},{"floor":40,"key":"MawBank"},{"floor":45,"key":"Meat on the Bone"},{"floor":54,"key":"Dodecahedron"}],"event_choices":[{"damage_healed":0,"gold_gain":0,"player_choice":"Grow","damage_taken":0,"max_hp_gain":0,"max_hp_loss":0,"event_name":"Living Wall","floor":2,"gold_loss":0,"cards_upgraded":["Bash"]},{"damage_healed":0,"gold_gain":0,"player_choice":"Ignored","damage_taken":0,"max_hp_gain":0,"max_hp_loss":0,"event_name":"Liars Game","floor":3,"gold_loss":0},{"damage_healed":0,"gold_gain":75,"player_choice":"Gather Gold","damage_taken":11,"max_hp_gain":0,"max_hp_loss":0,"event_name":"World of Goop","floor":5,"gold_loss":0},{"damage_healed":0,"gold_gain":0,"player_choice":"Fought Bandits","damage_taken":0,"max_hp_gain":0,"max_hp_loss":0,"event_name":"Masked Bandits","floor":19,"gold_loss":0},{"damage_healed":0,"gold_gain":0,"player_choice":"Fight","damage_taken":0,"max_hp_gain":0,"max_hp_loss":0,"event_name":"Colosseum","floor":25,"gold_loss":0},{"damage_healed":0,"gold_gain":0,"player_choice":"Fought Nobs","damage_taken":0,"max_hp_gain":0,"max_hp_loss":0,"event_name":"Colosseum","floor":25,"gold_loss":0},{"damage_healed":0,"gold_gain":0,"player_choice":"Fight","damage_taken":0,"max_hp_gain":0,"max_hp_loss":0,"event_name":"MindBloom","floor":37,"gold_loss":0},{"damage_healed":0,"gold_gain":0,"player_choice":"Max HP","damage_taken":0,"max_hp_gain":0,"max_hp_loss":4,"event_name":"Winding Halls","floor":38,"gold_loss":0},{"damage_healed":0,"gold_gain":222,"player_choice":"Wore Mask","damage_taken":0,"max_hp_gain":0,"max_hp_loss":0,"event_name":"Tomb of Lord Red Mask","floor":41,"gold_loss":0}],"is_beta":false,"boss_relics":[{"not_picked":["Runic Dome","Eternal Feather"],"picked":"Snecko Eye"},{"not_picked":["Runic Pyramid","Black Blood"],"picked":"Cursed Key"}],"items_purged_floors":[7,21,28,44],"is_endless":false,"potions_floor_spawned":[4,8,14,19,20,22,25,31,35,37,39,47],"ascension_level":5}