{"gold_per_floor":[118,118,293,293,317,352,352,109,109,60,81,156,156,179,179,179],"floor_reached":16,"playtime":294,"items_purged":[],"score":98,"play_id":"c4338762-6825-44d3-8ba4-02087031681d","local_time":"20180627193035","is_ascension_mode":false,"campfire_choices":[{"data":"Go for the Eyes","floor":7,"key":"SMITH"},{"floor":13,"key":"REST"},{"floor":15,"key":"REST"}],"neow_cost":"","seed_source_timestamp":245781857599394,"circlet_count":0,"master_deck":["Strike_B","Strike_B","Strike_B","Defend_B","Defend_B","Defend_B","Defend_B","Zap","Dualcast","FTL","Doubt","Coolheaded","Go for the Eyes+1","Apotheosis","Beam Cell","Leap","Hologram","Go for the Eyes"],"relics":["Cracked Core","Golden Idol","Dream Catcher","Calipers"],"potions_floor_usage":[],"damage_taken":[{"damage":1,"enemies":"Cultist","floor":1,"turns":3},{"damage":1,"enemies":"Jaw Worm","floor":5,"turns":3},{"damage":19,"enemies":"3 Sentries","floor":6,"turns":9},{"damage":4,"enemies":"2 Louse","floor":11,"turns":3},{"damage":0,"enemies":"2 Fungi Beasts","floor":14,"turns":2},{"damage":0,"enemies":"Hexaghost","floor":16,"turns":1}],"seed_played":"6957941483989839828","potions_obtained":[{"floor":1,"key":"Poison Potion"},{"floor":14,"key":"SneckoOil"}],"is_trial":false,"path_per_floor":["M","?","?","?","M","E","R","$","T","$","M","?","R","M","R"],"character_chosen":"DEFECT","items_purchased":["Apotheosis","Beam Cell","Leap"],"campfire_rested":2,"item_purchase_floors":[8,8,10],"current_hp_per_floor":[74,74,74,69,68,49,49,49,49,49,45,34,54,54,69,69],"gold":179,"neow_bonus":"","is_prod":false,"is_daily":false,"chose_seed":false,"campfire_upgraded":1,"win_rate":0,"timestamp":1530149435,"path_taken":["M","?","?","?","?","E","R","?","T","$","?","?","R","M","R","BOSS"],"build_version":"2018-06-26","purchased_purges":0,"victory":false,"max_hp_per_floor":[75,75,75,69,69,69,69,69,69,69,69,69,69,69,69,69],"card_choices":[{"not_picked":["Melter","Beam Cell"],"picked":"FTL","floor":1},{"not_picked":["Skim","Lockon"],"picked":"Coolheaded","floor":5},{"not_picked":["Loop","Stack"],"picked":"Go for the Eyes","floor":6},{"not_picked":["Steam","Steam Power"],"picked":"Hologram","floor":11},{"not_picked":["Turbo","Self Repair","Sweeping Beam"],"picked":"SKIP","floor":14},{"not_picked":["Sweeping Beam","Aggregate"],"picked":"Go for the Eyes","floor":15}],"player_experience":406993,"relics_obtained":[{"floor":6,"key":"Dream Catcher"},{"floor":9,"key":"Calipers"}],"event_choices":[{"event_name":"Purifier","player_choice":"One Purge","floor":2,"damage_taken":0},{"event_name":"Liars Game","player_choice":"agreed","floor":3,"damage_taken":0},{"event_name":"Golden Idol","player_choice":"Lose Max HP","floor":4,"damage_taken":0},{"event_name":"World of Goop","player_choice":"Gather Gold","floor":12,"damage_taken":0}],"boss_relics":[],"items_purged_floors":[],"is_endless":false,"potions_floor_spawned":[1,14],"killed_by":"Hexaghost","ascension_level":0}