{"gold_per_floor":[18,33,33,44,44,44,59,59,85,85,13,40,55,71,71,148,148,165,165,11,11,24,24,56,56,124,124,124,138,158,168,168,243,243,262,280,280,296,596,596,610,622,669,669,680,714,726,746,746,746],"floor_reached":51,"playtime":2503,"items_purged":[],"score":1324,"play_id":"5fbfb32a-dfe9-4f3e-b779-dfdc789e9de7","local_time":"20190121140104","is_ascension_mode":true,"campfire_choices":[{"data":"Beam Cell","floor":6,"key":"SMITH"},{"data":"Rip and Tear","floor":8,"key":"SMITH"},{"data":"Doom and Gloom","floor":10,"key":"SMITH"},{"data":"Zap","floor":15,"key":"SMITH"},{"data":"Biased Cognition","floor":23,"key":"SMITH"},{"floor":25,"key":"REST"},{"data":"Ghostly","floor":28,"key":"SMITH"},{"data":"Buffer","floor":32,"key":"SMITH"},{"data":"Ghostly","floor":40,"key":"SMITH"},{"data":"Consume","floor":44,"key":"SMITH"},{"data":"Ghostly","floor":49,"key":"SMITH"}],"neow_cost":"NO_GOLD","seed_source_timestamp":1359444957045878,"circlet_count":0,"master_deck":["AscendersBane","Defend_B","Defend_B","Defend_B","Zap+1","Dualcast","Beam Cell+1","Rip and Tear+1","Doom and Gloom+1","Cold Snap","Biased Cognition+1","Bite","Bite","Bite","Bite","Bite","Coolheaded","Consume+1","Ghostly+1","Ghostly+1","Ghostly+1","Ghostly","Ghostly","FTL","Steam+1","Buffer+1","Electrodynamics","Hologram","Steam","Rebound+1","Compile Driver"],"relics":["Cracked Core","Ginger","Orichalcum","Strawberry","Inserter","DataDisk","Cables","Sundial","Philosopher\u0027s Stone","Centennial Puzzle","PreservedInsect"],"potions_floor_usage":[13,13,16,19,19,36,36,46,48],"damage_taken":[{"damage":12,"enemies":"Small Slimes","floor":1,"turns":3},{"damage":12,"enemies":"Jaw Worm","floor":2,"turns":2},{"damage":0,"enemies":"Cultist","floor":4,"turns":2},{"damage":15,"enemies":"Gremlin Gang","floor":7,"turns":3},{"damage":14,"enemies":"Lagavulin","floor":12,"turns":4},{"damage":6,"enemies":"Exordium Wildlife","floor":13,"turns":2},{"damage":5,"enemies":"Looter","floor":14,"turns":3},{"damage":6,"enemies":"Slime Boss","floor":16,"turns":7},{"damage":6,"enemies":"Chosen","floor":18,"turns":4},{"damage":0,"enemies":"3 Byrds","floor":19,"turns":2},{"damage":14,"enemies":"Shelled Parasite and Fungi","floor":22,"turns":4},{"damage":49,"enemies":"Slavers","floor":24,"turns":5},{"damage":19,"enemies":"Snake Plant","floor":29,"turns":4},{"damage":0,"enemies":"Centurion and Healer","floor":30,"turns":5},{"damage":0,"enemies":"3 Cultists","floor":31,"turns":5},{"damage":0,"enemies":"Collector","floor":33,"turns":15},{"damage":7,"enemies":"3 Shapes","floor":35,"turns":2},{"damage":6,"enemies":"3 Darklings","floor":36,"turns":3},{"damage":0,"enemies":"4 Shapes","floor":38,"turns":6},{"damage":0,"enemies":"Spire Growth","floor":41,"turns":6},{"damage":0,"enemies":"Jaw Worm Horde","floor":42,"turns":2},{"damage":0,"enemies":"Maw","floor":45,"turns":7},{"damage":3,"enemies":"Nemesis","floor":46,"turns":7},{"damage":11,"enemies":"Writhing Mass","floor":47,"turns":6},{"damage":11,"enemies":"Spire Growth","floor":48,"turns":5},{"damage":17,"enemies":"Donu and Deca","floor":50,"turns":9}],"seed_played":"1109403882963759891","potions_obtained":[{"floor":7,"key":"Explosive Potion"},{"floor":13,"key":"SmokeBomb"},{"floor":14,"key":"SkillPotion"},{"floor":16,"key":"SkillPotion"},{"floor":24,"key":"SteroidPotion"},{"floor":29,"key":"Fire Potion"},{"floor":38,"key":"Block Potion"},{"floor":45,"key":"FairyPotion"},{"floor":46,"key":"Block Potion"}],"is_trial":false,"path_per_floor":["M","M","?","M","$","R","M","R","T","R","$","E","M","M","R","B",null,"M","M","$","?","M","R","E","R","T","?","R","M","M","M","R","B",null,"M","M","?","M","?","R","M","M","T","R","M","E","M","M","R","B",null],"character_chosen":"DEFECT","items_purchased":["FocusPotion","DataDisk"],"campfire_rested":1,"item_purchase_floors":[11,20],"current_hp_per_floor":[52,40,40,40,40,40,25,25,25,25,25,18,12,7,7,1,59,53,53,53,53,52,52,13,29,29,27,27,8,18,26,26,27,27,20,16,16,22,22,22,27,27,27,27,27,27,27,18,18,11],"gold":746,"neow_bonus":"ONE_RARE_RELIC","is_prod":false,"is_daily":false,"chose_seed":false,"campfire_upgraded":10,"win_rate":0,"timestamp":1548079264,"path_taken":["M","M","?","M","?","R","M","R","T","R","$","E","?","?","R","BOSS","M","?","$","?","M","R","E","R","T","?","R","M","M","M","R","BOSS","M","M","?","?","?","R","M","M","T","R","M","E","M","M","R","BOSS"],"build_version":"2019-01-17v2","purchased_purges":0,"victory":true,"max_hp_per_floor":[71,71,71,71,71,71,71,71,71,71,71,78,78,78,78,78,78,78,78,78,54,54,54,54,54,54,27,27,27,27,27,27,27,27,27,27,27,27,27,27,27,27,27,27,27,27,27,27,27,27],"card_choices":[{"not_picked":["Compile Driver","Hologram"],"picked":"Beam Cell","floor":1},{"not_picked":["Reinforced Body","Rebound"],"picked":"Rip and Tear","floor":2},{"not_picked":["Tempest","Coolheaded"],"picked":"Doom and Gloom","floor":4},{"not_picked":["Steam","Aggregate","Leap"],"picked":"SKIP","floor":7},{"not_picked":["Barrage","Compile Driver","Coolheaded"],"picked":"SKIP","floor":12},{"not_picked":["Hologram","Gash","Steam"],"picked":"SKIP","floor":13},{"not_picked":["Steam","Conserve Battery"],"picked":"Cold Snap","floor":14},{"not_picked":["All For One","Reboot"],"picked":"Biased Cognition","floor":16},{"not_picked":["Redo+1","Turbo","Capacitor"],"picked":"SKIP","floor":18},{"not_picked":["Fusion","Steam"],"picked":"Coolheaded","floor":22},{"not_picked":["Barrage","Conserve Battery"],"picked":"Consume","floor":24},{"not_picked":["Streamline","Gash"],"picked":"FTL","floor":29},{"not_picked":["Gash","Doom and Gloom"],"picked":"Steam+1","floor":30},{"not_picked":["Steam","Sweeping Beam"],"picked":"Buffer","floor":31},{"not_picked":["All For One","Meteor Strike"],"picked":"Electrodynamics","floor":33},{"not_picked":["Aggregate+1","Beam Cell"],"picked":"Hologram","floor":35},{"not_picked":["Streamline","Capacitor"],"picked":"Steam","floor":36},{"not_picked":["Melter","Beam Cell+1","Blizzard+1"],"picked":"SKIP","floor":38},{"not_picked":["Rebound+1","Conserve Battery","Stack"],"picked":"SKIP","floor":41},{"not_picked":["Conserve Battery","Stack"],"picked":"Rebound+1","floor":41},{"not_picked":["Conserve Battery","Steam","Sunder"],"picked":"SKIP","floor":42},{"not_picked":["Conserve Battery","Turbo","Go for the Eyes+1"],"picked":"SKIP","floor":45},{"not_picked":["Multi-Cast","Force Field","Fusion"],"picked":"SKIP","floor":46},{"not_picked":["Streamline","Turbo"],"picked":"Compile Driver","floor":47},{"not_picked":["Go for the Eyes","Leap","Barrage"],"picked":"SKIP","floor":48}],"player_experience":156176,"relics_obtained":[{"floor":9,"key":"Orichalcum"},{"floor":12,"key":"Strawberry"},{"floor":24,"key":"Cables"},{"floor":26,"key":"Sundial"},{"floor":43,"key":"Centennial Puzzle"},{"floor":46,"key":"PreservedInsect"}],"event_choices":[{"damage_healed":0,"gold_gain":0,"player_choice":"Ignored","damage_taken":0,"max_hp_gain":0,"max_hp_loss":0,"event_name":"Golden Wing","floor":3,"gold_loss":0},{"damage_healed":0,"gold_gain":0,"player_choice":"Became a vampire","damage_taken":0,"max_hp_gain":0,"max_hp_loss":24,"event_name":"Vampires","floor":21,"gold_loss":0,"cards_obtained":["Bite","Bite","Bite","Bite","Bite"]},{"damage_healed":0,"gold_gain":0,"player_choice":"Became a Ghost","damage_taken":0,"max_hp_gain":0,"max_hp_loss":27,"event_name":"Ghosts","floor":27,"gold_loss":0,"cards_obtained":["Ghostly","Ghostly","Ghostly","Ghostly","Ghostly"]},{"cards_removed":["Defend_B"],"damage_healed":0,"gold_gain":0,"player_choice":"Offered Basic","damage_taken":0,"max_hp_gain":0,"max_hp_loss":0,"event_name":"Bonfire Elementals","floor":37,"gold_loss":0},{"damage_healed":0,"gold_gain":300,"player_choice":"Gold","damage_taken":0,"max_hp_gain":0,"max_hp_loss":0,"event_name":"Wheel of Change","floor":39,"gold_loss":0}],"is_beta":false,"boss_relics":[{"not_picked":["Velvet Choker","Coffee Dripper"],"picked":"Inserter"},{"not_picked":["Tiny House","Orrery"],"picked":"Philosopher\u0027s Stone"}],"items_purged_floors":[],"is_endless":false,"potions_floor_spawned":[7,12,13,14,16,24,29,31,33,38,45,46,47],"ascension_level":14}