{"gold_per_floor":[113,1,18,29,46,78,98,112,112,130,130,54,74,74,74,177,177,189,68,68,68,84,84,119,119,119,137,147,147,180,190,190,287,287,307,319,419,106,123,123,23,37,37,37,62,72,72,85,85,85],"floor_reached":51,"playtime":5817,"items_purged":["Defend_B","Defend_B"],"score":773,"play_id":"c412ad23-0f61-4ecf-912e-ba19c41d0b4e","local_time":"20190106235927","is_ascension_mode":false,"campfire_choices":[{"data":"Static Discharge","floor":11,"key":"SMITH"},{"data":"Dualcast","floor":15,"key":"SMITH"},{"data":"Machine Learning","floor":23,"key":"SMITH"},{"data":"White Noise","floor":25,"key":"SMITH"},{"floor":29,"key":"REST"},{"floor":32,"key":"REST"},{"floor":40,"key":"REST"},{"floor":47,"key":"REST"},{"floor":49,"key":"REST"}],"neow_cost":"NONE","seed_source_timestamp":1055235982009975,"circlet_count":0,"master_deck":["Strike_B","Strike_B","Strike_B","Strike_B","Zap","Dualcast+1","Amplify","Ball Lightning","Self Repair","FTL","Streamline","Leap","Self Repair","Doom and Gloom","Ball Lightning","Cold Snap","Static Discharge+1","Compile Driver","Redo","Beam Cell+1","Machine Learning+1","White Noise+1","All For One","Sweeping Beam","Conserve Battery","Capacitor","Doom and Gloom","FTL+1","Leap+1","Ball Lightning","Thunder Strike","Conserve Battery+1","Chill+1","Defragment","Compile Driver","Ball Lightning","Ball Lightning+1","Compile Driver+1"],"special_seed":0,"relics":["Cracked Core","Vajra","Mercury Hourglass","Velvet Choker","Orichalcum","Gremlin Horn","Toxic Egg 2","Lizard Tail","Bronze Scales","Strawberry","Bottled Flame"],"potions_floor_usage":[22,33,33,33,45,50,50],"damage_taken":[{"damage":1.0,"enemies":"Cultist","floor":1.0,"turns":4.0},{"damage":17.0,"enemies":"Small Slimes","floor":3.0,"turns":3.0},{"damage":8,"enemies":"2 Louse","floor":4,"turns":2},{"damage":21,"enemies":"Lots of Slimes","floor":5,"turns":3},{"damage":32,"enemies":"Lagavulin","floor":6,"turns":6},{"damage":2,"enemies":"3 Louse","floor":7,"turns":3},{"damage":10,"enemies":"Exordium Thugs","floor":8,"turns":3},{"damage":6,"enemies":"Red Slaver","floor":10,"turns":2},{"damage":0,"enemies":"Looter","floor":13,"turns":2},{"damage":0,"enemies":"Slime Boss","floor":16,"turns":6},{"damage":21,"enemies":"2 Thieves","floor":18,"turns":3},{"damage":5,"enemies":"Spheric Guardian","floor":22,"turns":3},{"damage":11,"enemies":"Gremlin Leader","floor":24,"turns":4},{"damage":21,"enemies":"Centurion and Healer","floor":27,"turns":4},{"damage":9,"enemies":"3 Cultists","floor":28,"turns":3},{"damage":27,"enemies":"Slavers","floor":30,"turns":3},{"damage":9,"enemies":"Chosen and Byrds","floor":31,"turns":4},{"damage":56,"enemies":"Champ","floor":33,"turns":7},{"damage":18,"enemies":"3 Darklings","floor":35,"turns":3},{"damage":19,"enemies":"3 Shapes","floor":36,"turns":3},{"damage":10,"enemies":"Maw","floor":39,"turns":6},{"damage":16,"enemies":"3 Darklings","floor":42,"turns":4},{"damage":71,"enemies":"Giant Head","floor":45,"turns":7},{"damage":6,"enemies":"4 Shapes","floor":46,"turns":2},{"damage":12,"enemies":"Jaw Worm Horde","floor":48,"turns":3},{"damage":63,"enemies":"Donu and Deca","floor":50,"turns":6}],"seed_played":"-6522876961061154897","potions_obtained":[{"floor":5,"key":"Regen Potion"},{"floor":7,"key":"AttackPotion"},{"floor":8,"key":"SpeedPotion"},{"floor":10,"key":"Fire Potion"},{"floor":30,"key":"EssenceOfSteel"},{"floor":31,"key":"PowerPotion"},{"floor":36,"key":"SteroidPotion"},{"floor":45,"key":"Explosive Potion"},{"floor":46,"key":"SteroidPotion"}],"is_trial":false,"path_per_floor":["M","$","M","M","M","E","M","M","T","M","R","$","M","?","R","B",null,"M","$","?","?","M","R","E","R","T","M","M","R","E","M","R","B",null,"M","M","?","$","M","R","$","M","T","?","E","M","R","M","R","B",null],"character_chosen":"DEFECT","items_purchased":["Self Repair","FTL","Compile Driver","Redo","All For One","Sweeping Beam","Bronze Scales","Defragment","Compile Driver"],"campfire_rested":5,"item_purchase_floors":[2,2,12,12,19,19,38,38,38],"current_hp_per_floor":[74,74,71,70,56,38,50,54,54,55,55,55,55,55,55,62,75,54,54,54,54,63,63,52,52,52,38,36,58,38,43,65,16,75,57,45,45,45,49,71,71,75,82,82,18,12,36,31,55,41],"gold":85,"neow_bonus":"ONE_RANDOM_RARE_CARD","is_prod":false,"is_daily":false,"chose_seed":false,"campfire_upgraded":4,"win_rate":0.0,"timestamp":1546819167,"path_taken":["M","$","M","M","?","E","M","M","T","M","R","?","M","?","R","BOSS","M","$","?","?","M","R","E","R","T","M","M","R","E","?","R","BOSS","M","M","?","$","M","R","?","?","T","?","E","M","R","M","R","BOSS"],"build_version":"2019-01-03v4","purchased_purges":2,"victory":true,"max_hp_per_floor":[75,75,75,75,75,75,75,75,75,75,75,75,75,75,75,75,75,75,75,75,75,75,75,75,75,75,75,75,75,75,75,75,75,75,75,75,75,75,75,75,75,75,82,82,82,82,82,82,82,82],"card_choices":[{"not_picked":["Gash","Melter"],"picked":"Ball Lightning","floor":1.0},{"not_picked":["Hologram","Rip and Tear"],"picked":"Streamline","floor":3.0},{"not_picked":["Skim","Aggregate"],"picked":"Leap","floor":4},{"not_picked":["Coolheaded","Creative AI"],"picked":"Self Repair","floor":5},{"not_picked":["Rip and Tear","Compile Driver"],"picked":"Doom and Gloom","floor":6},{"not_picked":["Leap","Stack"],"picked":"Ball Lightning","floor":7},{"not_picked":["Steam Power","Rip and Tear"],"picked":"Cold Snap","floor":8},{"not_picked":["Tempest","Redo"],"picked":"Static Discharge","floor":10},{"not_picked":["All For One","Sweeping Beam"],"picked":"Beam Cell","floor":13},{"not_picked":["Amplify","Buffer"],"picked":"Machine Learning","floor":16},{"not_picked":["Go for the Eyes","Gash"],"picked":"White Noise","floor":18},{"not_picked":["Barrage","Auto Shields+1"],"picked":"Conserve Battery","floor":22},{"not_picked":["Gash","Force Field"],"picked":"Capacitor","floor":24},{"not_picked":["Stack+1","White Noise"],"picked":"Doom and Gloom","floor":27},{"not_picked":["Glacier","Steam+1"],"picked":"FTL+1","floor":28},{"not_picked":["Scrape+1","Sweeping Beam"],"picked":"Leap","floor":30},{"not_picked":["Scrape","Leap+1"],"picked":"Ball Lightning","floor":31},{"not_picked":["Multi-Cast+1","Fission+1"],"picked":"Thunder Strike","floor":33},{"not_picked":["Heatsinks+1","Cold Snap"],"picked":"Conserve Battery+1","floor":35},{"not_picked":["Barrage+1","White Noise+1"],"picked":"Chill+1","floor":36},{"not_picked":["Multi-Cast+1","Go for the Eyes+1"],"picked":"Ball Lightning","floor":39},{"not_picked":["Stack+1","Gash"],"picked":"Ball Lightning+1","floor":42},{"not_picked":["Stack+1","Beam Cell","Skim+1"],"picked":"SKIP","floor":45},{"not_picked":["Barrage+1","Leap+1"],"picked":"Compile Driver+1","floor":46},{"not_picked":["Sweeping Beam","Rip and Tear","Capacitor+1"],"picked":"SKIP","floor":48}],"player_experience":26669,"relics_obtained":[{"floor":6,"key":"Vajra"},{"floor":9,"key":"Mercury Hourglass"},{"floor":24,"key":"Orichalcum"},{"floor":26,"key":"Gremlin Horn"},{"floor":30,"key":"Toxic Egg 2"},{"floor":43,"key":"Strawberry"},{"floor":45,"key":"Bottled Flame"}],"event_choices":[{"damage_healed":0,"gold_gain":0,"player_choice":"Grow","damage_taken":0,"max_hp_gain":0,"max_hp_loss":0,"event_name":"Living Wall","floor":14,"gold_loss":0,"cards_upgraded":["Beam Cell"]},{"damage_healed":0,"gold_gain":0,"player_choice":"Ignored","damage_taken":0,"max_hp_gain":0,"max_hp_loss":0,"event_name":"Beggar","floor":20,"gold_loss":0},{"cards_removed":["Defend_B"],"damage_healed":0,"gold_gain":0,"player_choice":"Purged","damage_taken":0,"max_hp_gain":0,"max_hp_loss":0,"event_name":"Purifier","floor":21,"gold_loss":0},{"damage_healed":0,"gold_gain":100,"player_choice":"Pray","damage_taken":0,"max_hp_gain":0,"max_hp_loss":0,"event_name":"Golden Shrine","floor":37,"gold_loss":0},{"cards_removed":["Defend_B"],"damage_healed":0,"gold_gain":0,"player_choice":"Purged","damage_taken":0,"max_hp_gain":0,"max_hp_loss":0,"event_name":"Purifier","floor":44,"gold_loss":0}],"is_beta":false,"boss_relics":[{"not_picked":["Snecko Eye","FrozenCore"],"picked":"Velvet Choker"},{"not_picked":["Runic Pyramid","Philosopher\u0027s Stone"],"picked":"Lizard Tail"}],"items_purged_floors":[38,41],"is_endless":false,"potions_floor_spawned":[5,7,8,10,16,18,30,31,36,45,46],"ascension_level":0}