{"gold_per_floor":[114,124,144,18,18,18,49,72,97,97,111,111],"floor_reached":12,"playtime":464,"items_purged":[],"score":113,"play_id":"23709c44-df8d-4db3-8dbb-966650362621","local_time":"20190419011356","is_ascension_mode":true,"campfire_choices":[{"data":"Zap","floor":6,"key":"SMITH"},{"data":"Creative AI","floor":10,"key":"SMITH"}],"neow_cost":"NONE","seed_source_timestamp":656924067834482,"circlet_count":0,"master_deck":["Strike_B","Strike_B","Strike_B","Strike_B","Defend_B","Defend_B","Defend_B","Defend_B","Zap+1","Dualcast","Cold Snap","Sweeping Beam","Ball Lightning","Defragment+1","Creative AI+1"],"relics":["Cracked Core","Anchor","Pen Nib","Dream Catcher"],"potions_floor_usage":[],"damage_taken":[{"damage":1,"enemies":"Cultist","floor":1,"turns":3},{"damage":3,"enemies":"Jaw Worm","floor":2,"turns":4},{"damage":5,"enemies":"Small Slimes","floor":3,"turns":4},{"damage":32,"enemies":"3 Sentries","floor":7,"turns":6},{"damage":14,"enemies":"Exordium Thugs","floor":11,"turns":4},{"damage":30,"enemies":"Gremlin Nob","floor":12,"turns":3}],"seed_played":"-888685587853126504","potions_obtained":[{"floor":1,"key":"FocusPotion"}],"is_trial":false,"path_per_floor":["M","M","M","$","?","R","E","T","T","R","M","E"],"character_chosen":"DEFECT","items_purchased":["Ball Lightning","Defragment"],"campfire_rested":0,"item_purchase_floors":[4,4],"current_hp_per_floor":[74,71,66,66,66,66,34,34,34,34,20,0],"gold":111,"neow_bonus":"TEN_PERCENT_HP_BONUS","is_prod":false,"is_daily":false,"chose_seed":false,"campfire_upgraded":2,"win_rate":0,"timestamp":1555654436,"path_taken":["M","M","M","$","?","R","E","?","T","R","M","E"],"build_version":"2019-01-23","purchased_purges":0,"victory":false,"max_hp_per_floor":[82,82,82,82,82,82,82,82,82,82,82,82],"card_choices":[{"not_picked":["Force Field","Rebound","Beam Cell"],"picked":"SKIP","floor":1},{"not_picked":["Double Energy","Steam"],"picked":"Cold Snap","floor":2},{"not_picked":["Steam","Recycle"],"picked":"Sweeping Beam","floor":3},{"not_picked":["Defragment","All For One"],"picked":"Creative AI","floor":7},{"not_picked":["Barrage","Steam","Rip and Tear"],"picked":"SKIP","floor":11}],"player_experience":623769,"relics_obtained":[{"floor":7,"key":"Anchor"},{"floor":8,"key":"Pen Nib"},{"floor":9,"key":"Dream Catcher"}],"event_choices":[{"damage_healed":0,"gold_gain":0,"player_choice":"Grow","damage_taken":0,"max_hp_gain":0,"max_hp_loss":0,"event_name":"Living Wall","floor":5,"gold_loss":0,"cards_upgraded":["Defragment"]}],"is_beta":false,"boss_relics":[],"items_purged_floors":[],"is_endless":false,"potions_floor_spawned":[1],"killed_by":"Gremlin Nob","ascension_level":9}