{"gold_per_floor":[115,131,131,131,150,150,120,93,93,103,130,130,162,175,175,254,254,267,267,280,8,23,23,42,142,142,142,160,160,75,75,75,154,154,174,174,24,36,136,136,151,151,151,201,0,0],"floor_reached":46,"playtime":2717,"items_purged":["After Image"],"score":728,"play_id":"d63843f7-be8a-4631-aca7-6935f942dde8","local_time":"20190118205958","is_ascension_mode":true,"campfire_choices":[{"floor":6,"key":"REST"},{"floor":12,"key":"REST"},{"data":"Acrobatics","floor":15,"key":"SMITH"},{"data":"Leg Sweep","floor":23,"key":"SMITH"},{"data":"Riddle With Holes","floor":27,"key":"SMITH"},{"data":"Acrobatics","floor":29,"key":"SMITH"},{"floor":32,"key":"REST"},{"data":"Underhanded Strike","floor":40,"key":"SMITH"}],"neow_cost":"NONE","seed_source_timestamp":2084238392929630,"circlet_count":0,"master_deck":["AscendersBane","Defend_G","Defend_G","Defend_G","Defend_G+1","Strike_G","Survivor+1","Neutralize","Acrobatics+1","Underhanded Strike","Leg Sweep+1","Underhanded Strike+1","Phantasmal Killer","Doppelganger+1","Bouncing Flask+1","Dagger Throw+1","Leg Sweep","Acrobatics+1","Footwork+1","Riddle With Holes+1","Underhanded Strike+1","Corpse Explosion","Backflip+1"],"special_seed":0,"relics":["Snecko Eye","Juzu Bracelet","Odd Mushroom","Ginger","Astrolabe","Frozen Eye","Darkstone Periapt","Ninja Scroll","Busted Crown","Snake Skull","Nunchaku","Sundial","Girya","Red Mask"],"potions_floor_usage":[11,11,13,16,33,33],"damage_taken":[{"damage":0,"enemies":"Small Slimes","floor":1,"turns":3},{"damage":15,"enemies":"Jaw Worm","floor":2,"turns":4},{"damage":10,"enemies":"Cultist","floor":5,"turns":5},{"damage":3,"enemies":"Looter","floor":10,"turns":4},{"damage":23,"enemies":"The Mushroom Lair","floor":11,"turns":6},{"damage":22,"enemies":"3 Sentries","floor":13,"turns":12},{"damage":0,"enemies":"3 Louse","floor":14,"turns":3},{"damage":41,"enemies":"The Guardian","floor":16,"turns":16},{"damage":0,"enemies":"Chosen","floor":18,"turns":4},{"damage":3,"enemies":"3 Byrds","floor":20,"turns":6},{"damage":4,"enemies":"Snake Plant","floor":22,"turns":4},{"damage":0,"enemies":"Snecko","floor":24,"turns":4},{"damage":3,"enemies":"3 Cultists","floor":28,"turns":6},{"damage":11,"enemies":"Collector","floor":33,"turns":11},{"damage":0,"enemies":"Orb Walker","floor":35,"turns":2},{"damage":8,"enemies":"3 Darklings","floor":38,"turns":3},{"damage":0,"enemies":"Mind Bloom Boss Battle","floor":39,"turns":4},{"damage":4,"enemies":"Writhing Mass","floor":41,"turns":4},{"damage":37,"enemies":"2 Orb Walkers","floor":44,"turns":3},{"damage":46,"enemies":"Giant Head","floor":46,"turns":7}],"seed_played":"-8984250648937861738","potions_obtained":[{"floor":7,"key":"PowerPotion"},{"floor":7,"key":"Energy Potion"},{"floor":11,"key":"LiquidBronze"},{"floor":13,"key":"Regen Potion"},{"floor":18,"key":"EssenceOfSteel"},{"floor":20,"key":"FearPotion"},{"floor":22,"key":"Energy Potion"},{"floor":33,"key":"Explosive Potion"},{"floor":35,"key":"FairyPotion"}],"is_trial":false,"path_per_floor":["M","M","?","?","M","R","?","$","T","M","?","R","E","M","R","B",null,"M","?","M","$","M","R","M","?","T","R","M","R","?","$","R","B",null,"M","?","$","M","?","R","M","?","T","?","?","E"],"character_chosen":"THE_SILENT","items_purchased":["Acrobatics","Frozen Eye","Snake Skull"],"campfire_rested":3,"item_purchase_floors":[8,21,37],"current_hp_per_floor":[63,48,70,56,46,67,67,67,67,64,41,62,40,40,40,14,56,56,56,53,53,49,49,49,49,49,49,46,46,46,46,67,56,67,67,67,67,59,59,59,55,55,55,18,18,0],"gold":0,"neow_bonus":"BOSS_RELIC","is_prod":false,"is_daily":false,"chose_seed":false,"campfire_upgraded":5,"win_rate":0,"timestamp":1547845198,"path_taken":["M","M","?","?","M","R","?","$","T","M","?","R","E","M","R","BOSS","M","?","M","$","M","R","M","?","T","R","M","R","?","$","R","BOSS","M","?","$","M","?","R","M","?","T","?","?","E"],"build_version":"2019-01-17v2","purchased_purges":1,"victory":false,"max_hp_per_floor":[70,70,70,70,70,70,70,70,70,70,70,70,70,70,70,70,70,70,70,70,70,70,70,70,70,70,70,70,70,70,70,70,70,70,70,70,70,70,70,70,70,70,70,70,70,70],"card_choices":[{"not_picked":["Deadly Poison","Slice","Dagger Throw"],"picked":"SKIP","floor":1},{"not_picked":["Slice","Dodge and Roll","Sucker Punch"],"picked":"SKIP","floor":2},{"not_picked":["Blade Dance","Distraction","Prepared"],"picked":"SKIP","floor":5},{"not_picked":["Backflip","Deflect"],"picked":"Underhanded Strike","floor":10},{"not_picked":["Expertise","Catalyst"],"picked":"Leg Sweep","floor":11},{"not_picked":["Tactician","Catalyst"],"picked":"Underhanded Strike","floor":13},{"not_picked":["Cloak And Dagger","Dagger Spray"],"picked":"Flying Knee","floor":14},{"not_picked":["After Image","Envenom"],"picked":"Phantasmal Killer","floor":16},{"not_picked":["Bane","Well Laid Plans","Cloak And Dagger"],"picked":"SKIP","floor":18},{"not_picked":["Crippling Poison","Deadly Poison"],"picked":"Acrobatics","floor":20},{"not_picked":["Bane","Storm of Steel"],"picked":"Footwork+1","floor":22},{"not_picked":["Setup+1","Dodge and Roll"],"picked":"Riddle With Holes","floor":24},{"not_picked":["Quick Slash","All Out Attack"],"picked":"Underhanded Strike+1","floor":28},{"not_picked":["Envenom","Unload"],"picked":"Corpse Explosion","floor":33},{"not_picked":[],"picked":"Backflip+1","floor":35},{"not_picked":["Blade Dance"],"picked":"SKIP","floor":38},{"not_picked":["Outmaneuver"],"picked":"SKIP","floor":41}],"player_experience":415900,"relics_obtained":[{"floor":9,"key":"Juzu Bracelet"},{"floor":11,"key":"Odd Mushroom"},{"floor":13,"key":"Ginger"},{"floor":26,"key":"Darkstone Periapt"},{"floor":39,"key":"Nunchaku"},{"floor":43,"key":"Sundial"},{"floor":44,"key":"Girya"}],"event_choices":[{"damage_healed":23,"gold_gain":0,"player_choice":"Banana","damage_taken":0,"max_hp_gain":0,"max_hp_loss":0,"event_name":"Big Fish","floor":3,"gold_loss":0},{"damage_healed":0,"gold_gain":0,"player_choice":"Entered Light","damage_taken":14,"max_hp_gain":0,"max_hp_loss":0,"event_name":"Shining Light","floor":4,"gold_loss":0,"cards_upgraded":["Survivor","Defend_G"]},{"damage_healed":0,"gold_gain":0,"player_choice":"Bought 2 Potions","damage_taken":0,"max_hp_gain":0,"max_hp_loss":0,"event_name":"The Woman in Blue","floor":7,"gold_loss":0},{"damage_healed":0,"gold_gain":0,"player_choice":"Fought Mushrooms","damage_taken":0,"max_hp_gain":0,"max_hp_loss":0,"event_name":"Mushrooms","floor":11,"gold_loss":0},{"damage_healed":0,"gold_gain":0,"cards_transformed":["Defend_G","Strike_G"],"player_choice":"Became Test Subject","damage_taken":0,"max_hp_gain":0,"max_hp_loss":0,"event_name":"Drug Dealer","floor":19,"gold_loss":0,"cards_obtained":["After Image","Leg Sweep"]},{"damage_healed":0,"gold_gain":100,"player_choice":"Pray","damage_taken":0,"max_hp_gain":0,"max_hp_loss":0,"event_name":"Golden Shrine","floor":25,"gold_loss":0},{"damage_healed":0,"gold_gain":0,"player_choice":"Obtained Relic","damage_taken":0,"relics_obtained":["Ninja Scroll"],"max_hp_gain":0,"max_hp_loss":0,"event_name":"Addict","floor":30,"gold_loss":85},{"cards_removed":["Flying Knee"],"damage_healed":0,"gold_gain":0,"player_choice":"Removed Attack","damage_taken":0,"max_hp_gain":0,"max_hp_loss":0,"event_name":"Falling","floor":36,"gold_loss":0},{"damage_healed":0,"gold_gain":0,"player_choice":"Fight","damage_taken":0,"max_hp_gain":0,"max_hp_loss":0,"event_name":"MindBloom","floor":39,"gold_loss":0},{"damage_healed":0,"gold_gain":0,"player_choice":"Memory 1","damage_taken":0,"max_hp_gain":0,"max_hp_loss":0,"event_name":"SensoryStone","floor":42,"gold_loss":0},{"damage_healed":0,"gold_gain":0,"player_choice":"Fight","damage_taken":0,"max_hp_gain":0,"max_hp_loss":0,"event_name":"Mysterious Sphere","floor":44,"gold_loss":0},{"damage_healed":0,"gold_gain":0,"player_choice":"Paid","damage_taken":0,"relics_obtained":["Red Mask"],"max_hp_gain":0,"max_hp_loss":0,"event_name":"Tomb of Lord Red Mask","floor":45,"gold_loss":201}],"is_beta":false,"boss_relics":[{"not_picked":["Empty Cage","White Beast Statue"],"picked":"Astrolabe"},{"not_picked":["Coffee Dripper","Pandora\u0027s Box"],"picked":"Busted Crown"}],"items_purged_floors":[21],"is_endless":false,"potions_floor_spawned":[10,11,13,18,20,22,33,35,41,44],"killed_by":"Giant Head","ascension_level":13}