{"gold_per_floor":[211,211,66,66,86,122,122,157,226,226,245,264,15,15,15,136,136,151,166,166,166,179,179],"floor_reached":23,"playtime":1696,"items_purged":["Injury"],"score":239,"play_id":"720fcbde-2c29-4b15-828d-5d7504a5dc96","local_time":"20190110174631","is_ascension_mode":true,"campfire_choices":[{"floor":7,"key":"REST"},{"floor":10,"key":"REST"},{"data":"Gash","floor":15,"key":"SMITH"}],"neow_cost":"NONE","seed_source_timestamp":1382982408997959,"circlet_count":0,"master_deck":["Strike_B+1","Strike_B+1","Strike_B+1","Defend_B+1","Defend_B+1","Defend_B+1","Defend_B+1","Zap","Dualcast","Beam Cell+1","Gash","Conserve Battery","Sweeping Beam","Gash+1","Echo Form","Gash","Hologram","Hologram","Steam Power","Stack","Scrape+1"],"relics":["Cracked Core","Golden Idol","Anchor","Ice Cream","Matryoshka","Question Card","Orrery"],"potions_floor_usage":[16,16,16,16,20,23,23],"damage_taken":[{"damage":2,"enemies":"Jaw Worm","floor":1,"turns":3},{"damage":3,"enemies":"Small Slimes","floor":5,"turns":3},{"damage":39,"enemies":"Lagavulin","floor":6,"turns":7},{"damage":33,"enemies":"Gremlin Nob","floor":8,"turns":4},{"damage":1,"enemies":"Cultist","floor":11,"turns":3},{"damage":3,"enemies":"Blue Slaver","floor":12,"turns":2},{"damage":13,"enemies":"Slime Boss","floor":16,"turns":7},{"damage":0,"enemies":"Chosen","floor":18,"turns":3},{"damage":6,"enemies":"2 Thieves","floor":19,"turns":4},{"damage":37,"enemies":"Colosseum Slavers","floor":20,"turns":5},{"damage":24,"enemies":"Shelled Parasite and Fungi","floor":22,"turns":6},{"damage":10,"enemies":"Slavers","floor":23,"turns":4}],"seed_played":"-79457083862434198","potions_obtained":[{"floor":5,"key":"Energy Potion"},{"floor":6,"key":"Strength Potion"},{"floor":8,"key":"EntropicBrew"},{"floor":22,"key":"Poison Potion"}],"is_trial":false,"path_per_floor":["M","?","$","?","M","E","R","E","T","R","M","M","$","?","R","B",null,"M","M","?","?","M","E"],"character_chosen":"DEFECT","items_purchased":["Gash","Conserve Battery","Question Card"],"campfire_rested":2,"item_purchase_floors":[3,3,13],"current_hp_per_floor":[73,73,73,66,63,24,46,13,13,35,34,31,31,31,31,18,75,75,69,32,32,8,0],"gold":179,"neow_bonus":"HUNDRED_GOLD","is_prod":false,"is_daily":false,"chose_seed":false,"campfire_upgraded":1,"win_rate":0,"timestamp":1547142391,"path_taken":["M","?","$","?","M","E","R","E","T","R","M","M","$","?","R","BOSS","M","M","?","?","?","E"],"build_version":"2019-01-03v4","purchased_purges":1,"victory":false,"max_hp_per_floor":[75,75,75,75,75,75,75,75,75,75,75,75,75,75,75,75,75,75,75,75,75,75,75],"card_choices":[{"not_picked":["Steam","Stack"],"picked":"Beam Cell","floor":1},{"not_picked":["Glacier","Go for the Eyes"],"picked":"Sweeping Beam","floor":5},{"not_picked":["Ball Lightning","Glacier","Sunder"],"picked":"SKIP","floor":6},{"not_picked":["Ball Lightning","Glacier","Sunder"],"picked":"SKIP","floor":6},{"not_picked":["Ball Lightning","Glacier","Sunder"],"picked":"SKIP","floor":6},{"not_picked":["Cold Snap","Blizzard","Chaos"],"picked":"SKIP","floor":8},{"not_picked":["Streamline","Recycle"],"picked":"Gash","floor":11},{"not_picked":["Steam","Tempest","Streamline"],"picked":"SKIP","floor":12},{"not_picked":["Amplify","Multi-Cast","Core Surge"],"picked":"Echo Form","floor":16},{"not_picked":["Turbo","Ball Lightning","Rebound"],"picked":"Gash","floor":17},{"not_picked":["Aggregate","Redo","Beam Cell"],"picked":"Hologram","floor":17},{"not_picked":["Double Energy","Lockon","Compile Driver"],"picked":"Hologram","floor":17},{"not_picked":["Recycle","Stack","Redo"],"picked":"Steam Power","floor":17},{"not_picked":["Tempest","Glacier","Heatsinks"],"picked":"Stack","floor":18},{"not_picked":["Redo","Chill","Cold Snap+1","Heatsinks"],"picked":"SKIP","floor":19},{"not_picked":["Coolheaded","Barrage","Gash"],"picked":"Scrape+1","floor":22}],"player_experience":157109,"relics_obtained":[{"floor":6,"key":"Anchor"},{"floor":8,"key":"Ice Cream"},{"floor":9,"key":"Matryoshka"}],"event_choices":[{"damage_healed":0,"gold_gain":0,"player_choice":"Take Wound","damage_taken":0,"relics_obtained":["Golden Idol"],"max_hp_gain":0,"max_hp_loss":0,"event_name":"Golden Idol","floor":2,"gold_loss":0,"cards_obtained":["Injury"]},{"cards_removed":["Strike_B"],"damage_healed":0,"gold_gain":0,"player_choice":"Card Removal","damage_taken":7,"max_hp_gain":0,"max_hp_loss":0,"event_name":"Golden Wing","floor":4,"gold_loss":0},{"damage_healed":0,"gold_gain":0,"player_choice":"Upgraded","damage_taken":0,"max_hp_gain":0,"max_hp_loss":0,"event_name":"Upgrade Shrine","floor":14,"gold_loss":0,"cards_upgraded":["Beam Cell"]},{"damage_healed":0,"gold_gain":0,"player_choice":"Fight","damage_taken":0,"max_hp_gain":0,"max_hp_loss":0,"event_name":"Colosseum","floor":20,"gold_loss":0},{"damage_healed":0,"gold_gain":0,"player_choice":"Fled From Nobs","damage_taken":0,"max_hp_gain":0,"max_hp_loss":0,"event_name":"Colosseum","floor":20,"gold_loss":0},{"damage_healed":0,"gold_gain":0,"player_choice":"Simplicity","damage_taken":0,"max_hp_gain":0,"max_hp_loss":0,"event_name":"Back to Basics","floor":21,"gold_loss":0,"cards_upgraded":["Strike_B","Strike_B","Strike_B","Defend_B","Defend_B","Defend_B","Defend_B"]}],"is_beta":false,"boss_relics":[{"not_picked":["Inserter","Calling Bell"],"picked":"Orrery"}],"items_purged_floors":[3],"is_endless":false,"potions_floor_spawned":[5,6,8,20,22],"killed_by":"Slavers","ascension_level":4}