{"path_per_floor":["M","?","?","?","M","E","M","M","T","M","$","M","?","M","R","B",null,"M","?","?","$","?","E","R","M","T","M","$","R","E","M","R"],"character_chosen":"IRONCLAD","items_purchased":["Panache","Dual Wield"],"gold_per_floor":[118,118,68,243,260,294,314,329,354,369,86,98,173,191,191,295,295,277,277,177,29,29,58,58,68,68,81,81,81,108,126,126],"floor_reached":33,"campfire_rested":3,"playtime":2168,"current_hp_per_floor":[80,73,73,73,79,80,80,80,87,80,80,86,75,81,81,48,87,82,82,82,82,82,25,60,55,65,50,50,89,55,37,76],"items_purged":["Doubt","Writhe"],"gold":126,"play_id":"131a437e-a5c0-446f-ab81-c8d4544392dd","is_prod":false,"is_daily":false,"campfire_rituals":0,"campfire_upgraded":1,"is_hardmode":false,"path_taken":["M","?","?","?","?","E","M","M","T","M","$","M","?","M","R","BOSS","M","?","?","?","?","E","R","M","T","M","$","R","E","M","R","BOSS"],"build_version":"2018-01-04-PROD1","purchased_purges":2,"victory":false,"master_deck":["Strike_R","Strike_R","Strike_R","Strike_R","Strike_R","Defend_R","Defend_R","Defend_R","Bash","Clash","Shrug It Off","Entrench","Flame Barrier","Armaments","Panache","Pommel Strike","Headbutt","Feed","Whirlwind","J.A.X.","Dual Wield","Metallicize","Dual Wield","Body Slam"],"max_hp_per_floor":[80,80,80,80,80,80,80,80,87,87,87,87,87,87,87,87,87,90,90,90,90,90,93,93,93,103,106,106,106,106,106,106],"relics":["Burning Blood","NeowsBlessing","Matryoshka","Toxic Egg","Paper Frog","Strawberry","Eternal Feather","Happy Flower","Red Skull","Pear","Bag of Marbles","Peace Pipe"],"campfire_meditates":0,"card_choices":[{"not_picked":["Combust","True Grit"],"picked":"Clash"},{"not_picked":["Twin Strike","Sword Boomerang"],"picked":"Shrug It Off"},{"not_picked":["Thunderclap","Corruption"],"picked":"Entrench"},{"not_picked":["Burning Pact","Uppercut"],"picked":"Flame Barrier"},{"not_picked":["Warcry","Seeing Red"],"picked":"Armaments"},{"not_picked":["Sword Boomerang","Rupture"],"picked":"Pommel Strike"},{"not_picked":["Blood for Blood","Burning Pact"],"picked":"Headbutt"},{"not_picked":["Brutality","Bludgeon"],"picked":"Feed"},{"not_picked":["Fire Breathing","Warcry"],"picked":"Whirlwind"},{"not_picked":["Inflame","Power Through"],"picked":"Metallicize"},{"not_picked":["Twin Strike","Rupture"],"picked":"Dual Wield"},{"not_picked":["Blood for Blood","Sever Soul"],"picked":"Body Slam"}],"player_experience":164819,"potions_floor_usage":[16,23,23,30,31],"damage_taken":[{"damage":0,"enemies":"Small Slimes","floor":1,"turns":1},{"damage":0,"enemies":"2 Louse","floor":5,"turns":1},{"damage":0,"enemies":"Lagavulin","floor":6,"turns":1},{"damage":1,"enemies":"Jaw Worm","floor":7,"turns":5},{"damage":2,"enemies":"3 Louse","floor":8,"turns":5},{"damage":13,"enemies":"Large Slime","floor":10,"turns":11},{"damage":0,"enemies":"Looter","floor":12,"turns":4},{"damage":0,"enemies":"3 Louse","floor":14,"turns":3},{"damage":39,"enemies":"Slime Boss","floor":16,"turns":15},{"damage":14,"enemies":"2 Thieves","floor":18,"turns":4},{"damage":66,"enemies":"Gremlin Leader","floor":23,"turns":6},{"damage":11,"enemies":"Shell Parasite","floor":25,"turns":8},{"damage":24,"enemies":"3 Cultists","floor":27,"turns":4},{"damage":40,"enemies":"Book of Stabbing","floor":30,"turns":5},{"damage":24,"enemies":"Centurion and Healer","floor":31,"turns":4},{"damage":81,"enemies":"Champ","floor":33,"turns":11}],"event_choices":[{"event_name":"Scrap Ooze","player_choice":"success","floor":2,"damage_taken":7},{"event_name":"The Cleric","player_choice":"Card Removal","floor":3,"damage_taken":0},{"event_name":"Liars Game","player_choice":"agreed","floor":4,"damage_taken":0},{"event_name":"World of Goop","player_choice":"Gather Gold","floor":13,"damage_taken":0},{"event_name":"The Mausoleum","player_choice":"Yes","floor":19,"damage_taken":0},{"event_name":"Drug Dealer","player_choice":"Got JAXXED","floor":20,"damage_taken":0},{"event_name":"Back to Basics","player_choice":"Simplicity","floor":22,"damage_taken":0}],"boss_relics":[{"not_picked":["White Beast Statue","Runic Dome"],"picked":"Eternal Feather"}],"potions_floor_spawned":[1,8,12,18,27],"seed_played":"2530503759302220754","killed_by":"Champ","is_trial":false}