{"path_per_floor":["M","M","?","?","M","E","M","?","T","R","$","E","M","T","R","B",null,"M","M","$","?","?","R","?","M","T","R","M","E","R","M","R"],"character_chosen":"THE_SILENT","items_purchased":["Blade Dance","Distraction"],"gold_per_floor":[109,79,79,79,99,127,146,146,146,146,75,100,119,119,119,219,219,237,247,177,207,132,132,32,49,74,74,88,120,120,135,135],"floor_reached":33,"campfire_rested":3,"playtime":2329,"current_hp_per_floor":[76,76,61,54,54,43,43,43,43,68,68,51,49,49,49,43,84,76,73,73,73,73,73,73,68,68,68,64,32,57,24,49],"items_purged":[],"gold":135,"play_id":"761ccb23-8cdb-4915-824d-183a60fc5838","is_prod":false,"is_daily":false,"campfire_rituals":0,"campfire_upgraded":3,"is_hardmode":false,"path_taken":["M","M","?","?","M","E","M","?","T","R","$","E","?","?","R","BOSS","M","M","$","?","?","R","?","M","T","R","M","E","R","M","R","BOSS"],"build_version":"2017-12-21-PROD1","purchased_purges":1,"victory":false,"master_deck":["Defend_G","Defend_G","Defend_G","Defend_G","Defend_G","Strike_G","Strike_G","Strike_G","Strike_G","Strike_G","Survivor","Neutralize","Finisher","Backflip","Quick Slash","Die Die Die","Escape Plan","Blade Dance","Burst","Quick Slash","After Image","Sucker Punch","Backflip","Distraction","J.A.X.","Finisher"],"max_hp_per_floor":[77,77,77,77,77,84,84,84,84,84,84,84,84,84,84,84,84,84,84,84,84,84,84,84,84,84,84,84,86,86,86,86],"relics":["Ring of the Snake","Mercury Hourglass","Strawberry","Tingsha","Toxic Egg","Calipers","Lizard Tail","Tiny Chest","Juzu Bracelet","Singing Bowl"],"campfire_meditates":0,"card_choices":[{"not_picked":["Acrobatics","Dodge and Roll"],"picked":"Finisher"},{"not_picked":["Deadly Poison","Riddle With Holes"],"picked":"Backflip"},{"not_picked":["Masterful Stab","PiercingWail"],"picked":"Quick Slash"},{"not_picked":["Backflip","Prepared"],"picked":"Die Die Die"},{"not_picked":["Sucker Punch","Acrobatics"],"picked":"Escape Plan"},{"not_picked":["Backflip","Deadly Poison"],"picked":"Burst"},{"not_picked":["Backflip","Slice"],"picked":"Quick Slash"},{"not_picked":["Adrenaline","Glass Knife"],"picked":"After Image"},{"not_picked":["Malaise","Bane"],"picked":"Sucker Punch"},{"not_picked":["Sucker Punch","Slice"],"picked":"Backflip"},{"not_picked":["Slice","Bane"],"picked":"Finisher"}],"player_experience":55938,"potions_floor_usage":[28,29,29,31,33],"damage_taken":[{"damage":1,"enemies":"Cultist","floor":1,"turns":5},{"damage":0,"enemies":"Looter","floor":2,"turns":4},{"damage":0,"enemies":"Jaw Worm","floor":5,"turns":2},{"damage":18,"enemies":"Gremlin Nob","floor":6,"turns":5},{"damage":0,"enemies":"Exordium Wildlife","floor":7,"turns":1},{"damage":17,"enemies":"Lagavulin","floor":12,"turns":6},{"damage":2,"enemies":"3 Louse","floor":13,"turns":3},{"damage":6,"enemies":"Slime Boss","floor":16,"turns":10},{"damage":8,"enemies":"Shell Parasite","floor":18,"turns":7},{"damage":3,"enemies":"Spheric Guardian","floor":19,"turns":4},{"damage":5,"enemies":"Snecko","floor":25,"turns":4},{"damage":4,"enemies":"Sentry and Sphere","floor":28,"turns":6},{"damage":40,"enemies":"Book of Stabbing","floor":29,"turns":6},{"damage":33,"enemies":"Snake Plant","floor":31,"turns":5},{"damage":132,"enemies":"Automaton","floor":33,"turns":12}],"event_choices":[{"event_name":"Shining Light","player_choice":"Entered Light","floor":3,"damage_taken":0},{"event_name":"Scrap Ooze","player_choice":"success","floor":4,"damage_taken":7},{"event_name":"Living Wall","player_choice":"Grow","floor":8,"damage_taken":0},{"event_name":"The Mausoleum","player_choice":"Yes","floor":21,"damage_taken":0},{"event_name":"Beggar","player_choice":"Gave Gold","floor":22,"damage_taken":0},{"event_name":"Drug Dealer","player_choice":"Got JAXXED","floor":24,"damage_taken":0}],"boss_relics":[{"not_picked":["Eternal Feather","Runic Dome"],"picked":"Lizard Tail"}],"potions_floor_spawned":[5,6,13,16,18,29,31],"seed_played":"5982085874874710230","killed_by":"Automaton","is_trial":false}