{"path_per_floor":["M","$","?","$","M","E","M","M","T","T","$","T","R","M","R","B",null,"M","$","?","M","?","R","M","R","T","?","M","R","?","M","R","B",null,"M","?","M","M","M"],"character_chosen":"IRONCLAD","items_purchased":["Oddly Smooth Stone","Shrug It Off","Metallicize"],"gold_per_floor":[216,60,235,106,124,153,166,186,186,186,14,14,14,30,30,129,129,147,22,22,39,39,39,58,58,58,58,75,75,75,85,85,182,182,198,251,266,285,295],"floor_reached":40,"campfire_rested":1,"playtime":4240,"current_hp_per_floor":[80,80,80,80,78,45,43,33,33,33,33,33,33,39,78,28,80,79,79,56,56,47,47,28,28,28,28,56,56,56,61,61,21,61,56,23,38,39,49],"items_purged":["Strike_R","Doubt","Strike_R"],"gold":295,"score":453,"play_id":"d8f982d8-159c-4cd0-9a29-49234a948d1e","local_time":"20180319022720","is_prod":false,"is_daily":false,"is_ascension_mode":true,"campfire_upgraded":1,"timestamp":1521422840,"path_taken":["M","$","?","$","M","E","?","M","T","?","$","?","R","?","R","BOSS","M","$","?","M","?","R","?","R","T","?","M","R","?","M","R","BOSS","M","?","?","M","M","E"],"build_version":"2018-03-15v3","purchased_purges":3,"victory":false,"master_deck":["Defend_R","Defend_R","Defend_R","Bash","Thunderclap","Shrug It Off","Battle Trance","Bloodletting","Pommel Strike","Whirlwind+1","Metallicize","Bloodletting","Double Tap","Armaments+1","Bite","Bite","Bite","Bite","Bite","Body Slam+1","Headbutt","Shockwave","Reaper","Rage+1","True Grit+1","Ghostly Armor"],"max_hp_per_floor":[80,80,80,80,80,80,80,80,80,80,80,80,80,80,80,80,80,80,80,56,56,61,61,61,61,61,61,61,61,61,61,61,61,61,61,61,61,61,61],"relics":["Black Blood","Oddly Smooth Stone","Ice Cream","Mercury Hourglass","Regal Pillow","Shovel","Mark of Pain","Blue Candle","Gremlin Horn","Peace Pipe","Dodecahedron","Ancient Tea Set","Calipers"],"card_choices":[{"not_picked":["Heavy Blade","Corruption"],"picked":"Thunderclap"},{"not_picked":["Cleave","Clash"],"picked":"Battle Trance"},{"not_picked":["Searing Blow","Anger"],"picked":"Bloodletting"},{"not_picked":["Clash","Fiend Fire"],"picked":"Pommel Strike"},{"not_picked":["Flex","Clothesline"],"picked":"Whirlwind"},{"not_picked":["Carnage","Thunderclap"],"picked":"Bloodletting"},{"not_picked":["Dark Embrace","Offering"],"picked":"Double Tap"},{"not_picked":["Sword Boomerang","Shrug It Off"],"picked":"Armaments"},{"not_picked":["Thunderclap","Heavy Blade"],"picked":"Body Slam"},{"not_picked":["Sword Boomerang","Havoc"],"picked":"Headbutt"},{"not_picked":["Spot Weakness","Sever Soul"],"picked":"Shockwave"},{"not_picked":["Fiend Fire","Exhume"],"picked":"Reaper"},{"not_picked":["Spot Weakness","Body Slam"],"picked":"Rage"},{"not_picked":["Iron Wave","Flex"],"picked":"True Grit"},{"not_picked":["Twin Strike","Wild Strike"],"picked":"Ghostly Armor"}],"player_experience":167878,"potions_floor_usage":[36,39],"damage_taken":[{"damage":2.0,"enemies":"2 Louse","floor":1.0,"turns":3.0},{"damage":8.0,"enemies":"Jaw Worm","floor":5.0,"turns":7.0},{"damage":39.0,"enemies":"3 Sentries","floor":6.0,"turns":11.0},{"damage":8.0,"enemies":"Cultist","floor":7.0,"turns":5.0},{"damage":16.0,"enemies":"Exordium Thugs","floor":8.0,"turns":5.0},{"damage":0.0,"enemies":"Exordium Wildlife","floor":14.0,"turns":3.0},{"damage":71.0,"enemies":"Hexaghost","floor":16.0,"turns":10.0},{"damage":7.0,"enemies":"Spheric Guardian","floor":18.0,"turns":4.0},{"damage":3.0,"enemies":"Chosen","floor":21.0,"turns":4.0},{"damage":36.0,"enemies":"Snake Plant","floor":24.0,"turns":5.0},{"damage":17.0,"enemies":"Centurion and Healer","floor":28.0,"turns":11.0},{"damage":0.0,"enemies":"Cultist and Chosen","floor":31.0,"turns":4.0},{"damage":76,"enemies":"Automaton","floor":33,"turns":9},{"damage":21,"enemies":"Orb Walker","floor":35,"turns":4},{"damage":59,"enemies":"Mysterious Sphere","floor":36,"turns":5},{"damage":11,"enemies":"3 Shapes","floor":37,"turns":3},{"damage":29,"enemies":"Sphere and 2 Shapes","floor":38,"turns":5},{"damage":32,"enemies":"Maw","floor":39,"turns":10},{"damage":72,"enemies":"2 Orb Walkers","floor":40,"turns":4}],"event_choices":[{"event_name":"Liars Game","player_choice":"agreed","floor":3.0,"damage_taken":0.0},{"event_name":"Vampires","player_choice":"Became a vampire","floor":20.0,"damage_taken":0.0},{"event_name":"Forgotten Altar","player_choice":"Shed Blood","floor":22.0,"damage_taken":0.0},{"event_name":"Drug Dealer","player_choice":"Ignored","floor":27.0,"damage_taken":0.0},{"event_name":"Back to Basics","player_choice":"Elegance","floor":30.0,"damage_taken":0.0},{"event_name":"Mysterious Sphere","player_choice":"Fight","floor":36,"damage_taken":0}],"boss_relics":[{"not_picked":["Tiny House","Runic Cube"],"picked":"Black Blood"}],"potions_floor_spawned":[7,8,16,18,33,35,38],"seed_played":"6161238304689124689","killed_by":"2 Orb Walkers","ascension_level":2,"is_trial":false}