{"gold_per_floor":[112,123,48,61,161,161,196,216,216,242,242,73,91,21,21,121,121,132,7,18,31,31,31,31,31,31,31,47,64,64,80,80,181,181,196,196,196,211,36,36,36,63,63,63,97,145,245,265,265,265,265,265,20,52,52],"floor_reached":55,"playtime":8627,"items_purged":["Defend_G","Strike_G","Strike_G","Strike_G"],"score":835,"play_id":"58c12697-7455-4ad1-a7ad-bf076d1ce4fc","local_time":"20190118184904","is_ascension_mode":true,"campfire_choices":[{"data":"Neutralize","floor":6,"key":"SMITH"},{"floor":11,"key":"RECALL"},{"data":"Footwork","floor":15,"key":"SMITH"},{"data":"A Thousand Cuts","floor":23,"key":"SMITH"},{"floor":25,"key":"REST"},{"floor":27,"key":"REST"},{"data":"Footwork","floor":32,"key":"SMITH"},{"data":"Noxious Fumes","floor":40,"key":"SMITH"},{"data":"Leg Sweep","floor":44,"key":"SMITH"},{"floor":49,"key":"REST"},{"data":"Footwork","floor":52,"key":"SMITH"}],"neow_cost":"NONE","seed_source_timestamp":1404426719455361,"circlet_count":0,"master_deck":["Defend_G","Defend_G","Defend_G","Defend_G","Strike_G","Strike_G","Survivor","Neutralize+1","PiercingWail","Leg Sweep+1","Backflip","Dodge and Roll+1","Deadly Poison+1","Dagger Throw","Footwork+1","Terror+1","Adrenaline+1","A Thousand Cuts+1","Expertise+1","Prepared+1","Prepared+1","Cloak And Dagger+1","Footwork+1","Backflip+1","Malaise+1","Footwork+1","Catalyst+1","Noxious Fumes+1","Outmaneuver+1","Acrobatics+1","Footwork+1","Well Laid Plans","Footwork+1","PiercingWail+1","Catalyst+1"],"relics":["Ring of the Snake","NeowsBlessing","Toxic Egg 2","Letter Opener","Bag of Marbles","Black Star","Enchiridion","Orrery","Regal Pillow","Ancient Tea Set","Blue Candle","Oddly Smooth Stone","Boot","Tingsha","Gambling Chip","DollysMirror","Ice Cream","Ninja Scroll"],"potions_floor_usage":[7,10,18,31,46,50,55,55,55],"damage_taken":[{"damage":0,"enemies":"Jaw Worm","floor":1,"turns":1},{"damage":0,"enemies":"Cultist","floor":2,"turns":1},{"damage":0,"enemies":"Small Slimes","floor":4,"turns":1},{"damage":32,"enemies":"Gremlin Nob","floor":7,"turns":6},{"damage":0,"enemies":"Blue Slaver","floor":8,"turns":6},{"damage":4,"enemies":"3 Sentries","floor":10,"turns":8},{"damage":0,"enemies":"Exordium Thugs","floor":13,"turns":6},{"damage":6,"enemies":"Hexaghost","floor":16,"turns":12},{"damage":0,"enemies":"Chosen","floor":18,"turns":6},{"damage":10,"enemies":"3 Byrds","floor":20,"turns":5},{"damage":28,"enemies":"Cultist and Chosen","floor":21,"turns":10},{"damage":10,"enemies":"Centurion and Healer","floor":28,"turns":7},{"damage":0,"enemies":"3 Cultists","floor":29,"turns":4},{"damage":0,"enemies":"Snecko","floor":31,"turns":5},{"damage":30,"enemies":"Collector","floor":33,"turns":10},{"damage":1,"enemies":"Orb Walker","floor":35,"turns":5},{"damage":1,"enemies":"3 Shapes","floor":38,"turns":2},{"damage":12,"enemies":"Nemesis","floor":42,"turns":10},{"damage":4,"enemies":"Giant Head","floor":45,"turns":10},{"damage":5,"enemies":"2 Orb Walkers","floor":46,"turns":6},{"damage":0,"enemies":"Mind Bloom Boss Battle","floor":47,"turns":7},{"damage":22,"enemies":"Spire Growth","floor":48,"turns":6},{"damage":22,"enemies":"Time Eater","floor":50,"turns":16},{"damage":31,"enemies":"Shield and Spear","floor":54,"turns":9},{"damage":37,"enemies":"The Heart","floor":55,"turns":5}],"seed_played":"-3682506778699172374","potions_obtained":[{"floor":2,"key":"FairyPotion"},{"floor":4,"key":"Poison Potion"},{"floor":8,"key":"Explosive Potion"},{"floor":16,"key":"AttackPotion"},{"floor":20,"key":"SteroidPotion"},{"floor":29,"key":"Ancient Potion"},{"floor":35,"key":"GhostInAJar"},{"floor":46,"key":"Fire Potion"},{"floor":47,"key":"Explosive Potion"},{"floor":48,"key":"LiquidBronze"},{"floor":54,"key":"Block Potion"}],"is_trial":false,"path_per_floor":["M","M","$","M","?","R","E","M","T","E","R","$","M","$","R","B",null,"M","$","M","M","?","R","?","R","T","R","M","M","?","M","R","B",null,"M","?","?","M","$","R","$","E","T","R","E","?","?","M","R","B",null,"R","$","E","B"],"character_chosen":"THE_SILENT","items_purchased":["Footwork","Adrenaline+1","Acrobatics+1","DollysMirror","Strength Potion"],"campfire_rested":3,"item_purchase_floors":[12,14,39,53,53],"current_hp_per_floor":[70,70,70,70,70,70,38,38,38,34,34,34,34,34,34,28,70,70,70,60,32,32,32,16,37,37,58,48,48,48,48,48,18,70,69,69,66,65,65,65,65,53,53,53,49,44,44,22,56,34,66,66,66,35,0],"gold":52,"neow_bonus":"THREE_ENEMY_KILL","is_prod":false,"is_daily":false,"chose_seed":false,"campfire_upgraded":7,"win_rate":0,"timestamp":1547858944,"path_taken":["M","M","$","M","?","R","E","?","T","E","R","$","M","$","R","BOSS","M","$","M","M","?","R","?","R","T","R","M","M","?","M","R","BOSS","M","?","?","M","$","R","$","E","T","R","E","?","?","M","R","BOSS","R","$","E","BOSS"],"build_version":"2019-01-17v2","purchased_purges":4,"victory":false,"max_hp_per_floor":[70,70,70,70,70,70,70,70,70,70,70,70,70,70,70,70,70,70,70,70,70,70,70,70,70,70,70,70,70,70,70,70,70,70,70,70,66,66,66,66,66,66,66,66,66,66,66,66,66,66,66,66,66,66,66],"card_choices":[{"not_picked":["Dagger Throw","Bane"],"picked":"PiercingWail","floor":1},{"not_picked":["Deflect","Bane"],"picked":"Leg Sweep","floor":2},{"not_picked":["Masterful Stab","Endless Agony"],"picked":"Backflip","floor":4},{"not_picked":["Underhanded Strike","Doppelganger"],"picked":"Dodge and Roll","floor":7},{"not_picked":["Prepared+1","Deflect+1"],"picked":"Deadly Poison+1","floor":8},{"not_picked":["Sucker Punch","Dagger Spray"],"picked":"Dagger Throw","floor":10},{"not_picked":["Flying Knee","Masterful Stab"],"picked":"Terror+1","floor":13},{"not_picked":["Envenom","Adrenaline+1"],"picked":"A Thousand Cuts","floor":16},{"not_picked":["Underhanded Strike","Bane"],"picked":"Expertise+1","floor":18},{"not_picked":["Dagger Throw","Finisher"],"picked":"Prepared+1","floor":20},{"not_picked":["Poisoned Stab","Blade Dance+1"],"picked":"Prepared+1","floor":21},{"not_picked":["Bane","Masterful Stab"],"picked":"Cloak And Dagger+1","floor":28},{"not_picked":["Dash+1","Deadly Poison+1"],"picked":"Footwork","floor":29},{"not_picked":["Underhanded Strike","Finisher"],"picked":"Backflip+1","floor":31},{"not_picked":["Envenom","Adrenaline+1"],"picked":"Malaise+1","floor":33},{"not_picked":["Dagger Spray","Choke"],"picked":"Footwork+1","floor":34},{"not_picked":["Dagger Spray","Sucker Punch"],"picked":"Catalyst+1","floor":34},{"not_picked":["After Image","Poisoned Stab+1"],"picked":"Noxious Fumes","floor":34},{"not_picked":["Accuracy","Quick Slash"],"picked":"Outmaneuver+1","floor":35},{"not_picked":["Sucker Punch","Prepared+1","Cloak And Dagger+1"],"picked":"SKIP","floor":38},{"not_picked":["Quick Slash+1","Slice+1","All Out Attack"],"picked":"SKIP","floor":42},{"not_picked":["Underhanded Strike+1","Backstab"],"picked":"Footwork+1","floor":45},{"not_picked":["Flechettes","Dagger Spray+1"],"picked":"Well Laid Plans","floor":46},{"not_picked":["Choke+1","Backflip+1"],"picked":"Footwork","floor":47},{"not_picked":["Cloak And Dagger+1","Poisoned Stab"],"picked":"PiercingWail+1","floor":48},{"not_picked":["Poisoned Stab+1","Skewer+1","Riddle With Holes"],"picked":"SKIP","floor":54}],"player_experience":164931,"relics_obtained":[{"floor":7,"key":"Toxic Egg 2"},{"floor":9,"key":"Letter Opener"},{"floor":10,"key":"Bag of Marbles"},{"floor":24,"key":"Enchiridion"},{"floor":42,"key":"Regal Pillow"},{"floor":42,"key":"Ancient Tea Set"},{"floor":43,"key":"Blue Candle"},{"floor":45,"key":"Oddly Smooth Stone"},{"floor":45,"key":"Boot"},{"floor":46,"key":"Tingsha"},{"floor":47,"key":"Gambling Chip"},{"floor":54,"key":"Ice Cream"},{"floor":54,"key":"Ninja Scroll"}],"event_choices":[{"damage_healed":0,"gold_gain":100,"player_choice":"Pray","damage_taken":0,"max_hp_gain":0,"max_hp_loss":0,"event_name":"Golden Shrine","floor":5,"gold_loss":0},{"damage_healed":0,"gold_gain":0,"player_choice":"Ignored","damage_taken":0,"max_hp_gain":0,"max_hp_loss":0,"event_name":"Beggar","floor":22,"gold_loss":0},{"damage_healed":0,"gold_gain":0,"player_choice":"Obtained Book","damage_taken":16,"max_hp_gain":0,"max_hp_loss":0,"event_name":"Cursed Tome","floor":24,"gold_loss":0},{"damage_healed":0,"gold_gain":0,"player_choice":"Ignored","damage_taken":0,"max_hp_gain":0,"max_hp_loss":0,"event_name":"Vampires","floor":30,"gold_loss":0},{"damage_healed":0,"gold_gain":0,"player_choice":"Ignored","damage_taken":0,"max_hp_gain":0,"max_hp_loss":0,"event_name":"Tomb of Lord Red Mask","floor":36,"gold_loss":0},{"damage_healed":0,"gold_gain":0,"player_choice":"Max HP","damage_taken":0,"max_hp_gain":0,"max_hp_loss":4,"event_name":"Winding Halls","floor":37,"gold_loss":0},{"damage_healed":0,"gold_gain":0,"player_choice":"Fight","damage_taken":0,"max_hp_gain":0,"max_hp_loss":0,"event_name":"Mysterious Sphere","floor":46,"gold_loss":0},{"damage_healed":0,"gold_gain":0,"player_choice":"Fight","damage_taken":0,"max_hp_gain":0,"max_hp_loss":0,"event_name":"MindBloom","floor":47,"gold_loss":0}],"is_beta":false,"boss_relics":[{"not_picked":["Fusion Hammer","WristBlade"],"picked":"Black Star"},{"not_picked":["White Beast Statue","HoveringKite"],"picked":"Orrery"}],"items_purged_floors":[3,12,19,39],"is_endless":false,"potions_floor_spawned":[2,4,8,16,20,29,35,46,47,48,54],"killed_by":"The Heart","ascension_level":3}