{"path_per_floor":["M","?","?","M","M","E","M","R","T","R","E","M","E","M","R","B",null,"M","?","M","$","M","E","M","E","T","$","R","M","?","M","R","B",null,"M","?","T","M","?","R","E","M","T","M","E","$","R","E","R","B"],"character_chosen":"IRONCLAD","items_purchased":["Pen Nib","Apotheosis","Oddly Smooth Stone"],"gold_per_floor":[13,188,188,208,218,246,256,256,308,308,340,350,375,392,392,496,496,496,496,496,345,345,345,345,345,345,18,18,18,18,18,18,18,18,18,18,18,18,18,18,18,18,18,18,18,18,18,18,18,18],"floor_reached":51,"campfire_rested":2,"playtime":2567,"current_hp_per_floor":[80,80,80,80,80,65,69,69,69,69,73,76,82,83,83,69,87,87,71,73,73,75,69,60,66,66,66,66,68,68,72,72,72,87,87,76,76,82,82,82,60,50,50,49,23,23,64,50,87,67],"items_purged":[],"gold":18,"score":703,"play_id":"ebb72dbd-a25e-44ed-8e56-a37510fed332","is_prod":false,"is_daily":false,"is_ascension_mode":true,"campfire_upgraded":6,"path_taken":["M","?","?","M","M","E","M","R","T","R","E","M","E","M","R","BOSS","M","?","M","$","M","E","M","E","T","$","R","M","?","?","R","BOSS","M","?","?","?","?","R","E","?","T","?","E","$","R","E","R","BOSS"],"build_version":"2018-02-08-BETA1","purchased_purges":0,"victory":true,"master_deck":["Strike_R","Strike_R","Strike_R","Strike_R","Strike_R","Defend_R","Defend_R","Defend_R","Defend_R","Bash","Cleave","Clash","Infernal Blade+1","Thunderclap","Warcry+1","Offering+1","Perfected Strike+1","Whirlwind","Clash","Necronomicurse","Heavy Blade","Pommel Strike","Shrug It Off","Apotheosis+1","Twin Strike","Warcry+1","Madness","Madness","Shrug It Off","Twin Strike+1","Wild Strike+1","Headbutt+1"],"max_hp_per_floor":[80,80,80,80,80,80,80,80,80,80,80,80,87,87,87,87,87,87,87,87,87,87,87,87,87,87,87,87,87,87,87,87,87,87,87,87,87,87,87,87,87,87,87,87,87,87,87,87,87,87],"relics":["Burning Blood","Champion Belt","Shuriken","Regal Pillow","Happy Flower","Strawberry","Ectoplasm","Necronomicon","Pen Nib","Anchor","Art of War","Bottled Flame","Oddly Smooth Stone","Runic Dome","Bird Faced Urn","The Courier","Orichalcum","Toolbox","Singing Bowl"],"card_choices":[{"not_picked":["Pommel Strike","Sword Boomerang"],"picked":"Cleave"},{"not_picked":["Immolate","Anger"],"picked":"Clash"},{"not_picked":["Iron Wave","Warcry"],"picked":"Infernal Blade"},{"not_picked":["Havoc","Feed"],"picked":"Thunderclap"},{"not_picked":["Iron Wave","Cleave"],"picked":"Warcry"},{"not_picked":["Anger","Sword Boomerang"],"picked":"Offering"},{"not_picked":["Pommel Strike","Intimidate"],"picked":"Perfected Strike"},{"not_picked":["Body Slam","Clothesline"],"picked":"Whirlwind"},{"not_picked":["Barricade","Reaper"],"picked":"Demon Form"},{"not_picked":["Cleave","Entrench"],"picked":"Clash"},{"not_picked":["Burning Pact","Metallicize"],"picked":"Heavy Blade"},{"not_picked":["Havoc","Sword Boomerang"],"picked":"Pommel Strike"},{"not_picked":["Thunderclap","Wild Strike"],"picked":"Shrug It Off"},{"not_picked":["Shockwave","Headbutt"],"picked":"Twin Strike"},{"not_picked":["Thunderclap","Heavy Blade"],"picked":"Warcry"},{"not_picked":["Rampage","Infernal Blade"],"picked":"Shrug It Off"},{"not_picked":["Perfected Strike","Wild Strike"],"picked":"Twin Strike"},{"not_picked":["Clash","Immolate"],"picked":"Wild Strike"},{"not_picked":["Spot Weakness","Iron Wave"],"picked":"Headbutt"}],"player_experience":142181,"potions_floor_usage":[11,13,14,23,23,29,33,41,45,50,50,50],"damage_taken":[{"damage":2,"enemies":"2 Louse","floor":1,"turns":3},{"damage":3,"enemies":"Jaw Worm","floor":4,"turns":6},{"damage":6,"enemies":"Blue Slaver","floor":5,"turns":3},{"damage":21,"enemies":"Gremlin Nob","floor":6,"turns":4},{"damage":2,"enemies":"2 Fungi Beasts","floor":7,"turns":3},{"damage":14,"enemies":"3 Sentries","floor":11,"turns":5},{"damage":3,"enemies":"3 Louse","floor":12,"turns":2},{"damage":14,"enemies":"Lagavulin","floor":13,"turns":4},{"damage":5,"enemies":"Large Slime","floor":14,"turns":3},{"damage":20,"enemies":"Slime Boss","floor":16,"turns":6},{"damage":0,"enemies":"Spheric Guardian","floor":18,"turns":3},{"damage":4,"enemies":"Chosen","floor":20,"turns":1},{"damage":4,"enemies":"Sentry and Sphere","floor":22,"turns":3},{"damage":12,"enemies":"Book of Stabbing","floor":23,"turns":3},{"damage":15,"enemies":"Snake Plant","floor":24,"turns":3},{"damage":0,"enemies":"Gremlin Leader","floor":25,"turns":2},{"damage":4,"enemies":"Snecko","floor":29,"turns":2},{"damage":2,"enemies":"Centurion and Healer","floor":31,"turns":2},{"damage":6,"enemies":"Automaton","floor":33,"turns":6},{"damage":4,"enemies":"3 Shapes","floor":35,"turns":2},{"damage":11,"enemies":"3 Darklings","floor":38,"turns":3},{"damage":28,"enemies":"Nemesis","floor":41,"turns":4},{"damage":16,"enemies":"Sphere and 2 Shapes","floor":42,"turns":2},{"damage":7,"enemies":"Maw","floor":44,"turns":4},{"damage":32,"enemies":"2 Orb Walkers","floor":45,"turns":4},{"damage":22,"enemies":"Nemesis","floor":48,"turns":4},{"damage":26,"enemies":"Awakened One","floor":50,"turns":7}],"event_choices":[{"event_name":"Liars Game","player_choice":"agreed","floor":2,"damage_taken":0},{"event_name":"Living Wall","player_choice":"Forget","floor":3,"damage_taken":0},{"event_name":"Cursed Tome","player_choice":"Obtained Book","floor":19,"damage_taken":0},{"event_name":"Drug Dealer","player_choice":"Ignored","floor":30,"damage_taken":0},{"event_name":"Winding Halls","player_choice":"Embrace Madness","floor":36,"damage_taken":0}],"boss_relics":[{"not_picked":["Black Star","Runic Pyramid"],"picked":"Ectoplasm"},{"not_picked":["Philosopher\u0027s Stone","Astrolabe"],"picked":"Runic Dome"}],"potions_floor_spawned":[4,7,11,12,14,23,24,25,29,38,41,48],"seed_played":"-432907451511357134","ascension_level":1,"is_trial":false}