{"gold_per_floor":[112,112,112,287,287,318,318,342,342,360,360,383,404,438,438,558,558,571,571,590,47,0,39,39,75,75,75],"floor_reached":27,"playtime":995,"items_purged":["Perfected Strike"],"score":426,"play_id":"a813ec23-40f6-4b2a-9fae-101be91b0c47","local_time":"20190430184346","is_ascension_mode":true,"campfire_choices":[{"data":"Bash","floor":7,"key":"SMITH"},{"data":"Metallicize","floor":11,"key":"SMITH"},{"data":"Juggernaut","floor":15,"key":"SMITH"},{"floor":24,"key":"REST"}],"neow_cost":"NONE","seed_source_timestamp":556594315986320,"circlet_count":0,"master_deck":["AscendersBane","Bash+1","Shrug It Off","Doubt","Metallicize+1","Metallicize","Juggernaut+1","Juggernaut","Corruption","Rupture","Carnage","Disarm","Reaper","Flex+1","Rage+1","Clash","Body Slam","Entrench+1"],"relics":["Burning Blood","NeowsBlessing","Smiling Mask","Golden Idol","Paper Frog","Mummified Hand","Ginger","Pandora\u0027s Box","War Paint","HandDrill","Lantern","PreservedInsect","Regal Pillow","Molten Egg 2"],"potions_floor_usage":[14,14,14,23,23,23,23,23,25],"damage_taken":[{"damage":0,"enemies":"Jaw Worm","floor":1,"turns":1},{"damage":0,"enemies":"Gremlin Nob","floor":6,"turns":1},{"damage":0,"enemies":"Small Slimes","floor":8,"turns":1},{"damage":1,"enemies":"2 Louse","floor":10,"turns":3},{"damage":4,"enemies":"Looter","floor":12,"turns":3},{"damage":19,"enemies":"Lots of Slimes","floor":13,"turns":8},{"damage":33,"enemies":"Lagavulin","floor":14,"turns":12},{"damage":33,"enemies":"The Guardian","floor":16,"turns":14},{"damage":30,"enemies":"3 Byrds","floor":18,"turns":5},{"damage":23,"enemies":"Spheric Guardian","floor":20,"turns":5},{"damage":34,"enemies":"Gremlin Leader","floor":23,"turns":6},{"damage":48,"enemies":"Slavers","floor":25,"turns":6},{"damage":29,"enemies":"Centurion and Healer","floor":27,"turns":2}],"seed_played":"-4992913411263074228","potions_obtained":[{"floor":8,"key":"Dexterity Potion"},{"floor":10,"key":"Poison Potion"},{"floor":12,"key":"EssenceOfSteel"},{"floor":18,"key":"FairyPotion"},{"floor":19,"key":"BloodPotion"},{"floor":19,"key":"FearPotion"},{"floor":19,"key":"EntropicBrew"},{"floor":23,"key":"SteroidPotion"},{"floor":25,"key":"Energy Potion"}],"is_trial":false,"path_per_floor":["M","?","?","?","?","E","R","M","T","M","R","M","M","E","R","B",null,"M","?","M","$","?","E","R","E","T","M"],"character_chosen":"IRONCLAD","items_purchased":["War Paint","HandDrill","Lantern"],"campfire_rested":1,"item_purchase_floors":[21,21,21],"current_hp_per_floor":[78,78,71,71,71,74,74,74,74,74,74,74,61,34,34,7,57,37,37,20,20,20,14,36,21,21,0],"gold":75,"neow_bonus":"THREE_ENEMY_KILL","is_prod":false,"is_daily":false,"chose_seed":false,"campfire_upgraded":3,"win_rate":0,"timestamp":1556671426,"path_taken":["M","?","?","?","?","E","R","M","T","M","R","M","M","E","R","BOSS","M","?","?","$","?","E","R","E","T","M"],"build_version":"2019-04-23","purchased_purges":1,"victory":false,"max_hp_per_floor":[80,80,80,80,74,74,74,74,74,74,74,74,74,74,74,74,74,74,74,74,74,74,74,74,74,74,74],"card_choices":[{"not_picked":["Hemokinesis","Heavy Blade"],"picked":"Shrug It Off","floor":1},{"not_picked":["Exhume","Wild Strike","Clash"],"picked":"SKIP","floor":6},{"not_picked":["Clash","Twin Strike","Clothesline"],"picked":"SKIP","floor":8},{"not_picked":["Sword Boomerang","Havoc"],"picked":"Metallicize","floor":10},{"not_picked":["Whirlwind","Headbutt"],"picked":"Metallicize","floor":12},{"not_picked":["Pommel Strike","Reaper","True Grit"],"picked":"SKIP","floor":13},{"not_picked":["Blood for Blood","Wild Strike"],"picked":"Juggernaut","floor":14},{"not_picked":["Feed","Exhume"],"picked":"Juggernaut","floor":16},{"not_picked":["Reckless Charge","Flex","Anger"],"picked":"SKIP","floor":18},{"not_picked":["Disarm","Rupture","Hemokinesis"],"picked":"SKIP","floor":20},{"not_picked":["Intimidate","Armaments"],"picked":"Body Slam","floor":23},{"not_picked":["Flex+1","Berserk"],"picked":"Entrench+1","floor":25}],"player_experience":580706,"relics_obtained":[{"floor":6,"key":"Paper Frog"},{"floor":9,"key":"Mummified Hand"},{"floor":14,"key":"Ginger"},{"floor":23,"key":"PreservedInsect"},{"floor":25,"key":"Regal Pillow"},{"floor":26,"key":"Molten Egg 2"}],"event_choices":[{"damage_healed":0,"gold_gain":0,"player_choice":"Box","damage_taken":0,"relics_obtained":["Smiling Mask"],"max_hp_gain":0,"max_hp_loss":0,"event_name":"Big Fish","floor":2,"gold_loss":0,"cards_obtained":["Regret"]},{"cards_removed":["Regret"],"damage_healed":0,"gold_gain":0,"player_choice":"Card Removal","damage_taken":7,"max_hp_gain":0,"max_hp_loss":0,"event_name":"Golden Wing","floor":3,"gold_loss":0},{"damage_healed":0,"gold_gain":175,"player_choice":"AGREE","damage_taken":0,"max_hp_gain":0,"max_hp_loss":0,"event_name":"Liars Game","floor":4,"gold_loss":0,"cards_obtained":["Doubt"]},{"damage_healed":0,"gold_gain":0,"player_choice":"Lose Max HP","damage_taken":0,"relics_obtained":["Golden Idol"],"max_hp_gain":0,"max_hp_loss":6,"event_name":"Golden Idol","floor":5,"gold_loss":0},{"damage_healed":0,"gold_gain":0,"player_choice":"Got Potions","damage_taken":0,"max_hp_gain":0,"max_hp_loss":0,"event_name":"Lab","floor":19,"gold_loss":0},{"damage_healed":0,"gold_gain":0,"player_choice":"Paid Fearfully","damage_taken":0,"max_hp_gain":0,"max_hp_loss":0,"event_name":"Masked Bandits","floor":22,"gold_loss":47}],"is_beta":true,"boss_relics":[{"not_picked":["Lizard Tail","Fusion Hammer"],"picked":"Pandora\u0027s Box"}],"items_purged_floors":[21],"is_endless":false,"potions_floor_spawned":[8,10,12,18,23,25],"killed_by":"Centurion and Healer","ascension_level":10}