{"gold_per_floor":[119,119,194,209,51,78,78,4,31,31,31,31,60,7,7,81,81,93,53,68,68,68,68,68,68,92,105,125,69,88,104,104,104],"floor_reached":33,"playtime":1277,"items_purged":[],"score":542,"play_id":"62ee21ab-0d9f-46b7-83da-40f53a99eb97","local_time":"20190429124303","is_ascension_mode":true,"campfire_choices":[{"data":"Body Slam","floor":10,"key":"SMITH"},{"data":"Ghostly Armor","floor":12,"key":"SMITH"},{"data":"True Grit","floor":15,"key":"SMITH"},{"data":"Ghostly","floor":23,"key":"SMITH"},{"data":"Body Slam","floor":32,"key":"SMITH"}],"neow_cost":"NONE","seed_source_timestamp":3163039726946132,"circlet_count":0,"master_deck":["AscendersBane","Strike_R","Strike_R","Defend_R+1","Defend_R","Defend_R","Defend_R","Bash","Ghostly Armor+1","Body Slam+1","Spot Weakness+1","True Grit+1","Juggernaut","Ghostly Armor","Disarm","Ghostly","Ghostly","Ghostly+1","Sword Boomerang","Fiend Fire","Disarm","Body Slam+1"],"relics":["Burning Blood","NeowsBlessing","Anchor","Pantograph","War Paint","Lantern","Sozu","Oddly Smooth Stone"],"potions_floor_usage":[13,16,18,18],"damage_taken":[{"damage":0,"enemies":"Jaw Worm","floor":1,"turns":1},{"damage":0,"enemies":"Small Slimes","floor":4,"turns":1},{"damage":0,"enemies":"Lagavulin","floor":6,"turns":1},{"damage":34,"enemies":"Gremlin Nob","floor":13,"turns":4},{"damage":29,"enemies":"The Guardian","floor":16,"turns":14},{"damage":0,"enemies":"Chosen","floor":18,"turns":3},{"damage":23,"enemies":"2 Thieves","floor":19,"turns":5},{"damage":18,"enemies":"Snake Plant","floor":20,"turns":3},{"damage":2,"enemies":"Colosseum Slavers","floor":24,"turns":5},{"damage":23,"enemies":"Snecko","floor":27,"turns":7},{"damage":12,"enemies":"Centurion and Healer","floor":28,"turns":13},{"damage":10,"enemies":"Sentry and Sphere","floor":30,"turns":8},{"damage":3,"enemies":"3 Cultists","floor":31,"turns":6},{"damage":46,"enemies":"Champ","floor":33,"turns":11}],"seed_played":"8167970110432428240","potions_obtained":[{"floor":6,"key":"Block Potion"},{"floor":13,"key":"PowerPotion"},{"floor":16,"key":"Block Potion"}],"is_trial":false,"path_per_floor":["M","$","?","M","$","E","?","$","T","R","?","R","E","$","R","B",null,"M","M","M","?","?","R","?","?","T","M","M","$","M","M","R","B"],"character_chosen":"IRONCLAD","items_purchased":["Anchor","Spot Weakness","Fire Potion","Body Slam"],"campfire_rested":0,"item_purchase_floors":[5,8,14,29],"current_hp_per_floor":[74,74,63,69,69,75,75,75,75,75,68,68,40,40,40,42,67,73,56,44,37,37,37,37,37,37,20,14,14,10,13,13,0],"gold":104,"neow_bonus":"THREE_ENEMY_KILL","is_prod":false,"is_daily":false,"chose_seed":false,"campfire_upgraded":5,"win_rate":0,"timestamp":1556538183,"path_taken":["M","$","?","M","$","E","?","$","T","R","?","R","E","?","R","BOSS","M","M","M","?","?","R","?","?","T","M","M","$","M","M","R","BOSS"],"build_version":"2019-01-23","purchased_purges":0,"victory":false,"max_hp_per_floor":[75,75,75,75,75,75,75,75,75,75,75,75,75,75,75,75,75,75,75,75,37,37,37,37,37,37,37,37,37,37,37,37,37],"card_choices":[{"not_picked":["Perfected Strike","Sword Boomerang"],"picked":"Ghostly Armor","floor":1},{"not_picked":["Spot Weakness","Perfected Strike"],"picked":"Body Slam","floor":4},{"not_picked":["Sword Boomerang","Double Tap","Pummel"],"picked":"SKIP","floor":6},{"not_picked":["Feel No Pain","Seeing Red"],"picked":"True Grit","floor":13},{"not_picked":["Immolate","Feed"],"picked":"Juggernaut","floor":16},{"not_picked":["Carnage","Thunderclap+1"],"picked":"Ghostly Armor","floor":18},{"not_picked":["Warcry","Anger","Seeing Red"],"picked":"SKIP","floor":19},{"not_picked":["Heavy Blade","Infernal Blade"],"picked":"Disarm","floor":20},{"not_picked":["Thunderclap","Pommel Strike"],"picked":"Disarm","floor":27},{"not_picked":["Clash+1","Evolve","Cleave"],"picked":"SKIP","floor":28},{"not_picked":["True Grit","Corruption","Seeing Red+1"],"picked":"SKIP","floor":30},{"not_picked":["Cleave","Corruption","Whirlwind"],"picked":"SKIP","floor":31}],"player_experience":243901,"relics_obtained":[{"floor":6,"key":"Pantograph"},{"floor":9,"key":"War Paint"},{"floor":13,"key":"Lantern"},{"floor":26,"key":"Oddly Smooth Stone"}],"event_choices":[{"damage_healed":0,"gold_gain":75,"player_choice":"Gather Gold","damage_taken":11,"max_hp_gain":0,"max_hp_loss":0,"event_name":"World of Goop","floor":3,"gold_loss":0},{"damage_healed":0,"gold_gain":0,"player_choice":"Leave","damage_taken":0,"max_hp_gain":0,"max_hp_loss":0,"event_name":"The Cleric","floor":7,"gold_loss":0},{"cards_removed":["Strike_R"],"damage_healed":0,"gold_gain":0,"player_choice":"Card Removal","damage_taken":7,"max_hp_gain":0,"max_hp_loss":0,"event_name":"Golden Wing","floor":11,"gold_loss":0},{"damage_healed":0,"gold_gain":0,"player_choice":"Became a Ghost","damage_taken":0,"max_hp_gain":0,"max_hp_loss":38,"event_name":"Ghosts","floor":21,"gold_loss":0,"cards_obtained":["Ghostly","Ghostly","Ghostly"]},{"damage_healed":0,"gold_gain":0,"cards_transformed":["Strike_R","Strike_R"],"player_choice":"Became Test Subject","damage_taken":0,"max_hp_gain":0,"max_hp_loss":0,"event_name":"Drug Dealer","floor":22,"gold_loss":0,"cards_obtained":["Sword Boomerang","Fiend Fire"]},{"damage_healed":0,"gold_gain":0,"player_choice":"Fight","damage_taken":0,"max_hp_gain":0,"max_hp_loss":0,"event_name":"Colosseum","floor":24,"gold_loss":0},{"damage_healed":0,"gold_gain":0,"player_choice":"Fled From Nobs","damage_taken":0,"max_hp_gain":0,"max_hp_loss":0,"event_name":"Colosseum","floor":24,"gold_loss":0},{"damage_healed":0,"gold_gain":0,"player_choice":"Got Potions","damage_taken":0,"max_hp_gain":0,"max_hp_loss":0,"event_name":"Lab","floor":25,"gold_loss":0}],"is_beta":false,"boss_relics":[{"not_picked":["Tiny House","Black Blood"],"picked":"Sozu"}],"items_purged_floors":[],"is_endless":false,"potions_floor_spawned":[6,13,16,20,24,31],"killed_by":"Champ","ascension_level":19}