{"gold_per_floor":[114,127,139,139,149,183,137,137,188,202,202,202,202,181,181,257,257,257,257,20,20,20,20,20,20,20,20,20,20,20,20,20,20,20,20,20,20,20,20,20,20,20,20,20,20,20,20,20,20,20],"floor_reached":51,"playtime":2525,"items_purged":["Strike_R"],"score":1161,"play_id":"0d17f140-8209-4e18-a6f2-c806c5ddff5a","local_time":"20190120192531","is_ascension_mode":true,"campfire_choices":[{"data":"Bash","floor":8,"key":"SMITH"},{"data":"Thunderclap","floor":13,"key":"SMITH"},{"data":"Cleave","floor":15,"key":"SMITH"},{"data":"Immolate","floor":23,"key":"SMITH"},{"data":"Uppercut","floor":32,"key":"SMITH"},{"data":"Clothesline","floor":44,"key":"SMITH"},{"data":"Iron Wave","floor":49,"key":"SMITH"}],"neow_cost":"NONE","seed_source_timestamp":2252107981161886,"circlet_count":0,"master_deck":["AscendersBane","Strike_R","Strike_R","Strike_R","Strike_R","Defend_R","Defend_R","Defend_R","Defend_R","Bash+1","Exhume","Anger","Iron Wave+1","Cleave+1","Clothesline+1","Thunderclap+1","Shrug It Off","Cleave","Impervious+1","Thunderclap+1","Necronomicurse","Immolate+1","Armaments+1","Uppercut+1","Shockwave+1","Sentinel+1","True Grit+1","Pommel Strike"],"relics":["Burning Blood","Pear","Centennial Puzzle","Lantern","Ginger","Blue Candle","Ectoplasm","Necronomicon","Toxic Egg 2","Red Mask","Paper Frog","Frozen Egg 2","Dead Branch","Gremlin Horn","Busted Crown","Ice Cream","Red Skull"],"potions_floor_usage":[3,3,16,28,31,33,36,48,50],"damage_taken":[{"damage":13,"enemies":"Jaw Worm","floor":1,"turns":4},{"damage":6,"enemies":"Cultist","floor":2,"turns":3},{"damage":3,"enemies":"Small Slimes","floor":3,"turns":4},{"damage":14,"enemies":"Exordium Wildlife","floor":5,"turns":4},{"damage":35,"enemies":"3 Sentries","floor":6,"turns":8},{"damage":2,"enemies":"3 Louse","floor":10,"turns":3},{"damage":33,"enemies":"Slime Boss","floor":16,"turns":7},{"damage":0,"enemies":"3 Byrds","floor":18,"turns":4},{"damage":5,"enemies":"Shell Parasite","floor":22,"turns":3},{"damage":5,"enemies":"Centurion and Healer","floor":24,"turns":2},{"damage":0,"enemies":"Snake Plant","floor":25,"turns":2},{"damage":0,"enemies":"Masked Bandits","floor":27,"turns":1},{"damage":5,"enemies":"Book of Stabbing","floor":28,"turns":2},{"damage":6,"enemies":"Slavers","floor":30,"turns":4},{"damage":11,"enemies":"Colosseum Slavers","floor":31,"turns":2},{"damage":0,"enemies":"Colosseum Nobs","floor":31,"turns":2},{"damage":6,"enemies":"Collector","floor":33,"turns":6},{"damage":3,"enemies":"Orb Walker","floor":35,"turns":2},{"damage":4,"enemies":"3 Shapes","floor":36,"turns":1},{"damage":7,"enemies":"Spire Growth","floor":37,"turns":4},{"damage":6,"enemies":"Mind Bloom Boss Battle","floor":38,"turns":4},{"damage":3,"enemies":"Sphere and 2 Shapes","floor":39,"turns":3},{"damage":6,"enemies":"Writhing Mass","floor":40,"turns":5},{"damage":15,"enemies":"Spire Growth","floor":45,"turns":3},{"damage":1,"enemies":"Transient","floor":47,"turns":5},{"damage":0,"enemies":"Jaw Worm Horde","floor":48,"turns":2},{"damage":51,"enemies":"Time Eater","floor":50,"turns":5}],"seed_played":"-3020253573396026359","potions_obtained":[{"floor":2,"key":"EntropicBrew"},{"floor":10,"key":"Energy Potion"},{"floor":18,"key":"EssenceOfSteel"},{"floor":24,"key":"AttackPotion"},{"floor":30,"key":"SkillPotion"},{"floor":31,"key":"GamblersBrew"},{"floor":33,"key":"SteroidPotion"},{"floor":39,"key":"SpeedPotion"},{"floor":45,"key":"SteroidPotion"},{"floor":48,"key":"FearPotion"}],"is_trial":false,"path_per_floor":["M","M","M","?","M","E","$","R","T","M","?","T","R","?","R","B",null,"M","?","$","?","M","R","M","M","T","?","E","$","E","?","R","B",null,"M","M","M","?","M","M","?","$","T","R","M","?","M","M","R","B",null],"character_chosen":"IRONCLAD","items_purchased":["Shrug It Off","Immolate"],"campfire_rested":0,"item_purchase_floors":[7,20],"current_hp_per_floor":[61,61,64,74,66,37,37,37,37,41,38,38,38,38,38,11,67,73,57,57,57,58,58,59,65,65,71,72,72,72,73,73,73,82,85,85,84,84,85,85,85,85,85,85,76,76,81,85,85,40],"gold":20,"neow_bonus":"ONE_RANDOM_RARE_CARD","is_prod":false,"is_daily":false,"chose_seed":false,"campfire_upgraded":7,"win_rate":0,"timestamp":1548012331,"path_taken":["M","M","M","?","?","E","?","R","T","M","?","?","R","?","R","BOSS","M","?","$","?","?","R","M","M","T","?","E","$","E","?","R","BOSS","M","M","M","?","M","M","?","$","T","R","?","?","M","M","R","BOSS"],"build_version":"2019-01-17v2","purchased_purges":1,"victory":true,"max_hp_per_floor":[75,75,75,85,85,85,85,85,85,85,85,85,85,85,85,85,85,85,85,85,85,85,85,85,85,85,85,85,85,85,85,85,85,85,85,85,85,85,85,85,85,85,85,85,85,85,85,85,85,85],"card_choices":[{"not_picked":["Flex","Rage"],"picked":"Anger","floor":1},{"not_picked":["Body Slam","Sword Boomerang"],"picked":"Iron Wave","floor":2},{"not_picked":["True Grit","Pommel Strike"],"picked":"Cleave","floor":3},{"not_picked":["Clash","Wild Strike"],"picked":"Clothesline","floor":5},{"not_picked":["Impervious","Anger"],"picked":"Thunderclap","floor":6},{"not_picked":["Sword Boomerang","Uppercut"],"picked":"Cleave","floor":10},{"not_picked":["Brutality","Berserk"],"picked":"Impervious","floor":16},{"not_picked":["True Grit","Infernal Blade+1"],"picked":"Thunderclap+1","floor":18},{"not_picked":["Perfected Strike","Sever Soul","Infernal Blade+1"],"picked":"SKIP","floor":22},{"not_picked":["Clothesline","Clash"],"picked":"Armaments+1","floor":24},{"not_picked":["Heavy Blade","Headbutt+1"],"picked":"Uppercut","floor":25},{"not_picked":["Seeing Red+1","Fiend Fire"],"picked":"Shockwave+1","floor":28},{"not_picked":["Juggernaut","Twin Strike","Sword Boomerang"],"picked":"SKIP","floor":30},{"not_picked":["Sword Boomerang+1"],"picked":"SKIP","floor":35},{"not_picked":[],"picked":"Sentinel+1","floor":36},{"not_picked":[],"picked":"True Grit+1","floor":37},{"not_picked":["Iron Wave"],"picked":"SKIP","floor":39},{"not_picked":["Intimidate+1"],"picked":"SKIP","floor":40},{"not_picked":[],"picked":"Pommel Strike","floor":45},{"not_picked":["Iron Wave"],"picked":"SKIP","floor":47},{"not_picked":["Anger"],"picked":"SKIP","floor":48}],"player_experience":429149,"relics_obtained":[{"floor":6,"key":"Centennial Puzzle"},{"floor":9,"key":"Lantern"},{"floor":12,"key":"Blue Candle"},{"floor":19,"key":"Necronomicon"},{"floor":26,"key":"Toxic Egg 2"},{"floor":27,"key":"Red Mask"},{"floor":28,"key":"Paper Frog"},{"floor":30,"key":"Frozen Egg 2"},{"floor":31,"key":"Dead Branch"},{"floor":31,"key":"Gremlin Horn"},{"floor":38,"key":"Ice Cream"},{"floor":43,"key":"Red Skull"}],"event_choices":[{"damage_healed":0,"gold_gain":0,"player_choice":"Gave Potion","damage_taken":0,"relics_obtained":["Pear"],"max_hp_gain":0,"max_hp_loss":0,"event_name":"WeMeetAgain","floor":4,"gold_loss":0},{"damage_healed":0,"gold_gain":0,"player_choice":"Success","damage_taken":3,"relics_obtained":["Ginger"],"max_hp_gain":0,"max_hp_loss":0,"event_name":"Scrap Ooze","floor":11,"gold_loss":0},{"damage_healed":0,"gold_gain":0,"player_choice":"Left Gold","damage_taken":0,"max_hp_gain":0,"max_hp_loss":0,"event_name":"World of Goop","floor":14,"gold_loss":21},{"damage_healed":0,"gold_gain":0,"player_choice":"Obtained Book","damage_taken":16,"max_hp_gain":0,"max_hp_loss":0,"event_name":"Cursed Tome","floor":19,"gold_loss":0},{"damage_healed":0,"gold_gain":200,"player_choice":"Gold","damage_taken":0,"max_hp_gain":0,"max_hp_loss":0,"event_name":"Wheel of Change","floor":21,"gold_loss":0},{"damage_healed":0,"gold_gain":0,"player_choice":"Fought Bandits","damage_taken":0,"max_hp_gain":0,"max_hp_loss":0,"event_name":"Masked Bandits","floor":27,"gold_loss":0},{"damage_healed":0,"gold_gain":0,"player_choice":"Fight","damage_taken":0,"max_hp_gain":0,"max_hp_loss":0,"event_name":"Colosseum","floor":31,"gold_loss":0},{"damage_healed":0,"gold_gain":0,"player_choice":"Fought Nobs","damage_taken":0,"max_hp_gain":0,"max_hp_loss":0,"event_name":"Colosseum","floor":31,"gold_loss":0},{"damage_healed":0,"gold_gain":0,"player_choice":"Fight","damage_taken":0,"max_hp_gain":0,"max_hp_loss":0,"event_name":"MindBloom","floor":38,"gold_loss":0},{"damage_healed":0,"gold_gain":0,"player_choice":"Ignored","damage_taken":0,"max_hp_gain":0,"max_hp_loss":0,"event_name":"SecretPortal","floor":41,"gold_loss":0},{"damage_healed":0,"gold_gain":0,"player_choice":"Forge","damage_taken":0,"max_hp_gain":0,"max_hp_loss":0,"event_name":"Accursed Blacksmith","floor":46,"gold_loss":0,"cards_upgraded":["Impervious"]}],"is_beta":false,"boss_relics":[{"not_picked":["White Beast Statue","Lizard Tail"],"picked":"Ectoplasm"},{"not_picked":["Philosopher\u0027s Stone","Fusion Hammer"],"picked":"Busted Crown"}],"items_purged_floors":[20],"is_endless":false,"potions_floor_spawned":[2,10,18,24,30,31,33,39,45,47,48],"ascension_level":14}