{"gold_per_floor":[114,125,125,10,85,85,85,98,176,176,194,194,207,25,25,116,116,140,160,179,179],"floor_reached":21,"playtime":686,"items_purged":[],"score":291,"play_id":"bf68a55e-dcad-4f03-896b-d421d7404a6f","local_time":"20190120203644","is_ascension_mode":true,"campfire_choices":[{"data":"Consume","floor":6,"key":"SMITH"},{"floor":10,"key":"REST"},{"data":"Capacitor","floor":15,"key":"SMITH"}],"neow_cost":"NONE","seed_source_timestamp":2258240052444441,"circlet_count":0,"master_deck":["AscendersBane","Strike_B","Strike_B","Strike_B","Defend_B","Defend_B","Defend_B","Defend_B","Zap","Dualcast","Reboot","Doom and Gloom","Conserve Battery","Cold Snap","Capacitor+1","Consume+1","Auto Shields","Compile Driver","Compile Driver","Loop","Electrodynamics","Gash+1","Chill"],"relics":["Cracked Core","Golden Idol","Tiny Chest","Unceasing Top","Strawberry","Lizard Tail"],"potions_floor_usage":[20,21,21],"damage_taken":[{"damage":7,"enemies":"Jaw Worm","floor":1,"turns":2},{"damage":6,"enemies":"Cultist","floor":2,"turns":3},{"damage":1,"enemies":"Small Slimes","floor":8,"turns":4},{"damage":9,"enemies":"3 Louse","floor":11,"turns":3},{"damage":0,"enemies":"Blue Slaver","floor":13,"turns":3},{"damage":28,"enemies":"Slime Boss","floor":16,"turns":9},{"damage":13,"enemies":"Chosen","floor":18,"turns":5},{"damage":6,"enemies":"3 Byrds","floor":19,"turns":2},{"damage":30,"enemies":"Sentry and Sphere","floor":20,"turns":5},{"damage":70,"enemies":"Snecko","floor":21,"turns":6}],"seed_played":"-8374192256382456905","potions_obtained":[{"floor":2,"key":"SpeedPotion"},{"floor":13,"key":"Regen Potion"},{"floor":16,"key":"PowerPotion"},{"floor":20,"key":"GamblersBrew"}],"is_trial":false,"path_per_floor":["M","M","?","$","?","R","?","M","T","R","M","T","M","$","R","B",null,"M","M","M","M"],"character_chosen":"DEFECT","items_purchased":["Capacitor","Consume","Loop","Strawberry"],"campfire_rested":1,"item_purchase_floors":[4,4,14,14],"current_hp_per_floor":[57,51,51,51,40,40,40,39,39,58,49,49,49,56,56,28,62,49,43,13,0],"gold":179,"neow_bonus":"ONE_RANDOM_RARE_CARD","is_prod":false,"is_daily":false,"chose_seed":false,"campfire_upgraded":2,"win_rate":0,"timestamp":1548016604,"path_taken":["M","M","?","?","?","R","?","?","T","R","M","?","M","$","R","BOSS","M","M","M","M"],"build_version":"2019-01-17v2","purchased_purges":0,"victory":false,"max_hp_per_floor":[71,71,71,71,71,71,66,66,66,66,66,66,66,73,73,73,73,73,73,73,73],"card_choices":[{"not_picked":["Gash","Fusion"],"picked":"Doom and Gloom","floor":1},{"not_picked":["Sunder","Cold Snap"],"picked":"Conserve Battery","floor":2},{"not_picked":["Redo","Conserve Battery"],"picked":"Auto Shields","floor":8},{"not_picked":["Ball Lightning","Stack"],"picked":"Compile Driver","floor":11},{"not_picked":["Heatsinks","Rip and Tear"],"picked":"Compile Driver","floor":13},{"not_picked":["Amplify","Biased Cognition"],"picked":"Electrodynamics","floor":16},{"not_picked":["Force Field","Ball Lightning","Go for the Eyes"],"picked":"SKIP","floor":18},{"not_picked":["Sweeping Beam","Consume"],"picked":"Gash+1","floor":19},{"not_picked":["Steam","Ball Lightning"],"picked":"Chill","floor":20}],"player_experience":434966,"relics_obtained":[{"floor":9,"key":"Tiny Chest"},{"floor":12,"key":"Unceasing Top"}],"event_choices":[{"damage_healed":0,"gold_gain":0,"cards_transformed":["Strike_B"],"player_choice":"Transformed","damage_taken":0,"max_hp_gain":0,"max_hp_loss":0,"event_name":"Transmorgrifier","floor":3,"gold_loss":0,"cards_obtained":["Cold Snap"]},{"damage_healed":0,"gold_gain":75,"player_choice":"Gather Gold","damage_taken":11,"max_hp_gain":0,"max_hp_loss":0,"event_name":"World of Goop","floor":5,"gold_loss":0},{"damage_healed":0,"gold_gain":0,"player_choice":"Lose Max HP","damage_taken":0,"relics_obtained":["Golden Idol"],"max_hp_gain":0,"max_hp_loss":5,"event_name":"Golden Idol","floor":7,"gold_loss":0}],"is_beta":false,"boss_relics":[{"not_picked":["Pandora\u0027s Box","Runic Pyramid"],"picked":"Lizard Tail"}],"items_purged_floors":[],"is_endless":false,"potions_floor_spawned":[2,13,16,20],"killed_by":"Snecko","ascension_level":14}