{"gold_per_floor":[117,117,117,117,136,170,170,204,204,238,198,209,209,209,209,288,288,288,288,288,131,131,131,131,131,131,131,131,131,131,57,57,57],"floor_reached":33,"playtime":1134,"items_purged":[],"score":625,"play_id":"8f326f70-dbf6-4854-9fd3-a52e1fe67821","local_time":"20190311204252","is_ascension_mode":true,"campfire_choices":[{"data":"Flex","floor":7,"key":"SMITH"},{"floor":15,"key":"REST"},{"data":"Rupture","floor":23,"key":"SMITH"},{"data":"Immolate","floor":25,"key":"SMITH"},{"floor":27,"key":"REST"},{"floor":32,"key":"REST"}],"neow_cost":"NONE","seed_source_timestamp":426965142525700,"circlet_count":0,"master_deck":["AscendersBane","Defend_R","Defend_R","Bash+1","Flex+1","Shrug It Off","Brutality","Dropkick","Rupture+1","Whirlwind","Hemokinesis+1","Immolate+1","Thunderclap","Dropkick","Bite","Bite","Bite","Bite","Bite","Limit Break"],"relics":["Burning Blood","NeowsBlessing","Prayer Wheel","Ancient Tea Set","FossilizedHelix","Unceasing Top","Torii","Ectoplasm","Whetstone","Bottled Lightning","Mercury Hourglass","Pantograph"],"potions_floor_usage":[10,16,33],"damage_taken":[{"damage":0,"enemies":"Cultist","floor":1,"turns":1},{"damage":0,"enemies":"Jaw Worm","floor":5,"turns":1},{"damage":0,"enemies":"Gremlin Nob","floor":6,"turns":1},{"damage":31,"enemies":"Lagavulin","floor":8,"turns":5},{"damage":17,"enemies":"3 Sentries","floor":10,"turns":6},{"damage":0,"enemies":"2 Louse","floor":12,"turns":3},{"damage":25,"enemies":"Hexaghost","floor":16,"turns":5},{"damage":41,"enemies":"Shell Parasite","floor":18,"turns":5},{"damage":19,"enemies":"3 Byrds","floor":19,"turns":4},{"damage":37,"enemies":"Gremlin Leader","floor":24,"turns":5},{"damage":100,"enemies":"Automaton","floor":33,"turns":6}],"seed_played":"-28469609283877279","potions_obtained":[{"floor":1,"key":"PowerPotion"},{"floor":10,"key":"Ancient Potion"},{"floor":18,"key":"SteroidPotion"}],"is_trial":false,"path_per_floor":["M","?","?","?","M","E","R","E","T","E","$","M","?","?","R","B",null,"M","M","?","$","?","R","E","R","T","R","$","?","?","$","R","B"],"character_chosen":"IRONCLAD","items_purchased":["Rupture","Whetstone","Limit Break"],"campfire_rested":3,"item_purchase_floors":[11,21,31],"current_hp_per_floor":[74,74,51,44,50,56,56,31,31,20,20,26,31,5,29,10,63,28,15,31,31,31,31,16,16,16,32,32,32,32,32,48,0],"gold":57,"neow_bonus":"THREE_ENEMY_KILL","is_prod":false,"is_daily":false,"chose_seed":false,"campfire_upgraded":3,"win_rate":0,"timestamp":1552336972,"path_taken":["M","?","?","?","M","E","R","E","T","E","?","?","?","?","R","BOSS","M","M","?","$","?","R","E","R","T","R","?","?","?","$","R","BOSS"],"build_version":"2019-01-23","purchased_purges":0,"victory":false,"max_hp_per_floor":[75,75,75,75,75,75,75,75,75,75,75,75,80,80,80,80,80,80,80,80,80,56,56,56,56,56,56,56,56,56,56,56,56],"card_choices":[{"not_picked":["Rage","Sword Boomerang"],"picked":"Flex","floor":1},{"not_picked":["Shockwave","Reckless Charge"],"picked":"Shrug It Off","floor":5},{"not_picked":["Body Slam","True Grit"],"picked":"Brutality","floor":6},{"not_picked":["Infernal Blade","Reckless Charge"],"picked":"Dropkick","floor":8},{"not_picked":["True Grit","Perfected Strike","Iron Wave"],"picked":"SKIP","floor":10},{"not_picked":["Perfected Strike","Flex"],"picked":"Whirlwind","floor":12},{"not_picked":["Corruption","Thunderclap"],"picked":"Hemokinesis","floor":12},{"not_picked":["Feed","Exhume"],"picked":"Immolate","floor":16},{"not_picked":["Ghostly Armor","Shrug It Off"],"picked":"Thunderclap","floor":18},{"not_picked":["Perfected Strike","Iron Wave","Burning Pact+1"],"picked":"SKIP","floor":18},{"not_picked":["Anger","Havoc+1"],"picked":"Dropkick","floor":19},{"not_picked":["Pommel Strike","Warcry","True Grit+1"],"picked":"SKIP","floor":19},{"not_picked":["Twin Strike+1","Whirlwind","Evolve"],"picked":"SKIP","floor":24}],"player_experience":398758,"relics_obtained":[{"floor":6,"key":"Prayer Wheel"},{"floor":8,"key":"Ancient Tea Set"},{"floor":9,"key":"FossilizedHelix"},{"floor":10,"key":"Unceasing Top"},{"floor":24,"key":"Bottled Lightning"},{"floor":26,"key":"Mercury Hourglass"}],"event_choices":[{"cards_removed":["Defend_R"],"damage_healed":0,"gold_gain":0,"player_choice":"Forget","damage_taken":0,"max_hp_gain":0,"max_hp_loss":0,"event_name":"Living Wall","floor":2,"gold_loss":0},{"damage_healed":0,"gold_gain":0,"player_choice":"Entered Light","damage_taken":23,"max_hp_gain":0,"max_hp_loss":0,"event_name":"Shining Light","floor":3,"gold_loss":0,"cards_upgraded":["Strike_R","Bash"]},{"cards_removed":["Defend_R"],"damage_healed":0,"gold_gain":0,"player_choice":"Card Removal","damage_taken":7,"max_hp_gain":0,"max_hp_loss":0,"event_name":"Golden Wing","floor":4,"gold_loss":0},{"damage_healed":0,"gold_gain":0,"player_choice":"Donut","damage_taken":0,"max_hp_gain":5,"max_hp_loss":0,"event_name":"Big Fish","floor":13,"gold_loss":0},{"damage_healed":0,"gold_gain":0,"player_choice":"Success","damage_taken":26,"relics_obtained":["Torii"],"max_hp_gain":0,"max_hp_loss":0,"event_name":"Scrap Ooze","floor":14,"gold_loss":0},{"damage_healed":16,"gold_gain":0,"player_choice":"Heal","damage_taken":0,"max_hp_gain":0,"max_hp_loss":0,"event_name":"The Library","floor":20,"gold_loss":0},{"damage_healed":0,"gold_gain":0,"player_choice":"Became a vampire","damage_taken":0,"max_hp_gain":0,"max_hp_loss":24,"event_name":"Vampires","floor":22,"gold_loss":0,"cards_obtained":["Bite","Bite","Bite","Bite","Bite"]},{"damage_healed":0,"gold_gain":0,"player_choice":"Stole Relic","damage_taken":0,"relics_obtained":["Pantograph"],"max_hp_gain":0,"max_hp_loss":0,"event_name":"Addict","floor":29,"gold_loss":0,"cards_obtained":["Shame"]},{"cards_removed":["Shame"],"damage_healed":0,"gold_gain":0,"player_choice":"Removed Curses","damage_taken":0,"max_hp_gain":0,"max_hp_loss":0,"event_name":"Fountain of Cleansing","floor":30,"gold_loss":0}],"is_beta":false,"boss_relics":[{"not_picked":["Black Star","Black Blood"],"picked":"Ectoplasm"}],"items_purged_floors":[],"is_endless":false,"potions_floor_spawned":[1,10,18],"killed_by":"Automaton","ascension_level":20}