{"gold_per_floor":[11,11,31,49,49,49,84,84,156,156,181,214,214,232,232,232],"floor_reached":16,"playtime":920,"items_purged":[],"score":200,"play_id":"93f03c67-22dc-4df6-97d7-e045eec7c2bd","local_time":"20190422161321","is_ascension_mode":true,"campfire_choices":[{"floor":6,"key":"REST"},{"floor":8,"key":"REST"},{"floor":13,"key":"REST"},{"floor":15,"key":"REST"}],"neow_cost":"NO_GOLD","seed_source_timestamp":517891167164900,"circlet_count":0,"master_deck":["AscendersBane","Strike_R","Strike_R","Strike_R","Strike_R","Defend_R","Defend_R","Defend_R","Defend_R","Bash","Double Tap","Searing Blow","Evolve","Disarm","Feel No Pain","Shrug It Off","Whirlwind"],"relics":["Burning Blood","Golden Idol","Bag of Marbles","Matryoshka","Odd Mushroom"],"potions_floor_usage":[7,12,16],"damage_taken":[{"damage":1,"enemies":"2 Louse","floor":1,"turns":3},{"damage":12,"enemies":"Jaw Worm","floor":3,"turns":2},{"damage":6,"enemies":"Cultist","floor":4,"turns":3},{"damage":35,"enemies":"3 Sentries","floor":7,"turns":5},{"damage":21,"enemies":"Exordium Thugs","floor":11,"turns":10},{"damage":44,"enemies":"The Mushroom Lair","floor":12,"turns":6},{"damage":10,"enemies":"Large Slime","floor":14,"turns":6},{"damage":68,"enemies":"Slime Boss","floor":16,"turns":5}],"seed_played":"-4130711301249238550","potions_obtained":[{"floor":1,"key":"Regen Potion"},{"floor":4,"key":"AttackPotion"},{"floor":12,"key":"Strength Potion"}],"is_trial":false,"path_per_floor":["M","?","M","M","?","R","E","R","T","$","M","?","R","M","R","B"],"character_chosen":"IRONCLAD","items_purchased":[],"campfire_rested":4,"item_purchase_floors":[],"current_hp_per_floor":[73,66,60,60,34,56,27,49,49,49,34,11,33,29,51,0],"gold":232,"neow_bonus":"THREE_RARE_CARDS","is_prod":false,"is_daily":false,"chose_seed":false,"campfire_upgraded":0,"win_rate":0,"timestamp":1555946001,"path_taken":["M","?","M","M","?","R","E","R","T","?","M","?","R","M","R","BOSS"],"build_version":"2019-01-23","purchased_purges":0,"victory":false,"max_hp_per_floor":[75,75,75,75,75,75,75,75,75,75,75,75,75,75,75,75],"card_choices":[{"not_picked":["Barricade","Brutality"],"picked":"Double Tap","floor":0},{"not_picked":["True Grit","Headbutt"],"picked":"Searing Blow","floor":1},{"not_picked":["Anger","Flex","Armaments"],"picked":"SKIP","floor":3},{"not_picked":["Wild Strike","Clash"],"picked":"Evolve","floor":4},{"not_picked":["Wild Strike","Perfected Strike"],"picked":"Disarm","floor":7},{"not_picked":["Flex","Twin Strike"],"picked":"Feel No Pain","floor":11},{"not_picked":["Disarm","Sword Boomerang"],"picked":"Shrug It Off","floor":12},{"not_picked":["Havoc","Blood for Blood"],"picked":"Whirlwind","floor":14}],"player_experience":406504,"relics_obtained":[{"floor":7,"key":"Bag of Marbles"},{"floor":9,"key":"Matryoshka"},{"floor":12,"key":"Odd Mushroom"}],"event_choices":[{"cards_removed":["Strike_R"],"damage_healed":0,"gold_gain":0,"player_choice":"Card Removal","damage_taken":7,"max_hp_gain":0,"max_hp_loss":0,"event_name":"Golden Wing","floor":2,"gold_loss":0},{"damage_healed":0,"gold_gain":0,"player_choice":"Take Damage","damage_taken":26,"relics_obtained":["Golden Idol"],"max_hp_gain":0,"max_hp_loss":0,"event_name":"Golden Idol","floor":5,"gold_loss":0},{"damage_healed":0,"gold_gain":0,"player_choice":"Fought Mushrooms","damage_taken":0,"max_hp_gain":0,"max_hp_loss":0,"event_name":"Mushrooms","floor":12,"gold_loss":0}],"is_beta":false,"boss_relics":[],"items_purged_floors":[],"is_endless":false,"potions_floor_spawned":[1,4,12],"killed_by":"Slime Boss","ascension_level":20}