{"gold_per_floor":[115,190,290,309,320,348,348,379,379,394,394,100,126,138,138,241,241,259,259,275,287,302,337,337,337,363,383,402,402,45,75,75,171,171,182,236,250,7,17,49,61,86,86,117,135,135,168,182,182,182],"floor_reached":51,"playtime":5950,"items_purged":["Strike_R","Bite"],"score":1199,"play_id":"150393c1-161e-4acb-9836-1b125dc4f7e7","local_time":"20190424232923","is_ascension_mode":true,"campfire_choices":[{"floor":7,"key":"REST"},{"floor":11,"key":"REST"},{"data":"Demon Form","floor":15,"key":"SMITH"},{"floor":25,"key":"DIG"},{"floor":29,"key":"DIG"},{"floor":32,"key":"DIG"},{"floor":46,"key":"DIG"},{"floor":49,"key":"DIG"}],"neow_cost":"NONE","seed_source_timestamp":357552210316957,"circlet_count":0,"master_deck":["Defend_R","Defend_R","Defend_R+1","Defend_R","Bash","Headbutt","Shrug It Off","Flex+1","Battle Trance","Demon Form+1","Panacea","Shrug It Off","Immolate","True Grit+1","Bite","Bite+1","Bite","Bite","Heavy Blade+1","Feed","Ghostly","Ghostly","Ghostly","Ghostly","Ghostly","Offering","Whirlwind","Armaments+1","Disarm+1","Inflame","Double Tap","Corruption+1","Disarm"],"relics":["Burning Blood","NeowsBlessing","Smiling Mask","Shovel","Letter Opener","Vajra","Pear","Philosopher\u0027s Stone","War Paint","Shuriken","Whetstone","Ginger","Pen Nib","Sling","Sundial","Blood Vial","Sozu","Incense Burner","OrangePellets","Centennial Puzzle","Gambling Chip","Mummified Hand","Bronze Scales","Red Skull","The Courier","Magic Flower"],"potions_floor_usage":[8,13,22,50],"damage_taken":[{"damage":0,"enemies":"Small Slimes","floor":1,"turns":1},{"damage":0,"enemies":"2 Louse","floor":4,"turns":1},{"damage":0,"enemies":"Cultist","floor":5,"turns":1},{"damage":52,"enemies":"Lagavulin","floor":6,"turns":7},{"damage":40,"enemies":"3 Sentries","floor":8,"turns":16},{"damage":10,"enemies":"Gremlin Gang","floor":10,"turns":4},{"damage":27,"enemies":"Gremlin Nob","floor":13,"turns":5},{"damage":9,"enemies":"3 Louse","floor":14,"turns":3},{"damage":8,"enemies":"Hexaghost","floor":16,"turns":9},{"damage":28,"enemies":"3 Byrds","floor":18,"turns":3},{"damage":0,"enemies":"Chosen","floor":20,"turns":3},{"damage":0,"enemies":"Centurion and Healer","floor":21,"turns":4},{"damage":7,"enemies":"Snake Plant","floor":22,"turns":3},{"damage":42,"enemies":"Gremlin Leader","floor":23,"turns":5},{"damage":4,"enemies":"Cultist and Chosen","floor":27,"turns":5},{"damage":7,"enemies":"Snecko","floor":28,"turns":4},{"damage":2,"enemies":"Slavers","floor":31,"turns":6},{"damage":11,"enemies":"Collector","floor":33,"turns":7},{"damage":3,"enemies":"3 Darklings","floor":35,"turns":4},{"damage":1,"enemies":"2 Orb Walkers","floor":36,"turns":4},{"damage":1,"enemies":"Orb Walker","floor":37,"turns":4},{"damage":9,"enemies":"Maw","floor":39,"turns":9},{"damage":14,"enemies":"Nemesis","floor":40,"turns":7},{"damage":6,"enemies":"Jaw Worm Horde","floor":41,"turns":2},{"damage":6,"enemies":"Giant Head","floor":42,"turns":6},{"damage":1,"enemies":"Reptomancer","floor":44,"turns":5},{"damage":2,"enemies":"Transient","floor":45,"turns":5},{"damage":0,"enemies":"Nemesis","floor":47,"turns":3},{"damage":1,"enemies":"Maw","floor":48,"turns":4},{"damage":9,"enemies":"Time Eater","floor":50,"turns":7}],"seed_played":"7857852442176758838","potions_obtained":[{"floor":1,"key":"FairyPotion"},{"floor":5,"key":"GamblersBrew"},{"floor":10,"key":"EssenceOfSteel"},{"floor":13,"key":"Ancient Potion"},{"floor":18,"key":"Block Potion"},{"floor":22,"key":"BloodPotion"},{"floor":31,"key":"Explosive Potion"}],"is_trial":false,"path_per_floor":["M","?","?","M","M","E","R","E","T","M","R","$","E","M","R","B",null,"M","?","M","M","M","E","?","R","T","M","M","R","$","E","R","B",null,"M","?","M","$","M","E","M","E","T","E","M","R","E","M","R","B",null],"character_chosen":"IRONCLAD","items_purchased":["Panacea","Vajra","Pen Nib","Sling","OrangePellets"],"campfire_rested":2,"item_purchase_floors":[12,12,30,30,38],"current_hp_per_floor":[80,69,69,75,80,34,58,24,24,20,44,44,33,30,30,28,75,53,53,63,63,63,31,31,31,31,31,34,34,34,37,37,40,40,40,40,40,40,44,44,44,44,44,48,48,48,48,48,48,48],"gold":182,"neow_bonus":"THREE_ENEMY_KILL","is_prod":false,"is_daily":false,"chose_seed":false,"campfire_upgraded":1,"win_rate":0,"timestamp":1556170163,"path_taken":["M","?","?","M","?","E","R","E","T","M","R","$","E","?","R","BOSS","M","?","M","M","M","E","?","R","T","M","M","R","$","E","R","BOSS","M","?","M","$","M","E","M","E","T","E","M","R","E","M","R","BOSS"],"build_version":"2019-01-23","purchased_purges":2,"victory":true,"max_hp_per_floor":[80,80,80,80,80,80,80,80,80,80,80,80,90,90,90,90,90,90,63,63,63,63,63,31,31,31,31,34,34,34,37,37,40,40,40,40,40,40,44,44,44,44,44,48,48,48,48,48,48,48],"card_choices":[{"not_picked":["Dual Wield","Cleave"],"picked":"Headbutt","floor":1},{"not_picked":["Thunderclap","Rampage"],"picked":"Shrug It Off","floor":4},{"not_picked":["Thunderclap","Anger"],"picked":"Flex","floor":5},{"not_picked":["Dark Embrace","Wild Strike"],"picked":"Battle Trance","floor":6},{"not_picked":["Burning Pact","Clothesline"],"picked":"Demon Form","floor":8},{"not_picked":["Wild Strike","Headbutt","Cleave"],"picked":"SKIP","floor":10},{"not_picked":["Armaments","Entrench"],"picked":"Shrug It Off","floor":13},{"not_picked":["Pommel Strike","Perfected Strike","Sentinel"],"picked":"SKIP","floor":14},{"not_picked":["Fiend Fire","Dark Embrace"],"picked":"Immolate","floor":16},{"not_picked":["Clash+1","Armaments"],"picked":"True Grit+1","floor":18},{"not_picked":["Second Wind","Thunderclap","Headbutt"],"picked":"SKIP","floor":20},{"not_picked":["Entrench","Reckless Charge"],"picked":"Heavy Blade","floor":21},{"not_picked":["Dual Wield","Corruption"],"picked":"Feed","floor":22},{"not_picked":["Sentinel","Armaments","Clash"],"picked":"SKIP","floor":23},{"not_picked":["Pommel Strike+1","Seeing Red","Rampage"],"picked":"SKIP","floor":27},{"not_picked":["Armaments","Pummel+1","Wild Strike"],"picked":"SKIP","floor":28},{"not_picked":["Headbutt","Shrug It Off+1","Hemokinesis"],"picked":"SKIP","floor":31},{"not_picked":["Impervious","Immolate"],"picked":"Offering","floor":33},{"not_picked":["Wild Strike+1","Clash","Body Slam"],"picked":"SKIP","floor":35},{"not_picked":["Clash+1","Pommel Strike+1"],"picked":"Whirlwind","floor":36},{"not_picked":["Wild Strike+1","Havoc"],"picked":"Armaments+1","floor":37},{"not_picked":["Havoc+1","Clash"],"picked":"Disarm+1","floor":39},{"not_picked":["Anger+1","Ghostly Armor+1","Rampage+1"],"picked":"SKIP","floor":40},{"not_picked":["Body Slam+1","Clash+1"],"picked":"Inflame","floor":41},{"not_picked":["Pummel","Disarm"],"picked":"Double Tap","floor":42},{"not_picked":["True Grit+1","Evolve"],"picked":"Corruption+1","floor":44},{"not_picked":["Battle Trance+1","Hemokinesis+1","Rage+1"],"picked":"SKIP","floor":45},{"not_picked":["Hemokinesis","Sword Boomerang+1","Dropkick+1"],"picked":"SKIP","floor":47},{"not_picked":["Carnage+1","Corruption+1"],"picked":"Disarm","floor":48}],"player_experience":464608,"relics_obtained":[{"floor":6,"key":"Smiling Mask"},{"floor":8,"key":"Shovel"},{"floor":9,"key":"Letter Opener"},{"floor":13,"key":"Pear"},{"floor":23,"key":"War Paint"},{"floor":25,"key":"Shuriken"},{"floor":26,"key":"Whetstone"},{"floor":29,"key":"Ginger"},{"floor":31,"key":"Sundial"},{"floor":32,"key":"Blood Vial"},{"floor":36,"key":"Incense Burner"},{"floor":40,"key":"Centennial Puzzle"},{"floor":42,"key":"Gambling Chip"},{"floor":43,"key":"Mummified Hand"},{"floor":44,"key":"Bronze Scales"},{"floor":46,"key":"Red Skull"},{"floor":47,"key":"The Courier"},{"floor":49,"key":"Magic Flower"}],"event_choices":[{"damage_healed":0,"gold_gain":75,"player_choice":"Gather Gold","damage_taken":11,"max_hp_gain":0,"max_hp_loss":0,"event_name":"World of Goop","floor":2,"gold_loss":0},{"damage_healed":0,"gold_gain":100,"player_choice":"Pray","damage_taken":0,"max_hp_gain":0,"max_hp_loss":0,"event_name":"Golden Shrine","floor":3,"gold_loss":0},{"damage_healed":0,"gold_gain":0,"player_choice":"Became a vampire","damage_taken":0,"max_hp_gain":0,"max_hp_loss":27,"event_name":"Vampires","floor":19,"gold_loss":0,"cards_obtained":["Bite","Bite","Bite","Bite","Bite"]},{"damage_healed":0,"gold_gain":0,"player_choice":"Became a Ghost","damage_taken":0,"max_hp_gain":0,"max_hp_loss":32,"event_name":"Ghosts","floor":24,"gold_loss":0,"cards_obtained":["Ghostly","Ghostly","Ghostly","Ghostly","Ghostly"]},{"damage_healed":0,"gold_gain":0,"player_choice":"Fight","damage_taken":0,"max_hp_gain":0,"max_hp_loss":0,"event_name":"Mysterious Sphere","floor":36,"gold_loss":0}],"is_beta":false,"boss_relics":[{"not_picked":["Empty Cage","Orrery"],"picked":"Philosopher\u0027s Stone"},{"not_picked":["Tiny House","Snecko Eye"],"picked":"Sozu"}],"items_purged_floors":[12,38],"is_endless":false,"potions_floor_spawned":[1,5,10,13,18,20,22,31,37,39,41,45,48],"ascension_level":5}