{"gold_per_floor":[360,372,12,32,32,32,71,71,94,115,129,129,152,112,112,242,242,256,256,280,24,24,62,62,93,93,111,111,111,111,132,132,255,255,275,245,268,268,289,289,289,289,370,390,390,13,13,26,26,26],"floor_reached":51,"playtime":2905,"items_purged":["Backstab"],"score":1031,"play_id":"11da638a-6977-4099-bbef-5dcecafe541d","local_time":"20190115185353","is_ascension_mode":true,"campfire_choices":[{"floor":6,"key":"REST"},{"floor":8,"key":"REST"},{"data":"Noxious Fumes","floor":12,"key":"SMITH"},{"data":"Caltrops","floor":15,"key":"SMITH"},{"floor":24,"key":"REST"},{"floor":30,"key":"REST"},{"floor":32,"key":"REST"},{"data":"Leg Sweep","floor":40,"key":"SMITH"},{"data":"Neutralize","floor":42,"key":"SMITH"},{"floor":45,"key":"REST"},{"data":"Noxious Fumes","floor":49,"key":"SMITH"}],"neow_cost":"PERCENT_DAMAGE","seed_source_timestamp":1817812538582104,"circlet_count":0,"master_deck":["AscendersBane","Defend_G+1","Defend_G+1","Defend_G+1","Defend_G+1","Defend_G+1","Strike_G+1","Strike_G+1","Strike_G+1","Strike_G+1","Strike_G+1","Survivor","Neutralize+1","Leg Sweep+1","Caltrops+1","Backstab","Noxious Fumes+1","Flying Knee","Poisoned Stab","Dodge and Roll+1","Backflip","All Out Attack+1","Noxious Fumes+1","Deflect+1","Outmaneuver+1","Calculated Gamble","Caltrops+1"],"relics":["Ring of the Serpent","HandDrill","Art of War","Golden Idol","Centennial Puzzle","Omamori","Lee\u0027s Waffle","Dodecahedron","Gremlin Horn","Bottled Tornado","Bird Faced Urn","Enchiridion","Runic Pyramid","Mummified Hand","Ornamental Fan"],"potions_floor_usage":[7,18,20,23,25,27,41,50,50,50,50],"damage_taken":[{"damage":11,"enemies":"Jaw Worm","floor":1,"turns":5},{"damage":7,"enemies":"Small Slimes","floor":2,"turns":4},{"damage":0,"enemies":"2 Louse","floor":4,"turns":3},{"damage":32,"enemies":"Gremlin Nob","floor":7,"turns":6},{"damage":0,"enemies":"Blue Slaver","floor":10,"turns":4},{"damage":9,"enemies":"Large Slime","floor":11,"turns":8},{"damage":2,"enemies":"Exordium Thugs","floor":13,"turns":5},{"damage":11,"enemies":"Hexaghost","floor":16,"turns":9},{"damage":9,"enemies":"Shell Parasite","floor":18,"turns":2},{"damage":13,"enemies":"Spheric Guardian","floor":20,"turns":5},{"damage":29,"enemies":"Book of Stabbing","floor":23,"turns":5},{"damage":21,"enemies":"Gremlin Leader","floor":25,"turns":7},{"damage":7,"enemies":"Snake Plant","floor":27,"turns":3},{"damage":4,"enemies":"Snecko","floor":31,"turns":6},{"damage":34,"enemies":"Collector","floor":33,"turns":9},{"damage":31,"enemies":"3 Darklings","floor":35,"turns":4},{"damage":1,"enemies":"3 Shapes","floor":37,"turns":5},{"damage":7,"enemies":"Sphere and 2 Shapes","floor":39,"turns":6},{"damage":0,"enemies":"3 Darklings","floor":41,"turns":2},{"damage":25,"enemies":"4 Shapes","floor":44,"turns":7},{"damage":4,"enemies":"Sphere and 2 Shapes","floor":48,"turns":6},{"damage":60,"enemies":"Time Eater","floor":50,"turns":15}],"seed_played":"3779570705680154401","potions_obtained":[{"floor":2,"key":"Explosive Potion"},{"floor":4,"key":"Weak Potion"},{"floor":11,"key":"Ancient Potion"},{"floor":13,"key":"SkillPotion"},{"floor":16,"key":"SteroidPotion"},{"floor":18,"key":"Block Potion"},{"floor":27,"key":"Block Potion"},{"floor":36,"key":"EntropicBrew"},{"floor":36,"key":"SmokeBomb"},{"floor":37,"key":"GhostInAJar"}],"is_trial":false,"path_per_floor":["M","M","$","M","?","R","E","R","T","M","M","R","M","?","R","B",null,"M","$","M","$","?","E","R","E","T","M","?","?","R","M","R","B",null,"M","?","M","?","M","R","M","R","T","M","R","$","?","M","R","B",null],"character_chosen":"THE_SILENT","items_purchased":["HandDrill","Art of War","Lee\u0027s Waffle","SkillPotion","Ornamental Fan","FearPotion"],"campfire_rested":6,"item_purchase_floors":[3,3,21,21,46,46],"current_hp_per_floor":[34,27,27,27,27,46,14,33,33,33,24,24,22,22,22,11,52,43,43,30,72,72,43,64,43,43,40,24,24,45,47,68,40,64,41,41,48,48,49,49,55,55,55,36,57,57,72,70,70,16],"gold":26,"neow_bonus":"TWO_FIFTY_GOLD","is_prod":false,"is_daily":false,"chose_seed":false,"campfire_upgraded":5,"win_rate":0,"timestamp":1547578433,"path_taken":["M","M","$","M","?","R","E","R","T","M","M","R","M","?","R","BOSS","M","$","M","$","?","E","R","E","T","M","?","?","R","M","R","BOSS","M","?","?","?","M","R","M","R","T","M","R","$","?","M","R","BOSS"],"build_version":"2019-01-10","purchased_purges":1,"victory":true,"max_hp_per_floor":[70,70,70,70,65,65,65,65,65,65,65,65,65,65,65,65,65,65,65,65,72,72,72,72,72,72,72,72,72,72,72,72,72,72,72,72,72,72,72,72,72,72,72,72,72,72,72,72,72,72],"card_choices":[{"not_picked":["Poisoned Stab","Caltrops"],"picked":"Leg Sweep","floor":1},{"not_picked":["Terror","Crippling Poison"],"picked":"Backstab","floor":2},{"not_picked":["Deadly Poison","Terror"],"picked":"Caltrops","floor":4},{"not_picked":["Acrobatics","Crippling Poison"],"picked":"Backstab","floor":7},{"not_picked":["Tactician","Riddle With Holes"],"picked":"Noxious Fumes","floor":10},{"not_picked":["Slice","Cloak And Dagger"],"picked":"Flying Knee","floor":11},{"not_picked":["Quick Slash","Flying Knee"],"picked":"Poisoned Stab","floor":13},{"not_picked":["Flechettes","Cloak And Dagger","Outmaneuver"],"picked":"SKIP","floor":18},{"not_picked":["Prepared+1","Acrobatics"],"picked":"Dodge and Roll+1","floor":20},{"not_picked":["All Out Attack","Finisher"],"picked":"Backflip","floor":23},{"not_picked":["Accuracy","Masterful Stab","Dodge and Roll"],"picked":"SKIP","floor":25},{"not_picked":["Dagger Throw","Flying Knee"],"picked":"All Out Attack+1","floor":27},{"not_picked":["Envenom","Dodge and Roll"],"picked":"Noxious Fumes","floor":31},{"not_picked":["Quick Slash+1","Noxious Fumes"],"picked":"Deflect+1","floor":35},{"not_picked":["Bane","Underhanded Strike"],"picked":"Outmaneuver+1","floor":37},{"not_picked":["Underhanded Strike","Flying Knee+1"],"picked":"Calculated Gamble","floor":39},{"not_picked":["Backflip+1","Backstab+1","Dagger Throw+1"],"picked":"SKIP","floor":44},{"not_picked":["Concentrate","Flying Knee+1"],"picked":"Caltrops+1","floor":48}],"player_experience":333993,"relics_obtained":[{"floor":7,"key":"Centennial Puzzle"},{"floor":9,"key":"Omamori"},{"floor":23,"key":"Gremlin Horn"},{"floor":25,"key":"Bottled Tornado"},{"floor":26,"key":"Bird Faced Urn"},{"floor":28,"key":"Enchiridion"},{"floor":43,"key":"Mummified Hand"}],"event_choices":[{"damage_healed":0,"gold_gain":0,"player_choice":"Lose Max HP","damage_taken":0,"relics_obtained":["Golden Idol"],"max_hp_gain":0,"max_hp_loss":5,"event_name":"Golden Idol","floor":5,"gold_loss":0},{"damage_healed":0,"gold_gain":0,"player_choice":"Left Gold","damage_taken":0,"max_hp_gain":0,"max_hp_loss":0,"event_name":"World of Goop","floor":14,"gold_loss":40},{"damage_healed":0,"gold_gain":0,"player_choice":"Opened","damage_taken":0,"relics_obtained":["Dodecahedron"],"max_hp_gain":0,"max_hp_loss":0,"event_name":"The Mausoleum","floor":22,"gold_loss":0},{"damage_healed":0,"gold_gain":0,"player_choice":"Obtained Book","damage_taken":16,"max_hp_gain":0,"max_hp_loss":0,"event_name":"Cursed Tome","floor":28,"gold_loss":0},{"damage_healed":0,"gold_gain":0,"player_choice":"Simplicity","damage_taken":0,"max_hp_gain":0,"max_hp_loss":0,"event_name":"Back to Basics","floor":29,"gold_loss":0,"cards_upgraded":["Defend_G","Defend_G","Defend_G","Defend_G","Defend_G","Strike_G","Strike_G","Strike_G","Strike_G","Strike_G"]},{"damage_healed":0,"gold_gain":0,"player_choice":"Bought 2 Potions","damage_taken":0,"max_hp_gain":0,"max_hp_loss":0,"event_name":"The Woman in Blue","floor":36,"gold_loss":0},{"damage_healed":0,"gold_gain":0,"player_choice":"Ignored","damage_taken":0,"max_hp_gain":0,"max_hp_loss":0,"event_name":"Mysterious Sphere","floor":38,"gold_loss":0},{"damage_healed":18,"gold_gain":0,"player_choice":"Writhe","damage_taken":0,"max_hp_gain":0,"max_hp_loss":0,"event_name":"Winding Halls","floor":47,"gold_loss":0,"cards_obtained":["Writhe"]}],"is_beta":false,"boss_relics":[{"not_picked":["Fusion Hammer","Coffee Dripper"],"picked":"Ring of the Serpent"},{"not_picked":["Snecko Eye","Black Star"],"picked":"Runic Pyramid"}],"items_purged_floors":[46],"is_endless":false,"potions_floor_spawned":[2,4,11,13,16,18,27,37,48],"ascension_level":10}