{"gold_per_floor":[216,230,243,243,4,30,30,30,30,63,89,89,2,17,17,116,116,132,257,257,280,305,305,338,338,386,386,386,420,420,436,436,532,532,556,577,278,238,238,238,238,238,238,12,12,112,12,35,35,35],"floor_reached":50,"playtime":1951,"items_purged":["Strike_R","Strike_R"],"score":820,"play_id":"a70a9fdd-13bd-41ab-8b60-8436bd370dc8","local_time":"20190118200507","is_ascension_mode":true,"campfire_choices":[{"data":"Clothesline","floor":8.0,"key":"SMITH"},{"floor":12.0,"key":"REST"},{"data":"Flash of Steel","floor":15.0,"key":"SMITH"},{"floor":23.0,"key":"REST"},{"floor":25.0,"key":"DIG"},{"floor":27.0,"key":"DIG"},{"floor":30.0,"key":"DIG"},{"floor":32.0,"key":"DIG"},{"floor":40,"key":"DIG"},{"floor":49,"key":"REST"}],"neow_cost":"NONE","seed_source_timestamp":2082179445910874,"circlet_count":0,"master_deck":["AscendersBane","Strike_R","Strike_R+1","Strike_R","Defend_R","Defend_R","Defend_R","Defend_R","Bash","Iron Wave","Whirlwind","Pommel Strike","Flash of Steel+1","Clothesline+1","Inflame","Good Instincts","Cleave+1","Immolate","True Grit+1"],"special_seed":0,"relics":["Burning Blood","Pen Nib","Regal Pillow","Ginger","Golden Idol","Du-Vu Doll","StoneCalendar","Odd Mushroom","Velvet Choker","Shovel","Singing Bowl","NlothsMask","WingedGreaves","Orichalcum","Self Forming Clay","Bottled Tornado","Ancient Tea Set","Boot","Runic Pyramid","Juzu Bracelet","Bag of Marbles","Potion Belt","Paper Frog","Vajra"],"potions_floor_usage":[48,50],"damage_taken":[{"damage":6.0,"enemies":"Cultist","floor":1.0,"turns":3.0},{"damage":8.0,"enemies":"2 Louse","floor":2.0,"turns":3.0},{"damage":0.0,"enemies":"Small Slimes","floor":3.0,"turns":3.0},{"damage":35.0,"enemies":"Lagavulin","floor":6.0,"turns":6.0},{"damage":15.0,"enemies":"Gremlin Nob","floor":10.0,"turns":4.0},{"damage":14.0,"enemies":"The Mushroom Lair","floor":11.0,"turns":3.0},{"damage":13.0,"enemies":"Blue Slaver","floor":14.0,"turns":2.0},{"damage":44.0,"enemies":"Hexaghost","floor":16.0,"turns":8.0},{"damage":12.0,"enemies":"Chosen","floor":18.0,"turns":3.0},{"damage":3.0,"enemies":"Colosseum Slavers","floor":19.0,"turns":3.0},{"damage":24.0,"enemies":"Colosseum Nobs","floor":19.0,"turns":4.0},{"damage":13.0,"enemies":"2 Thieves","floor":21.0,"turns":4.0},{"damage":24.0,"enemies":"Snake Plant","floor":22.0,"turns":3.0},{"damage":19.0,"enemies":"Gremlin Leader","floor":24.0,"turns":5.0},{"damage":29.0,"enemies":"Book of Stabbing","floor":29.0,"turns":4.0},{"damage":0.0,"enemies":"Centurion and Healer","floor":31.0,"turns":5.0},{"damage":57.0,"enemies":"Collector","floor":33.0,"turns":8.0},{"damage":14.0,"enemies":"3 Shapes","floor":35.0,"turns":7.0},{"damage":13,"enemies":"Orb Walker","floor":36,"turns":4},{"damage":10,"enemies":"Writhing Mass","floor":48,"turns":2},{"damage":93,"enemies":"Time Eater","floor":50,"turns":10}],"seed_played":"8913227114620059009","potions_obtained":[{"floor":2.0,"key":"Fire Potion"},{"floor":14.0,"key":"FearPotion"},{"floor":16.0,"key":"Block Potion"},{"floor":18.0,"key":"Explosive Potion"},{"floor":21.0,"key":"PowerPotion"},{"floor":22.0,"key":"FearPotion"},{"floor":36,"key":"BloodPotion"},{"floor":48,"key":"Swift Potion"}],"is_trial":false,"path_per_floor":["M","M","M","T","$","E","?","R","T","E","?","R","$","M","R","B",null,"M","?","?","M","M","R","E","R","T","R","?","E","R","M","R","B",null,"M","M","$","?","?","R","?","$","T","$","?","?","$","M","R","B"],"character_chosen":"IRONCLAD","items_purchased":["Regal Pillow","Flash of Steel","Good Instincts","Juzu Bracelet","Bag of Marbles","Vajra"],"campfire_rested":3,"item_purchase_floors":[5,5,13,37,37,44],"current_hp_per_floor":[72,70,76,76,76,47,47,47,47,38,30,67,67,60,60,22,61,55,42,42,37,21,60,47,47,47,47,73,52,52,60,60,11,67,61,56,56,56,56,56,58,58,58,58,58,58,58,64,89,0],"gold":35,"neow_bonus":"HUNDRED_GOLD","is_prod":false,"is_daily":false,"chose_seed":false,"campfire_upgraded":2,"win_rate":0,"timestamp":1547841907,"path_taken":["M","M","?","?","$","E","?","R","T","E","?","R","?","?","R","BOSS","M","?","?","?","M","R","E","R","T","R","?","E","R","M","R","BOSS","M","M","$","?","?","R","?","$","T","$","?","?","?","M","R","BOSS"],"build_version":"2019-01-17v2","purchased_purges":2,"victory":false,"max_hp_per_floor":[80,80,80,80,80,80,74,74,74,74,74,74,74,74,74,74,74,74,76,76,78,80,80,80,80,80,80,80,82,82,84,84,86,86,88,90,90,90,90,90,92,92,92,92,87,87,87,89,89,89],"card_choices":[{"not_picked":["True Grit","Heavy Blade"],"picked":"Iron Wave","floor":1.0},{"not_picked":["Warcry","Spot Weakness"],"picked":"Whirlwind","floor":2.0},{"not_picked":["Thunderclap","Clothesline"],"picked":"Pommel Strike","floor":3.0},{"not_picked":["Juggernaut","Thunderclap"],"picked":"Clothesline","floor":6.0},{"not_picked":["Fire Breathing","Warcry","Headbutt"],"picked":"SKIP","floor":10.0},{"not_picked":["Clash","Pommel Strike"],"picked":"Inflame","floor":11.0},{"not_picked":["Rage","Sever Soul"],"picked":"Cleave","floor":14.0},{"not_picked":["Reaper","Berserk"],"picked":"Immolate","floor":16.0},{"not_picked":["Wild Strike+1","Carnage+1","Heavy Blade"],"picked":"SKIP","floor":18.0},{"not_picked":["Sword Boomerang","Clothesline","Rupture"],"picked":"Singing Bowl","floor":19.0},{"not_picked":["Body Slam","Sentinel","Iron Wave"],"picked":"Singing Bowl","floor":21.0},{"not_picked":["Sword Boomerang","Entrench","Sever Soul"],"picked":"Singing Bowl","floor":22.0},{"not_picked":["Clothesline","Havoc"],"picked":"True Grit+1","floor":24.0},{"not_picked":["Flex","Carnage","Spot Weakness+1"],"picked":"Singing Bowl","floor":29.0},{"not_picked":["Perfected Strike","Headbutt","Bloodletting"],"picked":"Singing Bowl","floor":31.0},{"not_picked":["Berserk","Brutality","Feed"],"picked":"Singing Bowl","floor":33.0},{"not_picked":["Shrug It Off","Searing Blow","Disarm+1"],"picked":"Singing Bowl","floor":35},{"not_picked":["Wild Strike","Inflame","Uppercut"],"picked":"Singing Bowl","floor":36},{"not_picked":["Purity","Jack Of All Trades","Madness"],"picked":"Singing Bowl","floor":41},{"not_picked":["Havoc+1","Sword Boomerang+1","Wild Strike"],"picked":"Singing Bowl","floor":48}],"player_experience":413949,"relics_obtained":[{"floor":4.0,"key":"Pen Nib"},{"floor":6.0,"key":"Ginger"},{"floor":9.0,"key":"Du-Vu Doll"},{"floor":10.0,"key":"StoneCalendar"},{"floor":11.0,"key":"Odd Mushroom"},{"floor":19.0,"key":"Shovel"},{"floor":19.0,"key":"Singing Bowl"},{"floor":24.0,"key":"WingedGreaves"},{"floor":25.0,"key":"Orichalcum"},{"floor":27.0,"key":"Self Forming Clay"},{"floor":29.0,"key":"Bottled Tornado"},{"floor":30.0,"key":"Ancient Tea Set"},{"floor":32.0,"key":"Boot"},{"floor":40,"key":"Potion Belt"},{"floor":43,"key":"Paper Frog"}],"event_choices":[{"damage_healed":0.0,"max_hp_gain":0.0,"max_hp_loss":6.0,"gold_gain":0.0,"event_name":"Golden Idol","player_choice":"Lose Max HP","floor":7.0,"gold_loss":0.0,"damage_taken":0.0,"relics_obtained":["Golden Idol"]},{"damage_healed":0.0,"max_hp_gain":0.0,"max_hp_loss":0.0,"gold_gain":0.0,"event_name":"Mushrooms","player_choice":"Fought Mushrooms","floor":11.0,"gold_loss":0.0,"damage_taken":0.0},{"damage_healed":0.0,"max_hp_gain":0.0,"max_hp_loss":0.0,"gold_gain":0.0,"event_name":"Colosseum","player_choice":"Fight","floor":19.0,"gold_loss":0.0,"damage_taken":0.0},{"damage_healed":0.0,"max_hp_gain":0.0,"max_hp_loss":0.0,"gold_gain":0.0,"event_name":"Colosseum","player_choice":"Fought Nobs","floor":19.0,"gold_loss":0.0,"damage_taken":0.0},{"damage_healed":0.0,"max_hp_gain":0.0,"max_hp_loss":0.0,"gold_gain":0.0,"event_name":"FaceTrader","player_choice":"Trade","floor":20.0,"gold_loss":0.0,"damage_taken":0.0,"relics_obtained":["NlothsMask"]},{"damage_healed":26.0,"max_hp_gain":0.0,"max_hp_loss":0.0,"gold_gain":0.0,"event_name":"The Library","player_choice":"Heal","floor":28.0,"gold_loss":0.0,"damage_taken":0.0},{"damage_healed":0,"gold_gain":0,"player_choice":"Upgraded Two","damage_taken":0,"max_hp_gain":0,"max_hp_loss":0,"event_name":"Designer","floor":38,"gold_loss":40,"cards_upgraded":["Strike_R","Cleave"]},{"damage_healed":0,"gold_gain":0,"player_choice":"Ignored","damage_taken":0,"max_hp_gain":0,"max_hp_loss":0,"event_name":"Tomb of Lord Red Mask","floor":39,"gold_loss":0},{"damage_healed":0,"gold_gain":0,"player_choice":"Memory 1","damage_taken":0,"max_hp_gain":0,"max_hp_loss":0,"event_name":"SensoryStone","floor":41,"gold_loss":0},{"damage_healed":0,"gold_gain":0,"player_choice":"Max HP","damage_taken":0,"max_hp_gain":0,"max_hp_loss":5,"event_name":"Winding Halls","floor":45,"gold_loss":0},{"damage_healed":0,"gold_gain":100,"player_choice":"Pray","damage_taken":0,"max_hp_gain":0,"max_hp_loss":0,"event_name":"Golden Shrine","floor":46,"gold_loss":0}],"is_beta":false,"boss_relics":[{"not_picked":["Mark of Pain","Empty Cage"],"picked":"Velvet Choker"},{"not_picked":["Orrery","Runic Dome"],"picked":"Runic Pyramid"}],"items_purged_floors":[44,47],"is_endless":false,"potions_floor_spawned":[2,14,16,18,21,22,36,48],"killed_by":"Time Eater","ascension_level":13}