{"path_per_floor":["M","?","?","M","?","R","$","E","T","R","M","R","$","M","R","B",null,"M","M","M","?","$"],"character_chosen":"IRONCLAD","items_purchased":["Body Slam","Metallicize","Apotheosis"],"gold_per_floor":[111,61,61,81,81,81,6,76,122,122,141,141,50,68,68,199,199,224,242,265,265,60],"floor_reached":23,"campfire_rested":1,"playtime":1373,"current_hp_per_floor":[80,80,74,74,74,74,74,72,72,74,74,74,74,74,74,42,74,53,57,63,63,63],"items_purged":["Strike_R"],"gold":60,"play_id":"5d40adbf-c702-4773-98f8-ae99236e4b04","is_prod":false,"is_daily":false,"is_ascension_mode":false,"campfire_upgraded":3,"path_taken":["M","?","?","M","?","R","$","E","T","R","M","R","$","M","R","BOSS","M","M","?","?","$","E"],"build_version":"2018-01-25-BETA1","purchased_purges":1,"victory":false,"master_deck":["Strike_R","Strike_R","Strike_R","Defend_R","Defend_R","Defend_R","Defend_R","Bash+1","Shrug It Off","Headbutt","Shrug It Off","Body Slam+1","Entrench+1","Body Slam","Metallicize","Infernal Blade","Impervious","Pommel Strike","Body Slam+1","Warcry+1","Decay","Apotheosis"],"max_hp_per_floor":[80,80,74,74,74,74,74,74,74,74,74,74,74,74,74,74,74,74,74,74,74,74],"relics":["Burning Blood","Golden Idol","Tiny Chest","Happy Flower","Sozu"],"card_choices":[{"not_picked":["Shockwave","Second Wind"],"picked":"Shrug It Off"},{"not_picked":["Anger","Heavy Blade"],"picked":"Headbutt"},{"not_picked":["Sword Boomerang","Cleave"],"picked":"Shrug It Off"},{"not_picked":["Shrug It Off","Clothesline"],"picked":"Body Slam"},{"not_picked":["Intimidate","Flame Barrier"],"picked":"Entrench"},{"not_picked":["Clash","Twin Strike"],"picked":"Infernal Blade"},{"not_picked":["Reaper","Limit Break"],"picked":"Impervious"},{"not_picked":["Carnage","Wild Strike"],"picked":"Pommel Strike"},{"not_picked":["Shrug It Off","Pummel"],"picked":"Body Slam"},{"not_picked":["Cleave","Sever Soul"],"picked":"Warcry"}],"player_experience":108559,"potions_floor_usage":[8,16],"damage_taken":[{"damage":5,"enemies":"Jaw Worm","floor":1,"turns":4},{"damage":5,"enemies":"2 Louse","floor":4,"turns":2},{"damage":22,"enemies":"3 Sentries","floor":8,"turns":12},{"damage":0,"enemies":"Cultist","floor":11,"turns":4},{"damage":5,"enemies":"Exordium Wildlife","floor":14,"turns":5},{"damage":38,"enemies":"Slime Boss","floor":16,"turns":13},{"damage":27,"enemies":"Spheric Guardian","floor":18,"turns":6},{"damage":2,"enemies":"Chosen","floor":19,"turns":7},{"damage":0,"enemies":"Snake Plant","floor":20,"turns":4},{"damage":69,"enemies":"Gremlin Leader","floor":23,"turns":7}],"event_choices":[{"event_name":"The Cleric","player_choice":"Card Removal","floor":2,"damage_taken":0},{"event_name":"Golden Idol","player_choice":"Lose Max HP","floor":3,"damage_taken":0},{"event_name":"Match and Keep!","player_choice":"0 cards matched","floor":5,"damage_taken":0},{"event_name":"Wheel of Change","player_choice":"Curse","floor":21,"damage_taken":0}],"boss_relics":[{"not_picked":["Question Card","Lizard Tail"],"picked":"Sozu"}],"potions_floor_spawned":[4,8,18],"seed_played":"-3658911420193369708","killed_by":"Gremlin Leader","ascension_level":0,"is_trial":false}