{"gold_per_floor":[119,269,269,285,305,305,325,384,410,410,65,95,27,0,0,0],"floor_reached":16,"playtime":549,"items_purged":["Doubt"],"score":189,"play_id":"9a0af412-003d-436b-b8c2-b7c22ac3b8b9","local_time":"20190201145010","is_ascension_mode":true,"campfire_choices":[{"data":"Pain","floor":6,"key":"PURGE"},{"floor":10,"key":"REST"},{"data":"Discovery","floor":15,"key":"SMITH"}],"neow_cost":"CURSE","seed_source_timestamp":520704460244601,"circlet_count":0,"master_deck":["AscendersBane","Strike_R","Strike_R","Strike_R","Strike_R","Strike_R","Defend_R","Defend_R","Defend_R","Defend_R","Bash","True Grit","Pommel Strike","Carnage","True Grit","Discovery+1","Spot Weakness"],"relics":["Burning Blood","Peace Pipe","Lantern","Tiny Chest","Smiling Mask","HandDrill","Letter Opener"],"potions_floor_usage":[8],"damage_taken":[{"damage":10,"enemies":"Cultist","floor":1,"turns":4},{"damage":6,"enemies":"2 Louse","floor":4,"turns":3},{"damage":19,"enemies":"Jaw Worm","floor":5,"turns":4},{"damage":0,"enemies":"Large Slime","floor":7,"turns":5},{"damage":41,"enemies":"3 Sentries","floor":8,"turns":10},{"damage":19,"enemies":"Lagavulin","floor":12,"turns":7},{"damage":25,"enemies":"Hexaghost","floor":16,"turns":7}],"seed_played":"1325902031340456773","potions_obtained":[{"floor":1,"key":"LiquidBronze"},{"floor":5,"key":"SteroidPotion"}],"is_trial":false,"path_per_floor":["M","?","?","M","M","R","M","E","T","R","$","E","$","?","R","B"],"character_chosen":"IRONCLAD","items_purchased":["Discovery","HandDrill","Spot Weakness"],"campfire_rested":1,"item_purchase_floors":[11,11,13],"current_hp_per_floor":[64,64,53,53,40,40,46,11,11,33,33,20,20,20,20,0],"gold":0,"neow_bonus":"ONE_RARE_RELIC","is_prod":false,"is_daily":false,"chose_seed":false,"campfire_upgraded":1,"win_rate":0,"timestamp":1549032610,"path_taken":["M","?","?","M","M","R","M","E","T","R","?","E","$","?","R","BOSS"],"build_version":"2019-01-23","purchased_purges":1,"victory":false,"max_hp_per_floor":[75,75,75,75,75,75,75,75,75,75,75,75,75,75,75,75],"card_choices":[{"not_picked":["Twin Strike","Evolve"],"picked":"True Grit","floor":1},{"not_picked":["Body Slam","Wild Strike"],"picked":"Pommel Strike","floor":4},{"not_picked":["Thunderclap","Spot Weakness"],"picked":"Carnage","floor":5},{"not_picked":["Flex","Wild Strike","Body Slam"],"picked":"SKIP","floor":7},{"not_picked":["Flex","Carnage"],"picked":"True Grit","floor":8},{"not_picked":["Perfected Strike","Fire Breathing","Cleave"],"picked":"SKIP","floor":12}],"player_experience":172813,"relics_obtained":[{"floor":8,"key":"Tiny Chest"},{"floor":9,"key":"Smiling Mask"},{"floor":12,"key":"Letter Opener"}],"event_choices":[{"damage_healed":0,"gold_gain":150,"player_choice":"AGREE","damage_taken":0,"max_hp_gain":0,"max_hp_loss":0,"event_name":"Liars Game","floor":2,"gold_loss":0,"cards_obtained":["Doubt"]},{"damage_healed":0,"gold_gain":0,"player_choice":"Success","damage_taken":11,"relics_obtained":["Lantern"],"max_hp_gain":0,"max_hp_loss":0,"event_name":"Scrap Ooze","floor":3,"gold_loss":0},{"damage_healed":0,"gold_gain":0,"player_choice":"Left Gold","damage_taken":0,"max_hp_gain":0,"max_hp_loss":0,"event_name":"World of Goop","floor":14,"gold_loss":27}],"is_beta":false,"boss_relics":[],"items_purged_floors":[11],"is_endless":false,"potions_floor_spawned":[1,5],"killed_by":"Hexaghost","ascension_level":15}