{"gold_per_floor":[115,127,144,144,69,69,100,65,65,81,81,81,112,127,127,206,206,224,40,50,65,65,65,65,14,38,38,38,52,52,75,75,148,148,159,159,159,177,177],"floor_reached":39,"playtime":1405,"items_purged":["Strike_R"],"score":828,"play_id":"2340ddbd-1d4b-4109-b4a5-2dbad0dbe710","local_time":"20190429140153","is_ascension_mode":true,"campfire_choices":[{"data":"Bash","floor":6.0,"key":"SMITH"},{"data":"Armaments","floor":12.0,"key":"SMITH"},{"data":"Corruption","floor":15.0,"key":"SMITH"},{"floor":23.0,"key":"REST"},{"floor":28.0,"key":"REST"},{"floor":30,"key":"REST"},{"data":"True Grit","floor":32,"key":"SMITH"}],"neow_cost":"NONE","seed_source_timestamp":3631428964017668,"circlet_count":0,"master_deck":["AscendersBane","Strike_R","Strike_R","Defend_R","Defend_R","Defend_R+1","Defend_R","Bash+1","Inflame+1","Headbutt","Dropkick","Dropkick+1","Armaments+1","Carnage+1","Corruption+1","True Grit+1","Shrug It Off+1","Shrug It Off","Shrug It Off","Shrug It Off","Impervious","Trip","Shrug It Off+1"],"special_seed":0,"relics":["Burning Blood","Ancient Tea Set","Molten Egg 2","Vajra","Prayer Wheel","Runic Dome","Anchor","Orichalcum","Eternal Feather"],"potions_floor_usage":[33],"damage_taken":[{"damage":7.0,"enemies":"Cultist","floor":1.0,"turns":4.0},{"damage":14.0,"enemies":"Jaw Worm","floor":2.0,"turns":3.0},{"damage":10.0,"enemies":"Small Slimes","floor":3.0,"turns":3.0},{"damage":20.0,"enemies":"Lagavulin","floor":7.0,"turns":6.0},{"damage":14.0,"enemies":"2 Fungi Beasts","floor":10.0,"turns":4.0},{"damage":12.0,"enemies":"3 Sentries","floor":13.0,"turns":4.0},{"damage":3.0,"enemies":"Looter","floor":14.0,"turns":2.0},{"damage":21.0,"enemies":"Hexaghost","floor":16.0,"turns":6.0},{"damage":19.0,"enemies":"Spheric Guardian","floor":18.0,"turns":4.0},{"damage":18.0,"enemies":"Chosen","floor":20.0,"turns":4.0},{"damage":27.0,"enemies":"Shelled Parasite and Fungi","floor":21.0,"turns":4.0},{"damage":8,"enemies":"Cultist and Chosen","floor":29,"turns":6},{"damage":30,"enemies":"Champ","floor":33,"turns":7},{"damage":17,"enemies":"3 Shapes","floor":35,"turns":7},{"damage":25,"enemies":"Orb Walker","floor":38,"turns":4},{"damage":39,"enemies":"Sphere and 2 Shapes","floor":39,"turns":5}],"seed_played":"4876663973665705228","potions_obtained":[{"floor":1.0,"key":"SpeedPotion"},{"floor":2.0,"key":"SteroidPotion"},{"floor":7.0,"key":"AttackPotion"},{"floor":13.0,"key":"Swift Potion"},{"floor":29,"key":"Strength Potion"},{"floor":33,"key":"Strength Potion"},{"floor":35,"key":"Strength Potion"}],"is_trial":false,"path_per_floor":["M","M","M","?","$","R","E","?","T","M","?","R","E","M","R","B",null,"M","$","M","M","?","R","?","$","T","?","R","M","R","T","R","B",null,"M","?","?","M","M"],"character_chosen":"IRONCLAD","items_purchased":["Dropkick","EntropicBrew","Shrug It Off"],"campfire_rested":3,"item_purchase_floors":[5,19,25],"current_hp_per_floor":[67,59,55,55,55,55,41,59,59,51,28,28,22,25,25,10,59,46,46,34,13,13,35,35,35,35,14,38,36,60,60,60,36,69,58,58,58,39,0],"gold":177,"neow_bonus":"RANDOM_COMMON_RELIC","is_prod":false,"is_daily":false,"chose_seed":false,"campfire_upgraded":4,"win_rate":0,"timestamp":1556542913,"path_taken":["M","?","M","?","$","R","E","?","T","M","?","R","E","M","R","BOSS","M","$","M","M","?","R","?","$","T","?","R","M","R","?","R","BOSS","M","?","?","?","M"],"build_version":"2019-01-23","purchased_purges":1,"victory":false,"max_hp_per_floor":[75,75,75,75,75,75,75,75,75,75,75,75,75,75,75,75,75,75,75,75,75,75,75,75,75,75,80,80,80,80,80,80,80,80,80,80,80,80,80],"card_choices":[{"not_picked":["Sever Soul","Combust"],"picked":"Inflame","floor":1.0},{"not_picked":["Perfected Strike","Second Wind"],"picked":"Headbutt","floor":2.0},{"not_picked":["Headbutt","Warcry"],"picked":"Dropkick","floor":3.0},{"not_picked":["Barricade","Battle Trance"],"picked":"Armaments","floor":7.0},{"not_picked":["Havoc","Body Slam+1"],"picked":"Carnage+1","floor":10.0},{"not_picked":["Heavy Blade+1","Sword Boomerang+1","Perfected Strike+1"],"picked":"SKIP","floor":13.0},{"not_picked":["Perfected Strike+1","Clothesline+1"],"picked":"Corruption","floor":14.0},{"not_picked":["Flex","Twin Strike+1","Cleave+1"],"picked":"SKIP","floor":14.0},{"not_picked":["Hemokinesis+1","Reckless Charge+1"],"picked":"True Grit","floor":18.0},{"not_picked":["Shockwave","Sword Boomerang+1"],"picked":"Shrug It Off+1","floor":18.0},{"not_picked":["Havoc","Headbutt+1"],"picked":"Shrug It Off","floor":20.0},{"not_picked":["Blood for Blood+1","Berserk","Flame Barrier"],"picked":"SKIP","floor":20.0},{"not_picked":["Wild Strike+1","Armaments"],"picked":"Shrug It Off","floor":21.0},{"not_picked":["Body Slam+1","Corruption","Sword Boomerang+1"],"picked":"SKIP","floor":21.0},{"not_picked":["Armaments","Inflame","Clothesline+1"],"picked":"SKIP","floor":29},{"not_picked":["Second Wind+1","Uppercut+1","Metallicize"],"picked":"SKIP","floor":29},{"not_picked":["Dark Embrace","Berserk"],"picked":"Impervious","floor":33},{"not_picked":["Power Through","Twin Strike+1","Flame Barrier"],"picked":"SKIP","floor":35},{"not_picked":["Feel No Pain","Twin Strike+1","Iron Wave+1"],"picked":"SKIP","floor":35},{"not_picked":["PanicButton","Enlightenment"],"picked":"Trip","floor":36},{"not_picked":["Clash+1","Metallicize+1"],"picked":"Shrug It Off+1","floor":38},{"not_picked":["Corruption","Thunderclap+1","Warcry"],"picked":"SKIP","floor":38}],"player_experience":722737,"relics_obtained":[{"floor":7.0,"key":"Molten Egg 2"},{"floor":9.0,"key":"Vajra"},{"floor":13.0,"key":"Prayer Wheel"},{"floor":26.0,"key":"Anchor"},{"floor":31,"key":"Orichalcum"}],"event_choices":[{"cards_removed":["Strike_R"],"damage_healed":0.0,"max_hp_gain":0.0,"max_hp_loss":0.0,"gold_gain":0.0,"event_name":"Living Wall","player_choice":"Forget","floor":4.0,"gold_loss":0.0,"damage_taken":0.0},{"damage_healed":18.0,"max_hp_gain":0.0,"max_hp_loss":0.0,"gold_gain":0.0,"event_name":"The Cleric","player_choice":"Healed","floor":8.0,"gold_loss":35.0,"damage_taken":0.0},{"damage_healed":0.0,"max_hp_gain":0.0,"max_hp_loss":0.0,"gold_gain":0.0,"event_name":"Shining Light","player_choice":"Entered Light","floor":11.0,"gold_loss":0.0,"damage_taken":23.0,"cards_upgraded":["Defend_R","Dropkick"]},{"cards_removed":["Strike_R"],"damage_healed":0.0,"max_hp_gain":0.0,"max_hp_loss":0.0,"gold_gain":0.0,"event_name":"Back to Basics","player_choice":"Elegance","floor":22.0,"gold_loss":0.0,"damage_taken":0.0},{"damage_healed":0.0,"max_hp_gain":0.0,"max_hp_loss":0.0,"gold_gain":0.0,"event_name":"Vampires","player_choice":"Ignored","floor":24.0,"gold_loss":0.0,"damage_taken":0.0},{"damage_healed":0.0,"max_hp_gain":5.0,"max_hp_loss":0.0,"gold_gain":0.0,"event_name":"Forgotten Altar","player_choice":"Shed Blood","floor":27.0,"gold_loss":0.0,"damage_taken":26.0},{"damage_healed":0,"gold_gain":0,"player_choice":"Memory 1","damage_taken":0,"max_hp_gain":0,"max_hp_loss":0,"event_name":"SensoryStone","floor":36,"gold_loss":0},{"damage_healed":0,"gold_gain":0,"player_choice":"Upgraded","damage_taken":0,"max_hp_gain":0,"max_hp_loss":0,"event_name":"Upgrade Shrine","floor":37,"gold_loss":0,"cards_upgraded":["Inflame"]}],"is_beta":false,"boss_relics":[{"not_picked":["Velvet Choker","Sozu"],"picked":"Runic Dome"},{"not_picked":["Astrolabe","Orrery"],"picked":"Eternal Feather"}],"items_purged_floors":[19],"is_endless":false,"potions_floor_spawned":[1,2,7,13,29,33,35],"killed_by":"Sphere and 2 Shapes","ascension_level":19}