{"path_per_floor":["M","M","M","?","$","M","E","R","T","R","?","M","M","E","R"],"character_chosen":"THE_SILENT","items_purchased":["Backstab","Cloak And Dagger"],"gold_per_floor":[115,127,138,313,150,167,197,197,197,197,197,209,221,254,254,254],"floor_reached":16,"campfire_rested":2,"playtime":3708,"current_hp_per_floor":[63,59,59,59,59,55,38,59,59,59,59,59,58,32,53,0],"items_purged":["Doubt"],"gold":254,"score":162,"play_id":"f3bf27de-60e0-4572-addd-4c0c5423a17a","local_time":"20180421110404","is_prod":false,"is_daily":false,"chose_seed":false,"is_ascension_mode":true,"campfire_upgraded":1,"timestamp":1524330244,"path_taken":["M","?","M","?","$","M","E","R","T","R","?","M","M","E","R","BOSS"],"build_version":"2018-04-19","seed_source_timestamp":262411876295268,"purchased_purges":1,"victory":false,"master_deck":["Defend_G","Defend_G","Defend_G","Defend_G","Defend_G","Strike_G","Strike_G","Strike_G","Strike_G","Strike_G","Survivor","Neutralize","Cloak And Dagger+1","Quick Slash","Acrobatics","Slice","Prepared","Accuracy","Predator","Backstab","Cloak And Dagger+1","Calculated Gamble","Finisher"],"max_hp_per_floor":[70,70,70,70,70,70,70,70,70,70,70,70,70,70,70,70],"relics":["Orrery","The Specimen","Dodecahedron","Bottled Flame"],"card_choices":[{"not_picked":["Poisoned Stab","Bane"],"picked":"Cloak And Dagger","floor":0},{"not_picked":["Slice","Sucker Punch"],"picked":"Quick Slash","floor":0},{"not_picked":["Bane","Dodge and Roll"],"picked":"Acrobatics","floor":0},{"not_picked":["Deflect","Bane"],"picked":"Slice","floor":0},{"not_picked":["Quick Slash","Dagger Throw"],"picked":"Prepared","floor":0},{"not_picked":["Tools of the Trade","Cloak And Dagger"],"picked":"Accuracy","floor":1},{"not_picked":["Slice","Bane"],"picked":"Predator","floor":2},{"not_picked":["Escape Plan","Expertise"],"picked":"Calculated Gamble","floor":7},{"not_picked":["Dagger Throw","Prepared"],"picked":"Finisher","floor":14}],"player_experience":318852,"potions_floor_usage":[7,12],"damage_taken":[{"damage":0,"enemies":"Cultist","floor":1,"turns":4},{"damage":4,"enemies":"Jaw Worm","floor":2,"turns":3},{"damage":0,"enemies":"2 Louse","floor":3,"turns":2},{"damage":4,"enemies":"Red Slaver","floor":6,"turns":4},{"damage":17,"enemies":"3 Sentries","floor":7,"turns":7},{"damage":0,"enemies":"Large Slime","floor":12,"turns":6},{"damage":1,"enemies":"3 Louse","floor":13,"turns":4},{"damage":26,"enemies":"Lagavulin","floor":14,"turns":6},{"damage":67,"enemies":"Slime Boss","floor":16,"turns":8}],"event_choices":[{"event_name":"Liars Game","player_choice":"agreed","floor":4,"damage_taken":0},{"event_name":"Upgrade Shrine","player_choice":"Upgraded","floor":11,"damage_taken":0}],"boss_relics":[],"potions_floor_spawned":[2,3,12],"seed_played":"-9091102816365484330","killed_by":"Slime Boss","ascension_level":9,"is_trial":false}