{"gold_per_floor":[114,124,141,153,173,173,187,207,207,173,173,173,19,34,34,34],"floor_reached":16,"playtime":1353,"items_purged":[],"score":98,"play_id":"be16202e-c753-4198-b545-2ce6e576700d","local_time":"20180729023411","is_ascension_mode":false,"campfire_choices":[{"data":"Hologram","floor":6.0,"key":"SMITH"},{"floor":11,"key":"REST"},{"floor":15,"key":"REST"}],"neow_cost":"NONE","seed_source_timestamp":0,"circlet_count":0,"master_deck":["Strike_B","Strike_B","Strike_B","Strike_B","Defend_B","Defend_B","Defend_B","Defend_B","Zap","Dualcast","Fission","Hologram+1","Stack","Rebound","Conserve Battery","Go for the Eyes","Madness","Ball Lightning"],"special_seed":0,"relics":["Cracked Core","Shuriken","Orichalcum"],"potions_floor_usage":[16,16],"damage_taken":[{"damage":0.0,"enemies":"2 Louse","floor":1.0,"turns":1.0},{"damage":0.0,"enemies":"Cultist","floor":2.0,"turns":4.0},{"damage":0.0,"enemies":"Small Slimes","floor":3.0,"turns":3.0},{"damage":39.0,"enemies":"Exordium Thugs","floor":4.0,"turns":7.0},{"damage":0.0,"enemies":"Red Slaver","floor":5.0,"turns":4.0},{"damage":7.0,"enemies":"Looter","floor":7.0,"turns":4.0},{"damage":9.0,"enemies":"Blue Slaver","floor":8.0,"turns":4.0},{"damage":14.0,"enemies":"Exordium Thugs","floor":10.0,"turns":6.0},{"damage":2,"enemies":"2 Fungi Beasts","floor":14,"turns":4},{"damage":48,"enemies":"Hexaghost","floor":16,"turns":9}],"seed_played":"4164366234831533219","potions_obtained":[{"floor":8.0,"key":"Dexterity Potion"},{"floor":10.0,"key":"FearPotion"},{"floor":14,"key":"Explosive Potion"}],"is_trial":false,"path_per_floor":["M","M","M","M","M","R","M","M","T","M","R","?","$","M","R"],"character_chosen":"DEFECT","items_purchased":["Orichalcum"],"campfire_rested":2,"item_purchase_floors":[13],"current_hp_per_floor":[75,75,75,36,36,36,29,20,20,6,28,28,28,26,48,0],"gold":34,"neow_bonus":"ONE_RANDOM_RARE_CARD","is_prod":false,"is_daily":false,"chose_seed":false,"campfire_upgraded":1,"win_rate":0,"timestamp":1532842451,"path_taken":["M","M","M","M","M","R","M","M","T","M","R","?","$","?","R","BOSS"],"build_version":"2018-07-26","purchased_purges":0,"victory":false,"max_hp_per_floor":[75,75,75,75,75,75,75,75,75,75,75,75,75,75,75,75],"card_choices":[{"not_picked":["Gash","Steam","Streamline"],"picked":"SKIP","floor":1.0},{"not_picked":["Cold Snap","Compile Driver"],"picked":"Hologram","floor":2.0},{"not_picked":["Gash","Hello World"],"picked":"Stack","floor":3.0},{"not_picked":["Streamline","Reboot"],"picked":"Rebound","floor":4.0},{"not_picked":["Streamline","Rebound"],"picked":"Conserve Battery","floor":5.0},{"not_picked":["Recycle","Cold Snap","Doom and Gloom"],"picked":"SKIP","floor":7.0},{"not_picked":["Sweeping Beam","Melter","Coolheaded"],"picked":"SKIP","floor":8.0},{"not_picked":["Stack","Darkness"],"picked":"Go for the Eyes","floor":10.0},{"not_picked":["Conserve Battery","Chill"],"picked":"Ball Lightning","floor":14}],"player_experience":317754,"relics_obtained":[{"floor":9.0,"key":"Shuriken"}],"event_choices":[{"event_name":"Match and Keep!","player_choice":"1 cards matched","floor":12,"damage_taken":0}],"is_beta":false,"boss_relics":[],"items_purged_floors":[],"is_endless":false,"potions_floor_spawned":[8,10,14],"killed_by":"Hexaghost","ascension_level":0}