{"gold_per_floor":[119,119,132,151,151,151,166,179,232,250,274,290,309,17,17,117,117,135,10,22,38,38,38,38,49,72,171,171,186,215,225,225,330,330,343,192,202,202,202,202,215,215,265,265],"floor_reached":44,"playtime":3054,"items_purged":["Strike_B"],"score":762,"play_id":"60a50877-affc-4b03-9e23-124aed71e715","local_time":"20190114183455","is_ascension_mode":true,"campfire_choices":[{"data":"Barrage","floor":6.0,"key":"SMITH"},{"data":"Glacier","floor":15,"key":"SMITH"},{"data":"Glacier","floor":23,"key":"SMITH"},{"data":"Buffer","floor":32,"key":"SMITH"},{"data":"Stack","floor":40,"key":"SMITH"}],"neow_cost":"NONE","seed_source_timestamp":1729723849061621,"circlet_count":0,"master_deck":["Defend_B","Defend_B","Defend_B","Dualcast","Conserve Battery","Cold Snap","Barrage+1","Blizzard+1","Capacitor","Genetic Algorithm","Glacier+1","Compile Driver+1","Steam","Barrage","Buffer+1","Glacier+1","Barrage","Stack+1","Auto Shields","Leap","Leap","BootSequence","Doom and Gloom","Capacitor","Compile Driver+1","Core Surge","Leap","Cold Snap","Reboot","Steam Power+1","Barrage+1","Capacitor+1","Steam+1","Blizzard","Undo","Writhe","Leap+1"],"special_seed":0,"relics":["Coffee Dripper","Odd Mushroom","Membership Card","Whetstone","Orrery","Bag of Preparation","Regal Pillow","Nloth\u0027s Gift","Bottled Lightning","Astrolabe","Centennial Puzzle","Strawberry"],"potions_floor_usage":[16,33,33,41],"damage_taken":[{"damage":7.0,"enemies":"Jaw Worm","floor":1.0,"turns":3.0},{"damage":0.0,"enemies":"Cultist","floor":3.0,"turns":3.0},{"damage":0.0,"enemies":"Small Slimes","floor":4.0,"turns":4.0},{"damage":4.0,"enemies":"Looter","floor":7.0,"turns":4.0},{"damage":0.0,"enemies":"Exordium Wildlife","floor":8.0,"turns":4.0},{"damage":4.0,"enemies":"2 Fungi Beasts","floor":10.0,"turns":3.0},{"damage":26.0,"enemies":"The Mushroom Lair","floor":11.0,"turns":5.0},{"damage":16.0,"enemies":"3 Louse","floor":12.0,"turns":5.0},{"damage":14.0,"enemies":"Exordium Thugs","floor":13.0,"turns":6.0},{"damage":0,"enemies":"Hexaghost","floor":16,"turns":11},{"damage":34,"enemies":"3 Byrds","floor":18,"turns":8},{"damage":5,"enemies":"Shell Parasite","floor":20,"turns":9},{"damage":0,"enemies":"Centurion and Healer","floor":21,"turns":11},{"damage":0,"enemies":"Snecko","floor":25,"turns":9},{"damage":3,"enemies":"Chosen and Byrds","floor":29,"turns":8},{"damage":18,"enemies":"Book of Stabbing","floor":30,"turns":8},{"damage":8,"enemies":"Snake Plant","floor":31,"turns":8},{"damage":6,"enemies":"Automaton","floor":33,"turns":15},{"damage":27,"enemies":"3 Darklings","floor":35,"turns":6},{"damage":9,"enemies":"Orb Walker","floor":37,"turns":6},{"damage":28,"enemies":"4 Shapes","floor":41,"turns":27},{"damage":40,"enemies":"Reptomancer","floor":44,"turns":13}],"seed_played":"-8061306861854114857","potions_obtained":[{"floor":4.0,"key":"FearPotion"},{"floor":5.0,"key":"Fruit Juice"},{"floor":5.0,"key":"EssenceOfSteel"},{"floor":5.0,"key":"FairyPotion"},{"floor":16,"key":"Strength Potion"},{"floor":18,"key":"Fire Potion"},{"floor":31,"key":"FocusPotion"},{"floor":33,"key":"SteroidPotion"},{"floor":41,"key":"Strength Potion"}],"is_trial":false,"path_per_floor":["M","?","M","M","?","R","M","M","T","M","?","M","M","$","R","B",null,"M","$","M","M","?","R","?","M","T","?","?","M","E","M","R","B",null,"M","$","M","?","?","R","M","?","T","E"],"character_chosen":"DEFECT","items_purchased":["Membership Card","Whetstone","Barrage","Bag of Preparation","Blizzard","Undo","Centennial Puzzle"],"campfire_rested":0,"item_purchase_floors":[14,14,14,19,36,36,36],"current_hp_per_floor":[61,61,61,61,66,66,62,62,62,58,32,16,2,2,2,2,61,27,27,22,22,48,48,48,48,48,48,48,45,27,19,19,13,63,36,36,27,27,47,47,19,19,26,0],"gold":265,"neow_bonus":"BOSS_RELIC","is_prod":false,"is_daily":false,"chose_seed":false,"campfire_upgraded":5,"win_rate":0,"timestamp":1547490895,"path_taken":["M","?","M","M","?","R","?","M","T","M","?","M","M","$","R","BOSS","M","$","M","M","?","R","?","M","T","?","?","M","E","?","R","BOSS","M","$","M","?","?","R","M","?","T","E"],"build_version":"2019-01-10","purchased_purges":1,"victory":false,"max_hp_per_floor":[75,75,75,75,80,80,80,80,80,80,80,80,80,80,80,80,80,80,80,80,80,80,80,80,80,80,80,80,80,80,80,80,80,80,80,80,80,80,80,80,80,80,87,87],"card_choices":[{"not_picked":["Hologram","Coolheaded"],"picked":"Conserve Battery","floor":1.0},{"not_picked":["Rebound","Glacier"],"picked":"Cold Snap","floor":3.0},{"not_picked":["Turbo","Multi-Cast"],"picked":"Barrage","floor":4.0},{"not_picked":["Gash","Auto Shields"],"picked":"Blizzard","floor":7.0},{"not_picked":["Barrage","Turbo"],"picked":"Capacitor","floor":8.0},{"not_picked":["Barrage","Capacitor"],"picked":"Genetic Algorithm","floor":10.0},{"not_picked":["Lockon","Ball Lightning"],"picked":"Glacier","floor":11.0},{"not_picked":["Steam","Double Energy"],"picked":"Compile Driver","floor":12.0},{"not_picked":["Heatsinks","Recycle"],"picked":"Steam","floor":13.0},{"not_picked":["Reboot","Core Surge"],"picked":"Buffer","floor":16},{"not_picked":["Compile Driver","Barrage"],"picked":"Glacier","floor":17},{"not_picked":["Static Discharge","Compile Driver"],"picked":"Barrage","floor":17},{"not_picked":["Echo Form","Hologram"],"picked":"Stack","floor":17},{"not_picked":["Chaos","Heatsinks"],"picked":"Auto Shields","floor":17},{"not_picked":["Double Energy","Doom and Gloom"],"picked":"Leap","floor":17},{"not_picked":["Go for the Eyes","Capacitor","Barrage+1"],"picked":"SKIP","floor":18},{"not_picked":["Aggregate","Stack"],"picked":"Leap","floor":20},{"not_picked":["Amplify","Go for the Eyes"],"picked":"BootSequence","floor":21},{"not_picked":["Steam","Go for the Eyes+1"],"picked":"Compile Driver+1","floor":25},{"not_picked":["Gash","Static Discharge"],"picked":"Core Surge","floor":29},{"not_picked":["Rainbow","Skim"],"picked":"Leap","floor":30},{"not_picked":["Go for the Eyes","Static Discharge"],"picked":"Cold Snap","floor":31},{"not_picked":["Multi-Cast","Biased Cognition"],"picked":"Reboot","floor":33},{"not_picked":["Aggregate","Force Field+1"],"picked":"Steam+1","floor":35},{"not_picked":["Turbo+1","Genetic Algorithm","Hologram"],"picked":"SKIP","floor":37},{"not_picked":["Stack","Steam Power+1"],"picked":"Leap+1","floor":41}],"player_experience":295496,"relics_obtained":[{"floor":9.0,"key":"Smiling Mask"},{"floor":11.0,"key":"Odd Mushroom"},{"floor":26,"key":"Regal Pillow"},{"floor":30,"key":"Bottled Lightning"},{"floor":43,"key":"Strawberry"}],"event_choices":[{"damage_healed":0.0,"max_hp_gain":0.0,"max_hp_loss":0.0,"gold_gain":0.0,"event_name":"Shining Light","player_choice":"Ignored","floor":2.0,"gold_loss":0.0,"damage_taken":0.0},{"damage_healed":0.0,"max_hp_gain":0.0,"max_hp_loss":0.0,"gold_gain":0.0,"event_name":"Lab","player_choice":"Got Potions","floor":5.0,"gold_loss":0.0,"damage_taken":0.0},{"damage_healed":0.0,"max_hp_gain":0.0,"max_hp_loss":0.0,"gold_gain":0.0,"event_name":"Mushrooms","player_choice":"Fought Mushrooms","floor":11.0,"gold_loss":0.0,"damage_taken":0.0},{"damage_healed":26,"gold_gain":0,"player_choice":"Heal","damage_taken":0,"max_hp_gain":0,"max_hp_loss":0,"event_name":"The Library","floor":22,"gold_loss":0},{"damage_healed":0,"gold_gain":0,"cards_transformed":["Strike_B","Strike_B"],"player_choice":"Became Test Subject","damage_taken":0,"max_hp_gain":0,"max_hp_loss":0,"event_name":"Drug Dealer","floor":24,"gold_loss":0,"cards_obtained":["Doom and Gloom","Capacitor"]},{"damage_healed":0,"gold_gain":99,"player_choice":"Stole From Cult","damage_taken":0,"max_hp_gain":0,"max_hp_loss":0,"event_name":"Nest","floor":27,"gold_loss":0},{"damage_healed":0,"gold_gain":0,"player_choice":"Traded Relic","damage_taken":0,"relics_obtained":["Nloth\u0027s Gift"],"max_hp_gain":0,"max_hp_loss":0,"event_name":"N\u0027loth","floor":28,"relics_lost":["Smiling Mask"],"gold_loss":0},{"damage_healed":0,"gold_gain":0,"player_choice":"Ignored","damage_taken":0,"max_hp_gain":0,"max_hp_loss":0,"event_name":"Mysterious Sphere","floor":38,"gold_loss":0},{"damage_healed":20,"gold_gain":0,"player_choice":"Writhe","damage_taken":0,"max_hp_gain":0,"max_hp_loss":0,"event_name":"Winding Halls","floor":39,"gold_loss":0,"cards_obtained":["Writhe"]},{"damage_healed":0,"gold_gain":0,"player_choice":"Leave","damage_taken":0,"max_hp_gain":0,"max_hp_loss":0,"event_name":"FaceTrader","floor":42,"gold_loss":0}],"is_beta":false,"boss_relics":[{"not_picked":["Nuclear Battery","Velvet Choker"],"picked":"Orrery"},{"not_picked":["Calling Bell","Black Star"],"picked":"Astrolabe"}],"items_purged_floors":[19],"is_endless":false,"potions_floor_spawned":[4,8,11,16,18,31,33,41],"killed_by":"Reptomancer","ascension_level":9}