{"gold_per_floor":[111,124,124,124,124,155,155,182,229,194,194,48,67,78,78,173,173,189,204,221,221,221,253,272,307,330,24,39,56,56,73,73,168,168,186,206,116,133,94,94,129,129,153,53,53,70,100,135,135,155],"floor_reached":51,"playtime":2215,"items_purged":["Strike_G+1","Neutralize"],"score":1059,"play_id":"d0c6e8ce-6756-4c80-8f79-4b51dd77cffb","local_time":"20190112224607","is_ascension_mode":true,"campfire_choices":[{"data":"Riddle With Holes","floor":7.0,"key":"SMITH"},{"floor":15.0,"key":"REST"},{"floor":30.0,"key":"REST"},{"floor":32.0,"key":"REST"},{"data":"Catalyst","floor":40.0,"key":"SMITH"},{"floor":45,"key":"REST"},{"floor":49,"key":"REST"}],"neow_cost":"NONE","seed_source_timestamp":1572850385997220,"circlet_count":0,"master_deck":["Defend_G+1","Defend_G+1","Defend_G+1","Defend_G+1","Defend_G+1","Strike_G+1","Strike_G+1","Strike_G+1","Survivor","Sucker Punch","Riddle With Holes+1","Blur","Dagger Throw","Corpse Explosion","Corpse Explosion","Catalyst+1","Eviscerate","Terror","Dash","Dash","Dash+1","Flying Knee","Dash+1","Eviscerate+1","Corpse Explosion","Dagger Throw","Backflip+1","Poisoned Stab+1","Riddle With Holes","Reflex+1","HandOfGreed","Acrobatics","Dash+1"],"special_seed":0,"relics":["Ring of the Snake","NeowsBlessing","Centennial Puzzle","Bronze Scales","Orichalcum","GremlinMask","Lantern","Snecko Eye","Mercury Hourglass","Gremlin Horn","Blood Vial","DollysMirror","WristBlade","Potion Belt","Juzu Bracelet","Sundial"],"potions_floor_usage":[50,50,50,50,50,50,50,50,50,50],"damage_taken":[{"damage":0.0,"enemies":"Cultist","floor":1.0,"turns":1.0},{"damage":0.0,"enemies":"Small Slimes","floor":2.0,"turns":1.0},{"damage":0.0,"enemies":"Lagavulin","floor":6.0,"turns":1.0},{"damage":42.0,"enemies":"3 Sentries","floor":8.0,"turns":11.0},{"damage":0.0,"enemies":"Jaw Worm","floor":13.0,"turns":3.0},{"damage":3.0,"enemies":"Looter","floor":14.0,"turns":2.0},{"damage":24.0,"enemies":"The Guardian","floor":16.0,"turns":15.0},{"damage":0.0,"enemies":"Chosen","floor":18.0,"turns":4.0},{"damage":13.0,"enemies":"Spheric Guardian","floor":19.0,"turns":5.0},{"damage":0.0,"enemies":"Snake Plant","floor":20.0,"turns":4.0},{"damage":14.0,"enemies":"Slavers","floor":23.0,"turns":2.0},{"damage":0.0,"enemies":"3 Cultists","floor":24.0,"turns":3.0},{"damage":8.0,"enemies":"Book of Stabbing","floor":25.0,"turns":5.0},{"damage":3.0,"enemies":"Centurion and Healer","floor":28.0,"turns":2.0},{"damage":11.0,"enemies":"Sentry and Sphere","floor":29.0,"turns":4.0},{"damage":1.0,"enemies":"Snake Plant","floor":31.0,"turns":2.0},{"damage":53.0,"enemies":"Champ","floor":33.0,"turns":10.0},{"damage":1.0,"enemies":"Orb Walker","floor":35.0,"turns":2.0},{"damage":0.0,"enemies":"3 Shapes","floor":36.0,"turns":2.0},{"damage":1.0,"enemies":"Spire Growth","floor":38.0,"turns":3.0},{"damage":37,"enemies":"Nemesis","floor":41,"turns":3},{"damage":4,"enemies":"Writhing Mass","floor":46,"turns":3},{"damage":9,"enemies":"Giant Head","floor":47,"turns":6},{"damage":0,"enemies":"Sphere and 2 Shapes","floor":48,"turns":4},{"damage":41,"enemies":"Time Eater","floor":50,"turns":8}],"seed_played":"-5990381068720255407","potions_obtained":[{"floor":6.0,"key":"Swift Potion"},{"floor":8.0,"key":"SteroidPotion"},{"floor":13.0,"key":"SteroidPotion"},{"floor":14.0,"key":"Energy Potion"},{"floor":18.0,"key":"PowerPotion"},{"floor":20.0,"key":"Block Potion"},{"floor":24.0,"key":"Block Potion"},{"floor":25.0,"key":"EssenceOfSteel"},{"floor":31.0,"key":"Energy Potion"},{"floor":33.0,"key":"Energy Potion"},{"floor":41,"key":"FearPotion"},{"floor":46,"key":"SmokeBomb"},{"floor":48,"key":"EntropicBrew"}],"is_trial":false,"path_per_floor":["M","M","?","?","?","E","R","E","T","?","?","$","M","M","R","B",null,"M","M","M","?","?","E","M","E","T","$","M","M","R","M","R","B",null,"M","M","?","M","$","R","E","?","T","$","R","M","E","M","R","B",null],"character_chosen":"THE_SILENT","items_purchased":["Lantern","DollysMirror","Dash","Riddle With Holes"],"campfire_rested":5,"item_purchase_floors":[12,27,27,39],"current_hp_per_floor":[63,63,63,56,70,70,70,28,28,45,45,45,45,42,63,39,62,62,49,49,49,49,35,35,27,27,27,26,17,38,39,60,9,55,56,58,58,59,59,59,24,24,24,24,45,43,36,38,59,20],"gold":155,"neow_bonus":"THREE_ENEMY_KILL","is_prod":false,"is_daily":false,"chose_seed":false,"campfire_upgraded":2,"win_rate":0,"timestamp":1547333167,"path_taken":["M","?","?","?","?","E","R","E","T","?","?","$","?","M","R","BOSS","M","M","M","?","?","E","M","E","T","$","M","M","R","M","R","BOSS","M","M","?","M","?","R","E","?","T","$","R","M","E","M","R","BOSS"],"build_version":"2019-01-10","purchased_purges":2,"victory":true,"max_hp_per_floor":[70,70,70,70,70,70,70,70,70,70,70,70,70,70,70,70,70,70,70,70,70,70,70,70,70,70,70,70,70,70,70,70,70,70,70,70,70,70,70,70,70,70,70,70,70,70,70,70,70,70],"card_choices":[{"not_picked":["Quick Slash","Blur"],"picked":"Sucker Punch","floor":1.0},{"not_picked":["Dodge and Roll","Prepared"],"picked":"Slice","floor":2.0},{"not_picked":["Noxious Fumes","Cloak And Dagger"],"picked":"Riddle With Holes","floor":6.0},{"not_picked":["Dagger Throw","Sucker Punch"],"picked":"Blur","floor":8.0},{"not_picked":["Bouncing Flask","Slice"],"picked":"Dagger Throw","floor":13.0},{"not_picked":["Crippling Poison","Choke"],"picked":"Corpse Explosion","floor":14.0},{"not_picked":["Glass Knife","Die Die Die"],"picked":"Corpse Explosion","floor":16.0},{"not_picked":["Well Laid Plans","Dodge and Roll","Deflect"],"picked":"SKIP","floor":18.0},{"not_picked":["Prepared","Well Laid Plans"],"picked":"Catalyst","floor":19.0},{"not_picked":["Escape Plan+1","Finisher","Dodge and Roll"],"picked":"SKIP","floor":20.0},{"not_picked":["Quick Slash","Deadly Poison"],"picked":"Eviscerate","floor":23.0},{"not_picked":["Venomology","Setup"],"picked":"Terror","floor":24.0},{"not_picked":["PiercingWail","Bouncing Flask"],"picked":"Dash","floor":25.0},{"not_picked":["Blade Dance","Escape Plan+1"],"picked":"Flying Knee","floor":28.0},{"not_picked":["Slice+1","Prepared"],"picked":"Dash+1","floor":29.0},{"not_picked":["Sucker Punch","Endless Agony"],"picked":"Eviscerate+1","floor":31.0},{"not_picked":["Adrenaline","Glass Knife"],"picked":"Corpse Explosion","floor":33.0},{"not_picked":["Well Laid Plans","Deflect+1"],"picked":"Dagger Throw","floor":35.0},{"not_picked":["Choke","Deadly Poison"],"picked":"Backflip+1","floor":36.0},{"not_picked":["Underhanded Strike","Quick Slash"],"picked":"Poisoned Stab+1","floor":38.0},{"not_picked":["Masterful Stab+1","Cloak And Dagger"],"picked":"Reflex+1","floor":41},{"not_picked":["Jack Of All Trades","Transmutation"],"picked":"HandOfGreed","floor":42},{"not_picked":["Blur","Outmaneuver+1"],"picked":"Acrobatics","floor":46},{"not_picked":["Blade Dance+1","Dagger Spray+1","Terror"],"picked":"SKIP","floor":47},{"not_picked":["Blade Dance+1","Outmaneuver+1"],"picked":"Dash+1","floor":48}],"player_experience":231052,"relics_obtained":[{"floor":6.0,"key":"Centennial Puzzle"},{"floor":8.0,"key":"Bronze Scales"},{"floor":9.0,"key":"Orichalcum"},{"floor":23.0,"key":"Mercury Hourglass"},{"floor":25.0,"key":"Gremlin Horn"},{"floor":26.0,"key":"Blood Vial"},{"floor":41,"key":"Potion Belt"},{"floor":43,"key":"Juzu Bracelet"},{"floor":47,"key":"Sundial"}],"event_choices":[{"damage_healed":0.0,"max_hp_gain":0.0,"max_hp_loss":0.0,"gold_gain":0.0,"event_name":"Liars Game","player_choice":"Ignored","floor":3.0,"gold_loss":0.0,"damage_taken":0.0},{"cards_removed":["Strike_G"],"damage_healed":0.0,"max_hp_gain":0.0,"max_hp_loss":0.0,"gold_gain":0.0,"event_name":"Golden Wing","player_choice":"Card Removal","floor":4.0,"gold_loss":0.0,"damage_taken":7.0},{"damage_healed":23.0,"max_hp_gain":0.0,"max_hp_loss":0.0,"gold_gain":0.0,"event_name":"Big Fish","player_choice":"Banana","floor":5.0,"gold_loss":0.0,"damage_taken":0.0},{"damage_healed":17.0,"max_hp_gain":0.0,"max_hp_loss":0.0,"gold_gain":0.0,"event_name":"The Cleric","player_choice":"Healed","floor":10.0,"gold_loss":35.0,"damage_taken":0.0},{"damage_healed":0.0,"max_hp_gain":0.0,"max_hp_loss":0.0,"gold_gain":0.0,"event_name":"FaceTrader","player_choice":"Trade","floor":11.0,"gold_loss":0.0,"damage_taken":0.0,"relics_obtained":["GremlinMask"]},{"damage_healed":0.0,"max_hp_gain":0.0,"max_hp_loss":0.0,"gold_gain":0.0,"event_name":"Ghosts","player_choice":"Ignored","floor":21.0,"gold_loss":0.0,"damage_taken":0.0},{"damage_healed":0.0,"max_hp_gain":0.0,"max_hp_loss":0.0,"gold_gain":0.0,"event_name":"Back to Basics","player_choice":"Simplicity","floor":22.0,"gold_loss":0.0,"damage_taken":0.0,"cards_upgraded":["Defend_G","Defend_G","Defend_G","Defend_G","Defend_G","Strike_G","Strike_G","Strike_G","Strike_G"]},{"cards_removed":["Slice"],"damage_healed":0.0,"max_hp_gain":0.0,"max_hp_loss":0.0,"gold_gain":0.0,"event_name":"Designer","player_choice":"Upgrade and Remove","floor":37.0,"gold_loss":90.0,"damage_taken":0.0,"cards_upgraded":["Dash"]},{"damage_healed":0,"gold_gain":0,"player_choice":"Memory 1","damage_taken":0,"max_hp_gain":0,"max_hp_loss":0,"event_name":"SensoryStone","floor":42,"gold_loss":0}],"is_beta":false,"boss_relics":[{"not_picked":["White Beast Statue","Black Star"],"picked":"Snecko Eye"},{"not_picked":["Runic Dome","Orrery"],"picked":"WristBlade"}],"items_purged_floors":[27,44],"is_endless":false,"potions_floor_spawned":[6,8,13,14,18,20,24,25,31,33,36,41,46,48],"ascension_level":6}