{"gold_per_floor":[112,14,14,14,25,25,58,58,58,92,57,76,104,116,116,214,214,233,413,424,444,543,543,562,562,562,579,604,221,235,235],"floor_reached":31,"playtime":2260,"items_purged":["Strike_B","Strike_B"],"score":445,"play_id":"00ab3bcf-b1ec-49cf-bb2f-5e497b2b8910","local_time":"20190418121302","is_ascension_mode":true,"campfire_choices":[{"data":"Zap","floor":6,"key":"SMITH"},{"data":"Cold Snap","floor":8,"key":"SMITH"},{"data":"Consume","floor":15,"key":"SMITH"},{"data":"Echo Form","floor":23,"key":"SMITH"},{"floor":25,"key":"REST"}],"neow_cost":"NONE","seed_source_timestamp":608274097505321,"circlet_count":0,"master_deck":["Strike_B","Strike_B+1","Defend_B","Defend_B","Defend_B","Defend_B","Zap+1","Dualcast+1","Cold Snap+1","Compile Driver+1","Core Surge+1","Undo","Consume+1","Cold Snap","Echo Form+1","Hologram+1","Sweeping Beam","Conserve Battery","Gash"],"relics":["Cracked Core","NeowsBlessing","Ice Cream","Pear","Whetstone","Letter Opener","Philosopher\u0027s Stone","Vajra","PreservedInsect"],"potions_floor_usage":[13,28,30],"damage_taken":[{"damage":0,"enemies":"Cultist","floor":1,"turns":1},{"damage":0,"enemies":"2 Louse","floor":5,"turns":1},{"damage":0,"enemies":"3 Sentries","floor":7,"turns":1},{"damage":16,"enemies":"Gremlin Nob","floor":10,"turns":3},{"damage":2,"enemies":"Jaw Worm","floor":12,"turns":3},{"damage":7,"enemies":"3 Sentries","floor":13,"turns":6},{"damage":0,"enemies":"Large Slime","floor":14,"turns":2},{"damage":7,"enemies":"The Guardian","floor":16,"turns":11},{"damage":0,"enemies":"Spheric Guardian","floor":18,"turns":3},{"damage":25,"enemies":"2 Thieves","floor":20,"turns":4},{"damage":5,"enemies":"Snecko","floor":21,"turns":5},{"damage":2,"enemies":"Sentry and Sphere","floor":24,"turns":4},{"damage":11,"enemies":"Centurion and Healer","floor":27,"turns":7},{"damage":19,"enemies":"Slavers","floor":28,"turns":6},{"damage":16,"enemies":"Snecko","floor":30,"turns":5},{"damage":12,"enemies":"Snake Plant","floor":31,"turns":2}],"seed_played":"-381495561047811395","potions_obtained":[{"floor":1,"key":"Ancient Potion"},{"floor":10,"key":"Fire Potion"},{"floor":14,"key":"Poison Potion"},{"floor":16,"key":"Fire Potion"}],"is_trial":false,"path_per_floor":["M","$","$","?","M","R","E","R","T","E","?","M","E","M","R","B",null,"M","?","M","M","?","R","M","R","T","M","E","$","M","M"],"character_chosen":"DEFECT","items_purchased":["Compile Driver","Fruit Juice","PreservedInsect","Gash"],"campfire_rested":1,"item_purchase_floors":[2,29,29,29],"current_hp_per_floor":[68,68,68,53,53,53,53,53,63,47,68,66,59,59,59,52,77,77,53,28,23,23,23,21,46,46,35,16,16,5,0],"gold":235,"neow_bonus":"THREE_ENEMY_KILL","is_prod":false,"is_daily":false,"chose_seed":false,"campfire_upgraded":4,"win_rate":0,"timestamp":1555607582,"path_taken":["M","?","$","?","M","R","E","R","T","E","?","M","E","M","R","BOSS","M","?","?","M","?","R","M","R","T","M","E","$","M","M"],"build_version":"2019-01-23","purchased_purges":2,"victory":false,"max_hp_per_floor":[75,75,75,75,75,75,75,75,85,85,85,85,85,85,85,85,85,85,85,85,85,85,85,85,85,85,85,85,85,90,90],"card_choices":[{"not_picked":["Steam","Hologram"],"picked":"Cold Snap","floor":1},{"not_picked":["Streamline","Steam Power","Rebound"],"picked":"SKIP","floor":5},{"not_picked":["Undo","Sunder"],"picked":"Core Surge","floor":7},{"not_picked":["FTL","Coolheaded"],"picked":"Undo","floor":10},{"not_picked":["Conserve Battery","Leap"],"picked":"Consume","floor":12},{"not_picked":["BootSequence","FTL","Coolheaded"],"picked":"SKIP","floor":13},{"not_picked":["Stack","Hologram"],"picked":"Cold Snap","floor":14},{"not_picked":["Meteor Strike","Seek"],"picked":"Echo Form","floor":16},{"not_picked":["Consume","Aggregate","Steam"],"picked":"SKIP","floor":18},{"not_picked":["Stack","Aggregate+1","Go for the Eyes"],"picked":"SKIP","floor":20},{"not_picked":["Cold Snap","Beam Cell","Leap+1"],"picked":"SKIP","floor":21},{"not_picked":["Chill","Reprogram"],"picked":"Hologram+1","floor":24},{"not_picked":["Reinforced Body","Streamline"],"picked":"Sweeping Beam","floor":27},{"not_picked":["Multi-Cast","Auto Shields"],"picked":"Conserve Battery","floor":28},{"not_picked":["Rebound","Aggregate","Sweeping Beam"],"picked":"SKIP","floor":30}],"player_experience":604403,"relics_obtained":[{"floor":7,"key":"Ice Cream"},{"floor":9,"key":"Pear"},{"floor":10,"key":"Whetstone"},{"floor":13,"key":"Letter Opener"},{"floor":28,"key":"Vajra"}],"event_choices":[{"damage_healed":0,"gold_gain":0,"player_choice":"Entered Light","damage_taken":15,"max_hp_gain":0,"max_hp_loss":0,"event_name":"Shining Light","floor":4,"gold_loss":0,"cards_upgraded":["Dualcast","Compile Driver"]},{"damage_healed":21,"gold_gain":0,"player_choice":"Healed","damage_taken":0,"max_hp_gain":0,"max_hp_loss":0,"event_name":"The Cleric","floor":11,"gold_loss":35},{"damage_healed":0,"gold_gain":180,"player_choice":"GOLD GOLD ","damage_taken":24,"max_hp_gain":0,"max_hp_loss":0,"event_name":"Knowing Skull","floor":19,"potions_obtained":[],"gold_loss":0,"cards_obtained":[]},{"damage_healed":0,"gold_gain":99,"player_choice":"Stole From Cult","damage_taken":0,"max_hp_gain":0,"max_hp_loss":0,"event_name":"Nest","floor":22,"gold_loss":0}],"is_beta":false,"boss_relics":[{"not_picked":["Black Star","Eternal Feather"],"picked":"Philosopher\u0027s Stone"}],"items_purged_floors":[2,29],"is_endless":false,"potions_floor_spawned":[1,10,14,16,18,21],"killed_by":"Snake Plant","ascension_level":8}