{"gold_per_floor":[113,38,57,57,57,57,76,107,107,61,61,77,77,53,53,53],"floor_reached":16,"playtime":370,"items_purged":["Shame"],"score":196,"play_id":"c03c02f2-1e5f-4db0-8571-81ba06563cac","local_time":"20190430193608","is_ascension_mode":true,"campfire_choices":[{"data":"Fusion","floor":6,"key":"SMITH"},{"data":"Barrage","floor":13,"key":"SMITH"},{"data":"Cold Snap","floor":15,"key":"SMITH"}],"neow_cost":"CURSE","seed_source_timestamp":3739749675974888,"circlet_count":0,"master_deck":["AscendersBane","Strike_B","Strike_B","Strike_B","Strike_B","Defend_B","Defend_B","Defend_B","Defend_B","Zap","Dualcast","Bandage Up","Fusion+1","Barrage+1","Lockon+1","FTL","Conserve Battery","Cold Snap+1"],"relics":["Cracked Core","Pear","Sundial"],"potions_floor_usage":[8,16],"damage_taken":[{"damage":2,"enemies":"2 Louse","floor":1,"turns":3},{"damage":14,"enemies":"Jaw Worm","floor":3,"turns":4},{"damage":2,"enemies":"Small Slimes","floor":7,"turns":4},{"damage":16,"enemies":"3 Sentries","floor":8,"turns":8},{"damage":17,"enemies":"3 Louse","floor":12,"turns":3},{"damage":60,"enemies":"Slime Boss","floor":16,"turns":8}],"seed_played":"-8891357446537080788","potions_obtained":[{"floor":1,"key":"SkillPotion"},{"floor":12,"key":"Block Potion"}],"is_trial":false,"path_per_floor":["M","$","M","?","?","R","M","E","T","?","?","M","R","$","R","B"],"character_chosen":"DEFECT","items_purchased":["Cold Snap"],"campfire_rested":0,"item_purchase_floors":[14],"current_hp_per_floor":[66,66,56,49,71,71,71,69,69,69,69,56,56,56,56,0],"gold":53,"neow_bonus":"RANDOM_COLORLESS_2","is_prod":false,"is_daily":false,"chose_seed":false,"campfire_upgraded":3,"win_rate":0,"timestamp":1556649368,"path_taken":["M","$","M","?","?","R","M","E","T","?","?","M","R","?","R","BOSS"],"build_version":"2019-01-23","purchased_purges":1,"victory":false,"max_hp_per_floor":[71,71,71,71,71,71,71,81,81,81,81,81,81,81,81,81],"card_choices":[{"not_picked":["Sweeping Beam","Rebound"],"picked":"Fusion","floor":1},{"not_picked":["Go for the Eyes","Steam"],"picked":"Barrage","floor":3},{"not_picked":["Conserve Battery","Streamline"],"picked":"Lockon","floor":7},{"not_picked":["Steam","Stack"],"picked":"FTL","floor":8},{"not_picked":["Aggregate","Recycle"],"picked":"Conserve Battery","floor":12}],"player_experience":746864,"relics_obtained":[{"floor":8,"key":"Pear"},{"floor":9,"key":"Sundial"}],"event_choices":[{"cards_removed":["Purity"],"damage_healed":0,"gold_gain":0,"player_choice":"Card Removal","damage_taken":7,"max_hp_gain":0,"max_hp_loss":0,"event_name":"Golden Wing","floor":4,"gold_loss":0},{"damage_healed":23,"gold_gain":0,"player_choice":"Banana","damage_taken":0,"max_hp_gain":0,"max_hp_loss":0,"event_name":"Big Fish","floor":5,"gold_loss":0},{"damage_healed":0,"gold_gain":0,"player_choice":"Left Gold","damage_taken":0,"max_hp_gain":0,"max_hp_loss":0,"event_name":"World of Goop","floor":10,"gold_loss":46},{"damage_healed":0,"gold_gain":0,"player_choice":"Grow","damage_taken":0,"max_hp_gain":0,"max_hp_loss":0,"event_name":"Living Wall","floor":11,"gold_loss":0,"cards_upgraded":["Lockon"]}],"is_beta":false,"boss_relics":[],"items_purged_floors":[2],"is_endless":false,"potions_floor_spawned":[1,12],"killed_by":"Slime Boss","ascension_level":20}