{"gold_per_floor":[112,112,125,144,155,190,190,218,218,244,244,276,293,309,309,405,405,419,434,349,51,63,92,17,28,28,63,63,63,94,108,108,209,209,220,237,237,247,247,275,287,287,287,287,110,139,139,173,173,173],"floor_reached":50,"playtime":5043,"items_purged":["Defend_G","Defend_G"],"score":765,"play_id":"5331612f-2fae-4af2-8254-1dc6316f4b25","local_time":"20180815023202","is_ascension_mode":true,"campfire_choices":[{"data":"Bullet Time","floor":7,"key":"SMITH"},{"floor":15,"key":"REST"},{"data":"Neutralize","floor":28,"key":"SMITH"},{"floor":32,"key":"REST"},{"data":"Choke","floor":42,"key":"SMITH"},{"data":"Footwork","floor":44,"key":"SMITH"},{"data":"Corpse Explosion","floor":49,"key":"SMITH"}],"neow_cost":"NONE","seed_source_timestamp":1572843865206492,"circlet_count":0,"master_deck":["Defend_G+1","Defend_G","Defend_G+1","Strike_G","Strike_G","Strike_G","Survivor","Neutralize+1","Bullet Time+1","Backstab","Predator","Footwork+1","Corpse Explosion+1","Corpse Explosion+1","Choke+1","Acrobatics+1","Prepared+1","Adrenaline+1","Reflex+1","Writhe","Acrobatics+1"],"relics":["Ring of the Serpent","Mercury Hourglass","Oddly Smooth Stone","Strawberry","Toxic Egg 2","Bottled Flame","Orichalcum","Molten Egg 2","War Paint","Kunai","Bottled Tornado","Gambling Chip","Coffee Dripper","Calipers","Meat on the Bone","Frozen Egg 2","Bag of Marbles","Shuriken"],"potions_floor_usage":[8,8,19,22,25,27,33,36,40,46,46,50],"damage_taken":[{"damage":1,"enemies":"Jaw Worm","floor":1,"turns":4},{"damage":0,"enemies":"2 Louse","floor":3,"turns":2},{"damage":3,"enemies":"Small Slimes","floor":4,"turns":5},{"damage":6,"enemies":"Looter","floor":5,"turns":4},{"damage":22,"enemies":"3 Sentries","floor":6,"turns":11},{"damage":0,"enemies":"Gremlin Nob","floor":8,"turns":2},{"damage":10,"enemies":"3 Sentries","floor":10,"turns":3},{"damage":9,"enemies":"Lagavulin","floor":12,"turns":7},{"damage":0,"enemies":"Gremlin Gang","floor":13,"turns":2},{"damage":0,"enemies":"Large Slime","floor":14,"turns":4},{"damage":39,"enemies":"Slime Boss","floor":16,"turns":10},{"damage":3,"enemies":"Shell Parasite","floor":18,"turns":4},{"damage":6,"enemies":"3 Byrds","floor":19,"turns":2},{"damage":2,"enemies":"Centurion and Healer","floor":22,"turns":3},{"damage":0,"enemies":"Gremlin Leader","floor":23,"turns":4},{"damage":5,"enemies":"Snecko","floor":25,"turns":5},{"damage":19,"enemies":"Slavers","floor":27,"turns":3},{"damage":5,"enemies":"Book of Stabbing","floor":30,"turns":3},{"damage":9,"enemies":"Snake Plant","floor":31,"turns":2},{"damage":23,"enemies":"Champ","floor":33,"turns":11},{"damage":3,"enemies":"Orb Walker","floor":35,"turns":3},{"damage":19,"enemies":"3 Darklings","floor":36,"turns":3},{"damage":0,"enemies":"Flame Bruiser 2 Orb","floor":38,"turns":4},{"damage":20,"enemies":"Giant Head","floor":40,"turns":7},{"damage":0,"enemies":"Transient","floor":41,"turns":5},{"damage":40,"enemies":"2 Orb Walkers","floor":46,"turns":4},{"damage":28,"enemies":"Nemesis","floor":48,"turns":7},{"damage":22,"enemies":"Time Eater","floor":50,"turns":9}],"seed_played":"-4138193304022436544","potions_obtained":[{"floor":1,"key":"PowerPotion"},{"floor":5,"key":"Ancient Potion"},{"floor":6,"key":"FearPotion"},{"floor":12,"key":"LiquidBronze"},{"floor":16,"key":"Fire Potion"},{"floor":22,"key":"Swift Potion"},{"floor":23,"key":"Explosive Potion"},{"floor":25,"key":"Swift Potion"},{"floor":31,"key":"Strength Potion"},{"floor":33,"key":"EssenceOfSteel"},{"floor":35,"key":"PowerPotion"},{"floor":41,"key":"Poison Potion"},{"floor":48,"key":"GamblersBrew"}],"is_trial":false,"path_per_floor":["M","?","M","M","M","E","R","E","T","E","?","E","M","M","R","B",null,"M","M","?","$","M","E","$","M","T","E","R","$","E","M","R","B",null,"M","M","T","M","?","E","M","R","T","R","$","E","?","E","R"],"character_chosen":"THE_SILENT","items_purchased":["Acrobatics+1","Molten Egg 2","Reflex+1"],"campfire_rested":2,"item_purchase_floors":[21,21,45],"current_hp_per_floor":[69,69,69,66,60,38,38,38,45,35,28,19,19,19,42,3,77,74,68,68,68,66,66,66,61,61,42,42,42,37,28,51,28,77,74,55,55,55,55,35,47,47,47,47,47,19,38,22,22,0],"gold":173,"neow_bonus":"ONE_RANDOM_RARE_CARD","is_prod":false,"is_daily":false,"chose_seed":false,"campfire_upgraded":5,"win_rate":0,"timestamp":1534271522,"path_taken":["M","?","M","M","M","E","R","E","T","E","?","E","?","M","R","BOSS","M","M","?","?","?","E","$","?","T","E","R","$","E","M","R","BOSS","M","M","?","M","?","E","M","R","T","R","$","E","?","E","R","BOSS"],"build_version":"2018-08-09","purchased_purges":2,"victory":false,"max_hp_per_floor":[70,70,70,70,70,70,70,70,77,77,77,77,77,77,77,77,77,77,77,77,77,77,77,77,77,77,77,77,77,77,77,77,77,77,77,77,77,77,77,77,77,77,77,77,77,77,77,77,77,77],"card_choices":[{"not_picked":["Cloak And Dagger","Bane"],"picked":"Finisher","floor":1},{"not_picked":["Noxious Fumes","Deflect","Underhanded Strike"],"picked":"SKIP","floor":3},{"not_picked":["Blade Dance","Bane"],"picked":"Backstab","floor":4},{"not_picked":["PiercingWail","Reflex"],"picked":"Predator","floor":5},{"not_picked":["Cloak And Dagger","Slice"],"picked":"Footwork","floor":6},{"not_picked":["Calculated Gamble","Dagger Throw"],"picked":"Corpse Explosion","floor":8},{"not_picked":["Eviscerate","Crippling Poison","Leg Sweep"],"picked":"SKIP","floor":10},{"not_picked":["Heel Hook","Slice","Dodge and Roll+1"],"picked":"SKIP","floor":12},{"not_picked":["PiercingWail+1","Skewer","Quick Slash"],"picked":"SKIP","floor":13},{"not_picked":["Sucker Punch","Blade Dance+1","Cloak And Dagger+1"],"picked":"SKIP","floor":14},{"not_picked":["Grand Finale","Envenom"],"picked":"Corpse Explosion+1","floor":16},{"not_picked":["Leg Sweep+1","Bane"],"picked":"Choke","floor":18},{"not_picked":["Catalyst+1","Distraction+1","Tactician+1"],"picked":"SKIP","floor":19},{"not_picked":["Accuracy+1","Blade Dance+1"],"picked":"Prepared+1","floor":22},{"not_picked":["Deflect+1","Backflip+1","Endless Agony+1"],"picked":"SKIP","floor":23},{"not_picked":["Flying Knee+1","Skewer+1","Bane+1"],"picked":"SKIP","floor":25},{"not_picked":["Accuracy","Tactician+1","Slice+1"],"picked":"SKIP","floor":27},{"not_picked":["Noxious Fumes+1","Sucker Punch+1","Escape Plan+1"],"picked":"SKIP","floor":30},{"not_picked":["Slice+1","Tactician+1","Setup+1"],"picked":"SKIP","floor":31},{"not_picked":["Malaise+1","Doppelganger+1"],"picked":"Adrenaline+1","floor":33},{"not_picked":["Cloak And Dagger+1","Deadly Poison+1","Sucker Punch+1"],"picked":"SKIP","floor":35},{"not_picked":["Prepared+1","Infinite Blades+1","Sucker Punch+1"],"picked":"SKIP","floor":36},{"not_picked":["Outmaneuver+1","Cloak And Dagger+1","Dagger Throw+1"],"picked":"SKIP","floor":38},{"not_picked":["Backflip+1","Cloak And Dagger+1","Tools of the Trade"],"picked":"SKIP","floor":40},{"not_picked":["Bane+1","Crippling Poison+1","Slice+1"],"picked":"SKIP","floor":41},{"not_picked":["Eviscerate+1","Predator+1","Masterful Stab+1"],"picked":"SKIP","floor":46},{"not_picked":["Choke+1","Heel Hook+1"],"picked":"Acrobatics+1","floor":48}],"player_experience":262259,"relics_obtained":[{"floor":6,"key":"Mercury Hourglass"},{"floor":8,"key":"Oddly Smooth Stone"},{"floor":9,"key":"Strawberry"},{"floor":10,"key":"Toxic Egg 2"},{"floor":12,"key":"Bottled Flame"},{"floor":23,"key":"War Paint"},{"floor":26,"key":"Kunai"},{"floor":27,"key":"Bottled Tornado"},{"floor":30,"key":"Gambling Chip"},{"floor":37,"key":"Calipers"},{"floor":40,"key":"Meat on the Bone"},{"floor":43,"key":"Frozen Egg 2"},{"floor":46,"key":"Bag of Marbles"},{"floor":48,"key":"Shuriken"}],"event_choices":[{"event_name":"Living Wall","player_choice":"Forget","floor":2,"damage_taken":0},{"event_name":"Golden Wing","player_choice":"Card Removal","floor":11,"damage_taken":0},{"event_name":"Addict","player_choice":"Obtained Relic","floor":20,"damage_taken":0},{"event_name":"Falling","player_choice":"Removed Attack","floor":39,"damage_taken":0},{"event_name":"Winding Halls","player_choice":"Writhe","floor":47,"damage_taken":0}],"is_beta":false,"boss_relics":[{"not_picked":["WristBlade","Velvet Choker"],"picked":"Ring of the Serpent"},{"not_picked":["Runic Dome","Tiny House"],"picked":"Coffee Dripper"}],"items_purged_floors":[24,45],"is_endless":false,"potions_floor_spawned":[1,5,6,12,16,22,23,25,31,33,35,41,48],"killed_by":"Time Eater","ascension_level":2}