{"path_per_floor":["M","M","?","?","M","R","?","R","T","?","M","M","$","M","R","B",null,"M","?"],"character_chosen":"IRONCLAD","items_purchased":["Apotheosis"],"gold_per_floor":[110,122,122,72,86,86,86,86,86,261,277,301,25,38,38,168,198,218,218],"floor_reached":20,"campfire_rested":2,"playtime":3492,"current_hp_per_floor":[75,75,55,55,53,53,37,61,61,61,51,41,41,30,54,36,80,24,24],"items_purged":["Doubt"],"gold":218,"score":164,"play_id":"8f768f11-0b05-4fd1-933f-27387a7fc72b","is_prod":false,"is_daily":false,"is_ascension_mode":false,"campfire_upgraded":1,"path_taken":["M","M","?","?","M","R","?","R","T","?","M","M","$","?","R","BOSS","M","?","M"],"build_version":"2018-02-12-PROD1","purchased_purges":1,"victory":false,"master_deck":["Strike_R+1","Strike_R","Strike_R","Strike_R","Strike_R","Defend_R","Defend_R+1","Bash+1","Heavy Blade","Heavy Blade","Inflame","Flex","Apotheosis","Barricade","Pain","Writhe","Normality","Shrug It Off"],"max_hp_per_floor":[80,80,80,80,80,80,80,80,80,80,80,80,80,80,80,80,80,80,80],"relics":["Burning Blood","Golden Idol","Bird Faced Urn","Calling Bell","Tiny Chest","Oddly Smooth Stone","Unceasing Top","Sundial"],"card_choices":[{"not_picked":["Pummel","Rage"],"picked":"Heavy Blade"},{"not_picked":["Thunderclap","Barricade"],"picked":"Heavy Blade"},{"not_picked":["Metallicize","Blood for Blood"],"picked":"Inflame"},{"not_picked":["Heavy Blade","Metallicize"],"picked":"Flex"},{"not_picked":["Juggernaut","Brutality"],"picked":"Barricade"},{"not_picked":["Infernal Blade","Corruption"],"picked":"Shrug It Off"}],"player_experience":35887,"potions_floor_usage":[16,16,16,20],"damage_taken":[{"damage":11,"enemies":"2 Louse","floor":1,"turns":3},{"damage":6,"enemies":"Cultist","floor":2,"turns":3},{"damage":8,"enemies":"Jaw Worm","floor":5,"turns":3},{"damage":16,"enemies":"3 Louse","floor":11,"turns":5},{"damage":18,"enemies":"Lots of Slimes","floor":12,"turns":5},{"damage":19,"enemies":"Large Slime","floor":14,"turns":3},{"damage":26,"enemies":"Slime Boss","floor":16,"turns":7},{"damage":64,"enemies":"Spheric Guardian","floor":18,"turns":8},{"damage":28,"enemies":"Shell Parasite","floor":20,"turns":5}],"event_choices":[{"event_name":"Golden Idol","player_choice":"Take Damage","floor":3,"damage_taken":0},{"event_name":"The Cleric","player_choice":"Card Removal","floor":4,"damage_taken":0},{"event_name":"Shining Light","player_choice":"Entered Light","floor":7,"damage_taken":0},{"event_name":"Liars Game","player_choice":"agreed","floor":10,"damage_taken":0},{"event_name":"The Mausoleum","player_choice":"Yes","floor":19,"damage_taken":0}],"boss_relics":[{"not_picked":["Tiny House","Philosopher\u0027s Stone"],"picked":"Calling Bell"}],"potions_floor_spawned":[5,11,14,18],"seed_played":"-6548277083997251454","killed_by":"Shell Parasite","ascension_level":0,"is_trial":false}