{"path_per_floor":["M","M","?","?","?","R","M","E","T","R","M","M","R","?","R","B",null,"M","?","T","$","M","R","E"],"character_chosen":"DEFECT","items_purchased":["Dead Branch","Secret Weapon"],"gold_per_floor":[109,121,121,121,196,196,216,249,304,304,318,336,336,430,430,534,534,551,551,621,25,36,36,62,62],"floor_reached":25,"campfire_rested":2,"playtime":923,"current_hp_per_floor":[74,73,73,70,59,59,59,36,36,73,64,64,64,60,60,42,75,46,30,30,30,30,67,15,0],"items_purged":["Strike_B"],"gold":62,"score":219,"play_id":"15194c39-848b-485c-b4f1-ff89fa9a892d","local_time":"20180426190518","is_prod":false,"is_daily":false,"chose_seed":false,"is_ascension_mode":false,"campfire_upgraded":3,"timestamp":1524791118,"path_taken":["M","M","?","?","?","R","M","E","T","R","?","M","R","?","R","BOSS","M","?","?","$","?","R","E","M"],"build_version":"2018-04-26","seed_source_timestamp":83758075284051,"purchased_purges":1,"victory":false,"master_deck":["Strike_B","Strike_B","Strike_B","Defend_B","Defend_B","Defend_B","Defend_B","Zap","Dualcast","Tempest","Defragment+1","Streamline+1","Streamline","Impulse+1","Creative AI","Capacitor","Secret Weapon"],"max_hp_per_floor":[75,75,75,75,75,75,75,75,75,75,75,75,75,75,75,75,75,75,75,75,75,75,75,75,75],"relics":["Cracked Core","Bag of Marbles","Regal Pillow","Orichalcum","Tiny Chest","Sozu","Nilry\u0027s Codex","Toolbox","Dead Branch","Frozen Egg 2"],"card_choices":[{"not_picked":["Barrage","Axe Kick"],"picked":"Tempest","floor":1},{"not_picked":["Allocate","Reinforced Body"],"picked":"Defragment","floor":2},{"not_picked":["Gash","Axe Kick"],"picked":"Streamline","floor":7},{"not_picked":["Gash","Doom and Gloom"],"picked":"Streamline","floor":11},{"not_picked":["Blaster","Doom and Gloom"],"picked":"Impulse","floor":14},{"not_picked":["Amplify","Nova"],"picked":"Creative AI","floor":16},{"not_picked":["FTL","Reprogram"],"picked":"Capacitor","floor":18}],"player_experience":335767,"potions_floor_usage":[8,8,14,14,14,16],"damage_taken":[{"damage":1,"enemies":"Jaw Worm","floor":1,"turns":3},{"damage":1,"enemies":"Cultist","floor":2,"turns":3},{"damage":0,"enemies":"2 Louse","floor":7,"turns":2},{"damage":23,"enemies":"3 Sentries","floor":8,"turns":6},{"damage":9,"enemies":"Large Slime","floor":11,"turns":5},{"damage":0,"enemies":"Exordium Wildlife","floor":12,"turns":3},{"damage":4,"enemies":"Gremlin Nob","floor":14,"turns":3},{"damage":18,"enemies":"Slime Boss","floor":16,"turns":8},{"damage":36,"enemies":"Spheric Guardian","floor":18,"turns":6},{"damage":0,"enemies":"Chosen","floor":22,"turns":4},{"damage":52,"enemies":"Book of Stabbing","floor":24,"turns":5},{"damage":20,"enemies":"Centurion and Healer","floor":25,"turns":3}],"event_choices":[{"event_name":"The Lab","player_choice":"Got Potions","floor":3,"damage_taken":0},{"event_name":"Scrap Ooze","player_choice":"success","floor":4,"damage_taken":3},{"event_name":"World of Goop","player_choice":"Gather Gold","floor":5,"damage_taken":0},{"event_name":"Dead Adventurer","player_choice":"Searched \u00272\u0027 times","floor":14,"damage_taken":0},{"event_name":"Cursed Tome","player_choice":"Obtained Book","floor":19,"damage_taken":0}],"boss_relics":[{"not_picked":["Calling Bell","Black Star"],"picked":"Sozu"}],"potions_floor_spawned":[7,8,11,12,14,22],"seed_played":"5010123878312385888","killed_by":"Centurion and Healer","ascension_level":0,"is_trial":false}