{"gold_per_floor":[114,189,189,203,222,222,235,235,235,249,249,57,73,84,84,84],"floor_reached":16,"playtime":351,"items_purged":[],"score":94,"play_id":"a66c3558-db44-43f1-8e99-70c28b011c2b","local_time":"20180701152746","is_ascension_mode":false,"campfire_choices":[{"data":"Uppercut","floor":8,"key":"SMITH"},{"data":"Limit Break","floor":11,"key":"SMITH"},{"data":"Apotheosis","floor":15,"key":"SMITH"}],"neow_cost":"NONE","seed_source_timestamp":351511198726205,"circlet_count":0,"master_deck":["Strike_R","Strike_R","Strike_R","Strike_R","Strike_R","Defend_R","Defend_R","Defend_R","Bash","Limit Break+1","Thunderclap","Pommel Strike","Uppercut+1","Clash","Feel No Pain","Apotheosis+1","Spot Weakness"],"relics":["Burning Blood","Dead Branch"],"potions_floor_usage":[],"damage_taken":[{"damage":11,"enemies":"Jaw Worm","floor":1,"turns":4},{"damage":0,"enemies":"Small Slimes","floor":4,"turns":3},{"damage":0,"enemies":"2 Louse","floor":5,"turns":2},{"damage":11,"enemies":"Blue Slaver","floor":7,"turns":3},{"damage":9,"enemies":"Red Slaver","floor":10,"turns":4},{"damage":11,"enemies":"Exordium Wildlife","floor":13,"turns":3},{"damage":9,"enemies":"Looter","floor":14,"turns":3},{"damage":0,"enemies":"The Guardian","floor":16,"turns":2}],"seed_played":"936310672876798115","potions_obtained":[{"floor":1,"key":"Poison Potion"},{"floor":10,"key":"EssenceOfSteel"},{"floor":13,"key":"Block Potion"}],"is_trial":false,"path_per_floor":["M","?","?","M","M","?","M","R","T","M","R","$","M","M","R"],"character_chosen":"IRONCLAD","items_purchased":["Apotheosis"],"campfire_rested":0,"item_purchase_floors":[12],"current_hp_per_floor":[75,64,57,63,69,69,64,64,64,61,61,61,56,53,53,53],"gold":84,"neow_bonus":"ONE_RANDOM_RARE_CARD","is_prod":false,"is_daily":false,"chose_seed":false,"campfire_upgraded":3,"win_rate":0,"timestamp":1530455266,"path_taken":["M","?","?","M","?","?","M","R","T","?","R","$","M","M","R","BOSS"],"build_version":"2018-06-28","purchased_purges":0,"victory":false,"max_hp_per_floor":[80,80,80,80,80,80,80,80,80,80,80,80,80,80,80,80],"card_choices":[{"not_picked":["Disarm","Headbutt"],"picked":"Thunderclap","floor":1},{"not_picked":["Sword Boomerang","Second Wind"],"picked":"Pommel Strike","floor":4},{"not_picked":["Second Wind","Iron Wave"],"picked":"Uppercut","floor":5},{"not_picked":["Feel No Pain","Pummel"],"picked":"Clash","floor":7},{"not_picked":["True Grit","Warcry"],"picked":"Feel No Pain","floor":10},{"not_picked":["Entrench","Reckless Charge"],"picked":"Spot Weakness","floor":13},{"not_picked":["Thunderclap","Shockwave","Havoc"],"picked":"SKIP","floor":14}],"player_experience":306746,"relics_obtained":[{"floor":9,"key":"Dead Branch"}],"event_choices":[{"event_name":"World of Goop","player_choice":"Gather Gold","floor":2,"damage_taken":0},{"event_name":"Golden Wing","player_choice":"Card Removal","floor":3,"damage_taken":0},{"event_name":"Golden Idol","player_choice":"Ignored","floor":6,"damage_taken":0}],"boss_relics":[],"items_purged_floors":[],"is_endless":false,"potions_floor_spawned":[1,10,13,14],"killed_by":"The Guardian","ascension_level":0}