{"path_per_floor":["M","M","M","?","T","R","M","R","T","E","?","T","M","?","R","B",null,"M"],"character_chosen":"DEFECT","items_purchased":[],"gold_per_floor":[18,29,40,40,89,89,106,106,106,132,132,132,145,145,145,242,242,260,245],"floor_reached":19,"campfire_rested":0,"playtime":568,"current_hp_per_floor":[75,74,73,58,65,65,58,58,58,58,51,51,45,72,72,28,82,55,30],"items_purged":[],"gold":245,"score":194,"play_id":"01ea5f3e-64c7-4049-b5e1-6b12d7417e27","local_time":"20180429074823","is_prod":false,"is_daily":false,"chose_seed":false,"is_ascension_mode":false,"campfire_upgraded":3,"timestamp":1525009703,"path_taken":["M","M","M","?","?","R","M","R","T","E","?","?","M","?","R","BOSS","M","M"],"build_version":"2018-04-27v3","seed_source_timestamp":302713697063074,"purchased_purges":0,"victory":false,"master_deck":["Strike_B","Strike_B","Strike_B","Defend_B","Defend_B","Defend_B","Defend_B+1","Zap+1","Dualcast+1","Buffer+1","Ball Lightning","Ball Lightning","Genetic Algorithm+1"],"max_hp_per_floor":[75,75,75,75,82,82,82,82,82,82,82,82,82,82,82,82,82,82,82],"relics":["Cracked Core","Girya","Strawberry","Blue Candle","Juzu Bracelet","Ginger","Snecko Eye"],"card_choices":[{"not_picked":["Leap","Axe Kick"],"picked":"Buffer","floor":1},{"not_picked":["Skim","Recycle"],"picked":"Ball Lightning","floor":3},{"not_picked":["Skim","Capacitor"],"picked":"Ball Lightning","floor":10},{"not_picked":["Melter","Leap"],"picked":"Genetic Algorithm","floor":13}],"player_experience":358636,"potions_floor_usage":[16],"damage_taken":[{"damage":0,"enemies":"Small Slimes","floor":1,"turns":3},{"damage":1,"enemies":"Jaw Worm","floor":2,"turns":5},{"damage":1,"enemies":"Cultist","floor":3,"turns":4},{"damage":7,"enemies":"Blue Slaver","floor":7,"turns":3},{"damage":0,"enemies":"Gremlin Nob","floor":10,"turns":4},{"damage":6,"enemies":"Large Slime","floor":13,"turns":4},{"damage":44,"enemies":"Hexaghost","floor":16,"turns":9},{"damage":27,"enemies":"Spheric Guardian","floor":18,"turns":6},{"damage":25,"enemies":"2 Thieves","floor":19,"turns":4}],"event_choices":[{"event_name":"Shining Light","player_choice":"Entered Light","floor":4,"damage_taken":0},{"event_name":"Golden Wing","player_choice":"Card Removal","floor":11,"damage_taken":0},{"event_name":"Big Fish","player_choice":"Banana","floor":14,"damage_taken":0}],"boss_relics":[{"not_picked":["Pandora\u0027s Box","Tiny House"],"picked":"Snecko Eye"}],"potions_floor_spawned":[10,13,18],"seed_played":"-6958030424071142435","killed_by":"2 Thieves","ascension_level":0,"is_trial":false}