{"gold_per_floor":[19,19,19,19,19,19,32,32,32,60,60,70,83,116,116,195,195,195,195,195,195,120,120,120,120,120,120,120,120,120,120,120,120],"floor_reached":33,"playtime":984,"items_purged":[],"score":523,"play_id":"cf9ee59d-638a-412e-a806-b1cfbfb2b97e","local_time":"20180911192617","is_ascension_mode":true,"campfire_choices":[{"data":"Immolate","floor":6,"key":"SMITH"},{"data":"Bash","floor":8,"key":"SMITH"},{"floor":11,"key":"REST"},{"data":"Whirlwind","floor":15,"key":"SMITH"},{"floor":23,"key":"REST"},{"floor":25,"key":"REST"},{"floor":32,"key":"REST"}],"neow_cost":"NO_GOLD","seed_source_timestamp":2350464550980308,"circlet_count":0,"master_deck":["Strike_R+1","Strike_R","Strike_R+1","Strike_R","Defend_R","Defend_R","Defend_R","Defend_R","Bash+1","AscendersBane","Immolate+1","Bloodletting","Whirlwind+1","Dark Embrace","Thunderclap","Seeing Red"],"relics":["Burning Blood","WarpedTongs","Self Forming Clay","Bronze Scales","Incense Burner","Ectoplasm","Whetstone","Sundial","Prayer Wheel","Red Mask"],"potions_floor_usage":[10,16,16,20,27,27,33],"damage_taken":[{"damage":7,"enemies":"Jaw Worm","floor":1,"turns":2},{"damage":0,"enemies":"Cultist","floor":7,"turns":2},{"damage":25,"enemies":"Gremlin Nob","floor":10,"turns":4},{"damage":0,"enemies":"Small Slimes","floor":12,"turns":2},{"damage":10,"enemies":"3 Louse","floor":13,"turns":2},{"damage":17,"enemies":"3 Sentries","floor":14,"turns":3},{"damage":48,"enemies":"Hexaghost","floor":16,"turns":5},{"damage":1,"enemies":"Chosen","floor":18,"turns":3},{"damage":3,"enemies":"3 Byrds","floor":19,"turns":2},{"damage":43,"enemies":"Centurion and Healer","floor":20,"turns":5},{"damage":28,"enemies":"Gremlin Leader","floor":24,"turns":5},{"damage":19,"enemies":"Sentry and Sphere","floor":27,"turns":5},{"damage":0,"enemies":"Chosen and Byrds","floor":28,"turns":3},{"damage":2,"enemies":"Masked Bandits","floor":30,"turns":2},{"damage":18,"enemies":"Centurion and Healer","floor":31,"turns":4},{"damage":73,"enemies":"Automaton","floor":33,"turns":6}],"seed_played":"7605004488480568923","potions_obtained":[{"floor":1,"key":"GamblersBrew"},{"floor":7,"key":"LiquidBronze"},{"floor":14,"key":"Strength Potion"},{"floor":18,"key":"Fire Potion"},{"floor":19,"key":"GamblersBrew"},{"floor":24,"key":"Strength Potion"},{"floor":28,"key":"Weak Potion"}],"is_trial":false,"path_per_floor":["M","?","?","?","$","R","M","R","T","E","R","M","M","E","R","B",null,"M","M","M","?","?","R","E","R","T","M","M","T","?","M","R"],"character_chosen":"IRONCLAD","items_purchased":[],"campfire_rested":4,"item_purchase_floors":[],"current_hp_per_floor":[67,67,67,72,72,72,78,78,78,59,80,80,76,65,65,23,66,71,74,37,37,37,61,39,63,63,50,56,56,60,48,72,0],"gold":120,"neow_bonus":"THREE_RARE_CARDS","is_prod":false,"is_daily":false,"chose_seed":false,"campfire_upgraded":3,"win_rate":0,"timestamp":1536690377,"path_taken":["M","?","?","?","?","R","M","R","T","E","R","M","M","E","R","BOSS","M","?","M","?","?","R","E","R","T","M","?","?","?","M","R","BOSS"],"build_version":"2018-09-06","purchased_purges":0,"victory":false,"max_hp_per_floor":[75,75,75,80,80,80,80,80,80,80,80,80,80,80,80,80,80,80,80,80,80,80,80,80,80,80,80,80,80,80,80,80,80],"card_choices":[{"not_picked":["Dark Embrace","Demon Form"],"picked":"Immolate","floor":0},{"not_picked":["Dropkick","Heavy Blade","Cleave"],"picked":"SKIP","floor":1},{"not_picked":["Armaments","Feel No Pain","Carnage"],"picked":"SKIP","floor":7},{"not_picked":["Shockwave","Dropkick"],"picked":"Bloodletting","floor":10},{"not_picked":["Armaments","Wild Strike"],"picked":"Whirlwind","floor":12},{"not_picked":["Havoc","Bloodletting","Clothesline"],"picked":"SKIP","floor":13},{"not_picked":["Seeing Red","Intimidate","Reaper"],"picked":"SKIP","floor":14},{"not_picked":["Exhume","Reaper"],"picked":"Dark Embrace","floor":16},{"not_picked":["Perfected Strike","Dropkick"],"picked":"Thunderclap","floor":18},{"not_picked":["Clash","Shrug It Off","Reaper"],"picked":"SKIP","floor":19},{"not_picked":["Rampage","Dropkick","Shockwave"],"picked":"SKIP","floor":20},{"not_picked":["Iron Wave+1","Sword Boomerang","True Grit"],"picked":"SKIP","floor":24},{"not_picked":["Havoc","Twin Strike","Armaments"],"picked":"SKIP","floor":27},{"not_picked":["Anger","Fire Breathing","Perfected Strike"],"picked":"SKIP","floor":28},{"not_picked":["Havoc","Armaments"],"picked":"Seeing Red","floor":31},{"not_picked":["Clothesline","Thunderclap","Feel No Pain"],"picked":"SKIP","floor":31}],"player_experience":343414,"relics_obtained":[{"floor":9,"key":"Self Forming Clay"},{"floor":10,"key":"Bronze Scales"},{"floor":14,"key":"Incense Burner"},{"floor":24,"key":"Whetstone"},{"floor":26,"key":"Sundial"},{"floor":29,"key":"Prayer Wheel"},{"floor":30,"key":"Red Mask"}],"event_choices":[{"event_name":"Accursed Blacksmith","player_choice":"Rummage","floor":2,"damage_taken":0},{"event_name":"Living Wall","player_choice":"Forget","floor":3,"damage_taken":0},{"event_name":"Big Fish","player_choice":"Donut","floor":4,"damage_taken":0},{"event_name":"N\u0027loth","player_choice":"Ignored","floor":21,"damage_taken":0},{"event_name":"Beggar","player_choice":"Gave Gold","floor":22,"damage_taken":0},{"event_name":"Masked Bandits","player_choice":"Fought Bandits","floor":30,"damage_taken":0}],"is_beta":false,"boss_relics":[{"not_picked":["White Beast Statue","Busted Crown"],"picked":"Ectoplasm"}],"items_purged_floors":[],"is_endless":false,"potions_floor_spawned":[1,7,14,18,19,24,28],"killed_by":"Automaton","ascension_level":18}