{"path_per_floor":["M","M","$","M","?","E","R","E","T","R","M","?","M","M","R","B",null,"M","M","M","?","?","R","?","E","T","M","$","M","?","M","R","B",null,"M","?","?","M","?","E","R","E","T","$","E","M","$","M","R","B"],"character_chosen":"IRONCLAD","items_purchased":["Iron Wave","Mummified Hand","Oddly Smooth Stone","Apotheosis"],"gold_per_floor":[114,132,34,46,46,74,74,109,132,132,151,151,169,187,187,284,284,298,314,333,333,333,333,333,367,390,401,7,25,25,40,40,135,135,148,0,0,15,67,93,93,120,420,112,144,163,38,51,51,51],"floor_reached":36,"campfire_rested":1,"playtime":21130,"current_hp_per_floor":[36,42,42,48,41,47,47,45,45,45,51,51,57,63,63,69,80,80,80,80,64,64,64,64,58,58,41,41,33,33,39,39,37,80,80,80,70,76,89,94,94,55,55,55,54,60,60,66,94,62],"items_purged":["Strike_R","Strike_R","Strike_R"],"gold":51,"play_id":"2db5e34d-4968-465f-9a77-923314270627","is_prod":false,"is_daily":false,"campfire_rituals":0,"campfire_upgraded":6,"is_hardmode":false,"path_taken":["M","?","?","M","?","E","R","E","T","R","M","?","M","M","R","BOSS","M","M","M","?","?","R","?","E","T","M","$","M","?","M","R","BOSS","M","?","?","M","?","E","R","E","T","?","E","M","$","M","R","BOSS"],"build_version":"2018-01-18-PROD4","purchased_purges":3,"victory":true,"master_deck":["Strike_R","Defend_R","Defend_R","Defend_R","Defend_R","Bash","Impervious","Body Slam","Iron Wave","Inflame","Ghostly Armor","Flame Barrier","Headbutt","Impervious","Ghostly Armor","Flex","Iron Wave","Dual Wield","Body Slam","Juggernaut","Body Slam","Madness","Madness","Spot Weakness","Apotheosis","Double Tap","Entrench","Shrug It Off"],"max_hp_per_floor":[80,80,80,80,80,80,80,80,80,80,80,80,80,80,80,80,80,80,80,80,80,80,80,80,80,80,80,80,80,80,80,80,80,80,80,80,80,80,94,94,94,94,94,94,94,94,94,94,94,94],"relics":["Burning Blood","Calipers","Letter Opener","Juzu Bracelet","Molten Egg","Sozu","Enchiridion","Dream Catcher","War Paint","Mummified Hand","Oddly Smooth Stone","Question Card","Red Mask","Mango","Kunai","Thread and Needle","Old Coin","Prayer Wheel"],"campfire_meditates":0,"card_choices":[{"not_picked":["Ghostly Armor","Perfected Strike"],"picked":"Impervious"},{"not_picked":["Thunderclap","Uppercut"],"picked":"Body Slam"},{"not_picked":["Clothesline","Rage"],"picked":"Inflame"},{"not_picked":["Flex","Searing Blow"],"picked":"Ghostly Armor"},{"not_picked":["Cleave","Havoc"],"picked":"Flame Barrier"},{"not_picked":["Warcry","Armaments"],"picked":"Headbutt"},{"not_picked":["Feed","Brutality"],"picked":"Impervious"},{"not_picked":["Flex","True Grit"],"picked":"Ghostly Armor"},{"not_picked":["Power Through","True Grit"],"picked":"Flex"},{"not_picked":["Cleave","Dropkick"],"picked":"Iron Wave"},{"not_picked":["Headbutt","Spot Weakness"],"picked":"Body Slam"},{"not_picked":["Reaper","Bludgeon"],"picked":"Juggernaut"},{"not_picked":["Anger","Sentinel","Headbutt"],"picked":"Body Slam"},{"not_picked":["Whirlwind","Second Wind","Armaments"],"picked":"Spot Weakness"},{"not_picked":["Iron Wave","Spot Weakness","Perfected Strike"],"picked":"Double Tap"},{"not_picked":["Inflame","Fire Breathing","Infernal Blade"],"picked":"Entrench"},{"not_picked":["Anger","Cleave","Heavy Blade"],"picked":"Shrug It Off"}],"player_experience":326455,"potions_floor_usage":[],"damage_taken":[{"damage":10.0,"enemies":"Blue Slaver","floor":1.0,"turns":6.0},{"damage":0.0,"enemies":"Jaw Worm","floor":2.0,"turns":3.0},{"damage":0.0,"enemies":"Small Slimes","floor":4.0,"turns":3.0},{"damage":0.0,"enemies":"3 Sentries","floor":6.0,"turns":4.0},{"damage":0.0,"enemies":"Lagavulin","floor":8.0,"turns":4.0},{"damage":0.0,"enemies":"2 Fungi Beasts","floor":8.0,"turns":6.0},{"damage":0.0,"enemies":"Exordium Thugs","floor":8.0,"turns":9.0},{"damage":0.0,"enemies":"Red Slaver","floor":8.0,"turns":10.0},{"damage":0.0,"enemies":"Hexaghost","floor":8.0,"turns":13.0},{"damage":0.0,"enemies":"2 Thieves","floor":10.0,"turns":4.0},{"damage":0.0,"enemies":"Spheric Guardian","floor":10.0,"turns":6.0},{"damage":0.0,"enemies":"3 Cultists","floor":11.0,"turns":5.0},{"damage":12.0,"enemies":"Book of Stabbing","floor":16.0,"turns":4.0},{"damage":14.0,"enemies":"Snake Plant","floor":16.0,"turns":6.0},{"damage":14.0,"enemies":"Sentry and Sphere","floor":18.0,"turns":5.0},{"damage":0.0,"enemies":"3 Cultists","floor":20.0,"turns":5.0},{"damage":0.0,"enemies":"Automaton","floor":22.0,"turns":8.0},{"damage":0,"enemies":"3 Darklings","floor":24,"turns":5},{"damage":0,"enemies":"Orb Walker","floor":24,"turns":8},{"damage":0,"enemies":"Mysterious Sphere","floor":25,"turns":4},{"damage":0,"enemies":"2 Orb Walkers","floor":25,"turns":8},{"damage":45,"enemies":"Giant Head","floor":27,"turns":9},{"damage":7,"enemies":"Nemesis","floor":30,"turns":4},{"damage":0,"enemies":"Sphere and 2 Shapes","floor":31,"turns":5},{"damage":0,"enemies":"4 Shapes","floor":33,"turns":6},{"damage":16,"enemies":"Donu and Deca","floor":35,"turns":12}],"event_choices":[{"event_name":"Golden Wing","player_choice":"Card Removal","floor":5.0,"damage_taken":0.0},{"event_name":"Accursed Blacksmith","player_choice":"Forge","floor":8.0,"damage_taken":0.0},{"event_name":"Cursed Tome","player_choice":"Obtained Book","floor":12.0,"damage_taken":0.0},{"event_name":"The Library","player_choice":"Read","floor":13.0,"damage_taken":0.0},{"event_name":"Drug Dealer","player_choice":"Ignored","floor":15.0,"damage_taken":0.0},{"event_name":"Addict","player_choice":"Ignored","floor":19.0,"damage_taken":0.0},{"event_name":"Tomb of Lord Red Mask","player_choice":"Paid","floor":24,"damage_taken":0},{"event_name":"Winding Halls","player_choice":"Embrace Madness","floor":24,"damage_taken":0},{"event_name":"Mysterious Sphere","player_choice":"Fight","floor":25,"damage_taken":0}],"boss_relics":[],"potions_floor_spawned":[1,2,4,8,10,16,16,22,24,31,33],"seed_played":"3133191345250886509","is_trial":false}