{"gold_per_floor":[114,131,148,167,92,92,92,103,128,28,28,79,110,110,110,209,209,219,239,258,278,153,184,199,199,222,222,250,100,118,128,128,233,233,251,269,491,491,316,327,427,460,486,500,523,523],"floor_reached":46,"playtime":948,"items_purged":["Strike_R","Strike_R","Strike_R","Strike_R","Defend_R"],"score":522,"play_id":"783b7709-e1f6-49c5-8ef8-7453dfd50c7d","local_time":"20190427164138","is_ascension_mode":false,"campfire_choices":[{"data":"Whirlwind","floor":6,"key":"SMITH"},{"data":"Bash","floor":11,"key":"SMITH"},{"data":"Defend_R","floor":15,"key":"SMITH"},{"floor":32,"key":"REST"}],"neow_cost":"NONE","seed_source_timestamp":3469489681552535,"circlet_count":0,"master_deck":["Defend_R+1","Defend_R+1","Defend_R+1","Bash+1","Whirlwind+1","Offering","Double Tap+1"],"relics":["Burning Blood","NeowsBlessing","War Paint","Bag of Preparation","Dream Catcher","Velvet Choker","Anchor","Juzu Bracelet","Red Mask","Runic Dome","Ginger","Turnip","PreservedInsect","Pen Nib"],"potions_floor_usage":[4,41],"damage_taken":[{"damage":0,"enemies":"Cultist","floor":1,"turns":1},{"damage":0,"enemies":"Jaw Worm","floor":2,"turns":1},{"damage":0,"enemies":"2 Louse","floor":3,"turns":1},{"damage":9,"enemies":"Gremlin Gang","floor":4,"turns":3},{"damage":21,"enemies":"Exordium Wildlife","floor":8,"turns":3},{"damage":10,"enemies":"3 Sentries","floor":13,"turns":4},{"damage":30,"enemies":"The Guardian","floor":16,"turns":15},{"damage":6,"enemies":"2 Thieves","floor":18,"turns":1},{"damage":16,"enemies":"Chosen","floor":19,"turns":2},{"damage":6,"enemies":"Sentry and Sphere","floor":20,"turns":1},{"damage":27,"enemies":"Snake Plant","floor":21,"turns":2},{"damage":6,"enemies":"Slavers","floor":23,"turns":1},{"damage":6,"enemies":"Snecko","floor":24,"turns":2},{"damage":6,"enemies":"Masked Bandits","floor":28,"turns":1},{"damage":7,"enemies":"Shelled Parasite and Fungi","floor":30,"turns":2},{"damage":6,"enemies":"Snake Plant","floor":31,"turns":2},{"damage":19,"enemies":"Collector","floor":33,"turns":6},{"damage":19,"enemies":"3 Shapes","floor":35,"turns":1},{"damage":6,"enemies":"Orb Walker","floor":36,"turns":2},{"damage":13,"enemies":"4 Shapes","floor":40,"turns":2},{"damage":6,"enemies":"Mind Bloom Boss Battle","floor":41,"turns":2},{"damage":57,"enemies":"Nemesis","floor":42,"turns":5},{"damage":6,"enemies":"Transient","floor":44,"turns":5},{"damage":11,"enemies":"Giant Head","floor":46,"turns":3}],"seed_played":"-2927128427721103306","potions_obtained":[{"floor":2,"key":"SpeedPotion"},{"floor":3,"key":"Fire Potion"},{"floor":18,"key":"EssenceOfSteel"},{"floor":19,"key":"SpeedPotion"},{"floor":21,"key":"SteroidPotion"},{"floor":30,"key":"PowerPotion"},{"floor":33,"key":"SteroidPotion"},{"floor":41,"key":"Strength Potion"}],"is_trial":false,"path_per_floor":["M","M","M","M","$","R","$","M","T","$","R","T","E","?","R","B",null,"M","M","M","M","$","E","M","?","T","?","?","$","M","M","R","B",null,"M","M","?","?","$","M","?","E","T","M","T","E"],"character_chosen":"IRONCLAD","items_purchased":[],"campfire_rested":1,"item_purchase_floors":[],"current_hp_per_floor":[80,80,80,77,77,77,77,62,62,62,62,62,58,58,58,34,80,80,70,70,49,49,49,49,49,49,49,49,49,48,48,72,59,80,67,67,67,67,67,60,60,9,9,9,9,0],"gold":523,"neow_bonus":"THREE_ENEMY_KILL","is_prod":false,"is_daily":false,"chose_seed":false,"campfire_upgraded":3,"win_rate":0,"timestamp":1556379698,"path_taken":["M","M","M","M","$","R","$","M","T","$","R","?","E","?","R","BOSS","M","?","M","M","$","E","M","?","T","?","?","$","M","M","R","BOSS","M","M","?","?","$","M","?","E","T","M","?","E"],"build_version":"2019-01-23","purchased_purges":5,"victory":false,"max_hp_per_floor":[80,80,80,80,80,80,80,80,80,80,80,80,80,80,80,80,80,80,80,80,80,80,80,80,80,80,80,80,80,80,80,80,80,80,80,80,80,76,76,76,76,76,76,76,76,76],"card_choices":[{"not_picked":["Clash","Shrug It Off","Reckless Charge"],"picked":"SKIP","floor":1},{"not_picked":["Inflame","Blood for Blood","Shrug It Off"],"picked":"SKIP","floor":2},{"not_picked":["Feel No Pain","Carnage","Dual Wield"],"picked":"SKIP","floor":3},{"not_picked":["Blood for Blood","Warcry"],"picked":"Whirlwind","floor":4},{"not_picked":["Sword Boomerang","Fire Breathing","Clash"],"picked":"SKIP","floor":8},{"not_picked":["Berserk","Armaments","Spot Weakness"],"picked":"SKIP","floor":13},{"not_picked":["Brutality","Barricade"],"picked":"Double Tap","floor":16},{"not_picked":["Twin Strike","Sword Boomerang","Flame Barrier"],"picked":"SKIP","floor":18},{"not_picked":["Corruption","Fire Breathing","Uppercut+1"],"picked":"SKIP","floor":19},{"not_picked":["Havoc","Twin Strike","Evolve+1"],"picked":"SKIP","floor":20},{"not_picked":["Hemokinesis+1","Clash","Anger"],"picked":"SKIP","floor":21},{"not_picked":["Combust+1","Double Tap","Perfected Strike+1"],"picked":"SKIP","floor":23},{"not_picked":["Combust+1","Double Tap","Perfected Strike+1"],"picked":"SKIP","floor":23},{"not_picked":["Pommel Strike","Heavy Blade","Armaments+1"],"picked":"SKIP","floor":24},{"not_picked":["Headbutt","Flex+1","Burning Pact"],"picked":"SKIP","floor":30},{"not_picked":["Clothesline","Fire Breathing","Spot Weakness"],"picked":"SKIP","floor":31},{"not_picked":["Sever Soul+1","Wild Strike","Seeing Red"],"picked":"SKIP","floor":35},{"not_picked":["Seeing Red+1","Sentinel+1","Perfected Strike+1"],"picked":"SKIP","floor":36},{"not_picked":["Disarm+1","Rupture+1","Wild Strike"],"picked":"SKIP","floor":40},{"not_picked":["Rupture+1","Wild Strike+1","True Grit+1"],"picked":"SKIP","floor":42},{"not_picked":["Anger+1","Shrug It Off","Spot Weakness"],"picked":"SKIP","floor":44}],"player_experience":707311,"relics_obtained":[{"floor":9,"key":"War Paint"},{"floor":12,"key":"Bag of Preparation"},{"floor":13,"key":"Dream Catcher"},{"floor":23,"key":"Anchor"},{"floor":26,"key":"Juzu Bracelet"},{"floor":28,"key":"Red Mask"},{"floor":41,"key":"Ginger"},{"floor":42,"key":"Turnip"},{"floor":43,"key":"PreservedInsect"},{"floor":45,"key":"Pen Nib"}],"event_choices":[{"damage_healed":0,"gold_gain":0,"cards_transformed":["Strike_R"],"player_choice":"Transformed","damage_taken":0,"max_hp_gain":0,"max_hp_loss":0,"event_name":"Transmorgrifier","floor":14,"gold_loss":0,"cards_obtained":["Offering"]},{"damage_healed":0,"gold_gain":0,"player_choice":"Upgraded","damage_taken":0,"max_hp_gain":0,"max_hp_loss":0,"event_name":"Upgrade Shrine","floor":25,"gold_loss":0,"cards_upgraded":["Double Tap"]},{"damage_healed":0,"gold_gain":0,"player_choice":"Ignored","damage_taken":0,"max_hp_gain":0,"max_hp_loss":0,"event_name":"NoteForYourself","floor":27,"gold_loss":0},{"damage_healed":0,"gold_gain":0,"player_choice":"Fought Bandits","damage_taken":0,"max_hp_gain":0,"max_hp_loss":0,"event_name":"Masked Bandits","floor":28,"gold_loss":0},{"damage_healed":0,"gold_gain":222,"player_choice":"Wore Mask","damage_taken":0,"max_hp_gain":0,"max_hp_loss":0,"event_name":"Tomb of Lord Red Mask","floor":37,"gold_loss":0},{"damage_healed":0,"gold_gain":0,"player_choice":"Max HP","damage_taken":0,"max_hp_gain":0,"max_hp_loss":4,"event_name":"Winding Halls","floor":38,"gold_loss":0},{"damage_healed":0,"gold_gain":0,"player_choice":"Fight","damage_taken":0,"max_hp_gain":0,"max_hp_loss":0,"event_name":"MindBloom","floor":41,"gold_loss":0}],"is_beta":false,"boss_relics":[{"not_picked":["Cursed Key","Runic Cube"],"picked":"Velvet Choker"},{"not_picked":["Lizard Tail","Snecko Eye"],"picked":"Runic Dome"}],"items_purged_floors":[5,10,22,29,39],"is_endless":false,"potions_floor_spawned":[2,3,18,19,21,30,33,36,41],"killed_by":"Giant Head","ascension_level":0}