{"path_per_floor":["M","?","M","M","M","R","M","R","T","?","M","$","E","$","R","B",null,"M","$","M","M","?","R","E","R","T","?","R","M","M"],"character_chosen":"THE_SILENT","items_purchased":["Finisher","Cloak And Dagger"],"gold_per_floor":[10,10,26,40,51,51,67,67,93,120,130,55,84,49,49,152,152,170,20,30,48,48,48,79,79,79,79,79,93,112],"floor_reached":31,"campfire_rested":3,"playtime":1855,"current_hp_per_floor":[66,66,66,66,61,61,60,60,60,49,48,48,22,22,43,2,70,66,66,43,22,22,43,6,27,27,50,50,39,21],"items_purged":["Strike_G","Strike_G"],"gold":112,"play_id":"d22d6f36-4ff3-43ef-abb8-419edd55b669","is_prod":false,"is_daily":false,"campfire_rituals":0,"campfire_upgraded":2,"is_hardmode":false,"path_taken":["M","?","?","M","M","R","M","R","T","?","M","?","E","$","R","BOSS","M","$","M","M","?","R","E","R","T","?","R","M","?","M"],"build_version":"2018-01-11-PROD2","purchased_purges":2,"victory":false,"master_deck":["Defend_G","Defend_G","Defend_G","Strike_G","Strike_G","Survivor","Neutralize","Infinite Blades","Blade Dance","Accuracy","Finisher","Envenom","Bane","Cloak And Dagger","Calculated Gamble","Bane","Flying Knee","Blur"],"max_hp_per_floor":[70,70,70,70,70,70,70,70,70,70,70,70,70,70,70,70,70,70,70,70,70,70,70,70,70,70,70,70,70,70],"relics":["Ring of the Snake","Prayer Wheel","Odd Mushroom","Snake Skull","The Specimen","Pantograph","Girya"],"campfire_meditates":0,"card_choices":[{"not_picked":["Eviscerate","Deadly Poison"],"picked":"Infinite Blades"},{"not_picked":["Sucker Punch","Crippling Poison"],"picked":"Blade Dance"},{"not_picked":["All Out Attack","Footwork"],"picked":"Accuracy"},{"not_picked":["Adrenaline","Glass Knife"],"picked":"Envenom"},{"not_picked":["Underhanded Strike","Prepared"],"picked":"Bane"},{"not_picked":["Acrobatics","Malaise"],"picked":"Calculated Gamble"},{"not_picked":["Outmaneuver","Die Die Die"],"picked":"Bane"},{"not_picked":["Dodge and Roll","Bouncing Flask"],"picked":"Flying Knee"},{"not_picked":["Outmaneuver","Slice"],"picked":"Blur"}],"player_experience":216670,"potions_floor_usage":[10,13,20,20,21],"damage_taken":[{"damage":4,"enemies":"Blue Slaver","floor":1,"turns":5},{"damage":0,"enemies":"Cultist","floor":3,"turns":3},{"damage":0,"enemies":"2 Louse","floor":4,"turns":3},{"damage":5,"enemies":"Large Slime","floor":5,"turns":6},{"damage":1,"enemies":"Red Slaver","floor":7,"turns":5},{"damage":11,"enemies":"The Mushroom Lair","floor":10,"turns":5},{"damage":1,"enemies":"Exordium Thugs","floor":11,"turns":5},{"damage":26,"enemies":"3 Sentries","floor":13,"turns":6},{"damage":41,"enemies":"The Guardian","floor":16,"turns":9},{"damage":4,"enemies":"Chosen","floor":18,"turns":5},{"damage":23,"enemies":"2 Thieves","floor":20,"turns":4},{"damage":27,"enemies":"Snake Plant","floor":21,"turns":4},{"damage":37,"enemies":"Book of Stabbing","floor":24,"turns":6},{"damage":11,"enemies":"Centurion and Healer","floor":29,"turns":4},{"damage":18,"enemies":"3 Cultists","floor":30,"turns":5},{"damage":22,"enemies":"Snake Plant","floor":31,"turns":2}],"event_choices":[{"event_name":"Upgrade Shrine","player_choice":"Upgraded","floor":2,"damage_taken":0},{"event_name":"Mushrooms","player_choice":"Fought Mushrooms","floor":10,"damage_taken":0},{"event_name":"Wheel of Change","player_choice":"Card Removal","floor":22,"damage_taken":0},{"event_name":"The Library","player_choice":"Heal","floor":27,"damage_taken":0}],"boss_relics":[{"not_picked":["Snecko Eye","Black Star"],"picked":"The Specimen"}],"potions_floor_spawned":[1,5,11,13,16,18,30],"seed_played":"6099011480579926398","killed_by":"Snake Plant","is_trial":false}