{"gold_per_floor":[115,115,132,132,43,43,76,76,101,101,121,135,152,65,65,165,165,185,235,115,125,125,125,158,158,158,158,169,182,182],"floor_reached":30,"playtime":2144,"items_purged":["Strike_B"],"score":273,"play_id":"8eec781f-a7f6-4cc6-99d6-d23a8be5c878","local_time":"20181218143308","is_ascension_mode":true,"campfire_choices":[{"data":"Dualcast","floor":6,"key":"SMITH"},{"data":"Defragment","floor":8,"key":"SMITH"},{"data":"Zap","floor":10,"key":"SMITH"},{"floor":15,"key":"REST"},{"data":"Gash","floor":23,"key":"SMITH"},{"floor":25,"key":"REST"}],"neow_cost":"NONE","seed_source_timestamp":2910361525530005,"circlet_count":0,"master_deck":["Strike_B","Strike_B","Strike_B","Defend_B","Defend_B","Defend_B","Defend_B","Zap+1","Dualcast+1","Steam","Beam Cell","Zap","Finesse","Defragment+1","Melter","Streamline","Coolheaded","Flash of Steel","All For One","Sweeping Beam","Cold Snap","Gash+1","Scrape","Auto Shields","Leap"],"relics":["Cracked Core","Question Card","Philosopher\u0027s Stone","Bottled Flame","Letter Opener","MutagenicStrength"],"potions_floor_usage":[7,21,24,24],"damage_taken":[{"damage":2,"enemies":"2 Louse","floor":1,"turns":2},{"damage":0,"enemies":"Cultist","floor":3,"turns":4},{"damage":27,"enemies":"3 Sentries","floor":7,"turns":8},{"damage":2,"enemies":"Jaw Worm","floor":11,"turns":2},{"damage":5,"enemies":"Lots of Slimes","floor":12,"turns":4},{"damage":8,"enemies":"Exordium Wildlife","floor":13,"turns":3},{"damage":28,"enemies":"The Guardian","floor":16,"turns":9},{"damage":24,"enemies":"Chosen","floor":18,"turns":6},{"damage":12,"enemies":"3 Byrds","floor":21,"turns":2},{"damage":33,"enemies":"Book of Stabbing","floor":24,"turns":6},{"damage":7,"enemies":"Centurion and Healer","floor":28,"turns":5},{"damage":10,"enemies":"Cultist and Chosen","floor":29,"turns":5},{"damage":16,"enemies":"Snake Plant","floor":30,"turns":2}],"seed_played":"-7163766207989315200","potions_obtained":[{"floor":0,"key":"FocusPotion"},{"floor":0,"key":"SpeedPotion"},{"floor":0,"key":"Swift Potion"},{"floor":2,"key":"PowerPotion"},{"floor":11,"key":"PowerPotion"}],"is_trial":false,"path_per_floor":["M","?","M","?","$","R","E","R","T","R","M","M","M","$","R","B",null,"M","?","$","M","$","R","E","R","T","?","M","M","M"],"character_chosen":"DEFECT","items_purchased":["Finesse","Flash of Steel","Cold Snap"],"campfire_rested":2,"item_purchase_floors":[5,14,20],"current_hp_per_floor":[73,73,73,73,73,73,46,46,46,46,44,39,31,31,53,25,75,51,51,51,39,39,39,6,28,28,28,21,11,0],"gold":182,"neow_bonus":"THREE_SMALL_POTIONS","is_prod":false,"is_daily":false,"chose_seed":false,"campfire_upgraded":4,"win_rate":0,"timestamp":1545165188,"path_taken":["M","?","?","?","$","R","E","R","T","R","M","?","M","?","R","BOSS","M","?","$","?","$","R","E","R","T","?","M","M","M"],"build_version":"2018-12-13","purchased_purges":1,"victory":false,"max_hp_per_floor":[75,75,75,75,75,75,75,75,75,75,75,75,75,75,75,75,75,75,75,75,75,75,75,75,75,75,75,75,75,75],"card_choices":[{"not_picked":["Heatsinks","Hologram"],"picked":"Steam","floor":1},{"not_picked":["Hologram","Capacitor"],"picked":"Beam Cell","floor":3},{"not_picked":["Static Discharge","Steam"],"picked":"Defragment","floor":7},{"not_picked":["Skim","White Noise","Go for the Eyes"],"picked":"Melter","floor":11},{"not_picked":["Amplify","Heatsinks","Ball Lightning"],"picked":"Streamline","floor":12},{"not_picked":["Rebound","Conserve Battery","Consume"],"picked":"Coolheaded","floor":13},{"not_picked":["Hyperbeam","Fission","Creative AI"],"picked":"All For One","floor":16},{"not_picked":["Compile Driver","Genetic Algorithm","Go for the Eyes+1"],"picked":"Sweeping Beam","floor":18},{"not_picked":["Sweeping Beam+1","Coolheaded","Rebound+1"],"picked":"Gash","floor":21},{"not_picked":["Scrape","Rainbow","Streamline","Capacitor"],"picked":"SKIP","floor":24},{"not_picked":["Rainbow","Streamline","Capacitor"],"picked":"Scrape","floor":24},{"not_picked":["Aggregate+1","BootSequence+1","Doom and Gloom+1"],"picked":"Auto Shields","floor":28},{"not_picked":["Rebound","Genetic Algorithm","Reinforced Body"],"picked":"Leap","floor":29}],"player_experience":237524,"relics_obtained":[{"floor":7,"key":"Question Card"},{"floor":24,"key":"Bottled Flame"},{"floor":26,"key":"Letter Opener"}],"event_choices":[{"damage_healed":0,"gold_gain":0,"player_choice":"Got Potions","damage_taken":0,"max_hp_gain":0,"max_hp_loss":0,"event_name":"Lab","floor":2,"gold_loss":0},{"damage_healed":0,"gold_gain":0,"player_choice":"1 cards matched","damage_taken":0,"max_hp_gain":0,"max_hp_loss":0,"event_name":"Match and Keep!","floor":4,"gold_loss":0,"cards_obtained":["Zap"]},{"damage_healed":0,"gold_gain":100,"player_choice":"Bet on Murderer","damage_taken":0,"max_hp_gain":0,"max_hp_loss":0,"event_name":"The Joust","floor":19,"gold_loss":50},{"damage_healed":0,"gold_gain":0,"player_choice":"Inject Mutagens","damage_taken":0,"relics_obtained":["MutagenicStrength"],"max_hp_gain":0,"max_hp_loss":0,"event_name":"Drug Dealer","floor":27,"gold_loss":0}],"is_beta":false,"boss_relics":[{"not_picked":["Busted Crown","Snecko Eye"],"picked":"Philosopher\u0027s Stone"}],"items_purged_floors":[20],"is_endless":false,"potions_floor_spawned":[11,12,18],"killed_by":"Snake Plant","ascension_level":2}