{"gold_per_floor":[112,112,37,37,37,37,37,64,89,38,50,62,62,36,36,141,141,161,4,4,4,24,24,41,41,41,41,58,70,80,0,0,95,95,105,119,119,138,41,41,52,52,76,76,86,99,99,127,127,127,127,127,0,32,32],"floor_reached":55,"playtime":2161,"items_purged":["Regret"],"score":695,"play_id":"23630e2d-f7cd-4d9f-b179-573fc9f520d9","local_time":"20190420173954","is_ascension_mode":false,"campfire_choices":[{"data":"Bash","floor":6,"key":"SMITH"},{"floor":15,"key":"REST"},{"data":"Inflame","floor":23,"key":"SMITH"},{"floor":27,"key":"RECALL"},{"data":"Armaments","floor":32,"key":"SMITH"},{"data":"True Grit","floor":40,"key":"SMITH"},{"data":"Clothesline","floor":42,"key":"SMITH"},{"floor":47,"key":"REST"},{"floor":49,"key":"REST"},{"data":"True Grit","floor":52,"key":"SMITH"}],"neow_cost":"NONE","seed_source_timestamp":2866945752623412,"circlet_count":0,"master_deck":["Strike_R","Strike_R","Strike_R","Strike_R","Defend_R","Defend_R+1","Defend_R","Defend_R","Bash+1","Shrug It Off+1","Thunderclap+1","Shrug It Off","Inflame+1","Limit Break+1","Armaments+1","Shockwave+1","Ghostly Armor","Sentinel","Clothesline+1","Heavy Blade+1","True Grit+1","True Grit+1"],"relics":["Mark of Pain","Mummified Hand","Question Card","Ornamental Fan","Art of War","Busted Crown","Orichalcum","Potion Belt","Runic Pyramid","Bronze Scales","Happy Flower","Paper Frog"],"potions_floor_usage":[30,33,33,33,45,45,48,48,48,50,55,55,55],"damage_taken":[{"damage":3,"enemies":"Small Slimes","floor":1,"turns":3},{"damage":31,"enemies":"3 Sentries","floor":8,"turns":19},{"damage":0,"enemies":"2 Louse","floor":11,"turns":2},{"damage":0,"enemies":"Jaw Worm","floor":12,"turns":4},{"damage":28,"enemies":"Hexaghost","floor":16,"turns":10},{"damage":9,"enemies":"3 Byrds","floor":18,"turns":6},{"damage":0,"enemies":"Chosen","floor":22,"turns":4},{"damage":18,"enemies":"Sentry and Sphere","floor":24,"turns":5},{"damage":8,"enemies":"Chosen and Byrds","floor":28,"turns":6},{"damage":6,"enemies":"Snake Plant","floor":29,"turns":5},{"damage":9,"enemies":"Centurion and Healer","floor":30,"turns":13},{"damage":39,"enemies":"Automaton","floor":33,"turns":10},{"damage":2,"enemies":"Orb Walker","floor":35,"turns":6},{"damage":15,"enemies":"3 Darklings","floor":36,"turns":6},{"damage":0,"enemies":"4 Shapes","floor":38,"turns":6},{"damage":6,"enemies":"Writhing Mass","floor":41,"turns":6},{"damage":18,"enemies":"Jaw Worm Horde","floor":45,"turns":4},{"damage":11,"enemies":"Maw","floor":46,"turns":8},{"damage":47,"enemies":"Reptomancer","floor":48,"turns":4},{"damage":13,"enemies":"Awakened One","floor":50,"turns":12},{"damage":75,"enemies":"Shield and Spear","floor":54,"turns":9},{"damage":36,"enemies":"The Heart","floor":55,"turns":3}],"seed_played":"-3322182405977550210","potions_obtained":[{"floor":1,"key":"Ancient Potion"},{"floor":12,"key":"Regen Potion"},{"floor":28,"key":"Weak Potion"},{"floor":29,"key":"Swift Potion"},{"floor":30,"key":"Swift Potion"},{"floor":36,"key":"Swift Potion"},{"floor":38,"key":"Energy Potion"},{"floor":41,"key":"EssenceOfSteel"},{"floor":46,"key":"Swift Potion"},{"floor":54,"key":"GamblersBrew"}],"is_trial":false,"path_per_floor":["M","?","$","?","?","R","?","E","T","$","M","M","?","?","R","B",null,"M","$","?","$","M","R","M","T","T","R","M","M","M","?","R","B",null,"M","M","?","M","$","R","M","R","T","?","M","M","R","E","R","B",null,"R","$","E","B"],"character_chosen":"IRONCLAD","items_purchased":["SteroidPotion","Orichalcum","True Grit","SkillPotion","SpeedPotion","Ancient Potion"],"campfire_rested":3,"item_purchase_floors":[10,19,39,39,53,53],"current_hp_per_floor":[77,77,77,61,54,54,47,16,16,16,16,16,16,16,40,12,80,71,71,71,71,71,71,53,53,53,53,45,39,30,30,30,6,80,78,63,63,63,63,63,57,57,57,57,39,28,52,5,29,16,80,80,80,5,0],"gold":32,"neow_bonus":"BOSS_RELIC","is_prod":false,"is_daily":false,"chose_seed":false,"campfire_upgraded":6,"win_rate":0,"timestamp":1555778394,"path_taken":["M","?","$","?","?","R","?","E","T","?","?","M","?","?","R","BOSS","M","$","?","$","M","R","?","?","T","R","?","M","M","?","R","BOSS","M","M","?","M","$","R","M","R","T","?","?","M","R","E","R","BOSS","R","$","E","BOSS"],"build_version":"2019-01-23","purchased_purges":1,"victory":false,"max_hp_per_floor":[80,80,80,80,80,80,80,80,80,80,80,80,80,80,80,80,80,80,80,80,80,80,80,80,80,80,80,80,80,80,80,80,80,80,80,80,80,80,80,80,80,80,80,80,80,80,80,80,80,80,80,80,80,80,80],"card_choices":[{"not_picked":["Dropkick","Intimidate"],"picked":"Shrug It Off","floor":1},{"not_picked":["Heavy Blade","Perfected Strike","Havoc"],"picked":"Thunderclap","floor":8},{"not_picked":["Wild Strike","Evolve","Seeing Red"],"picked":"Shrug It Off","floor":11},{"not_picked":["Body Slam","Heavy Blade","Havoc"],"picked":"Inflame","floor":12},{"not_picked":["Feed","Exhume","Reaper"],"picked":"Limit Break","floor":16},{"not_picked":["Pommel Strike"],"picked":"Armaments","floor":18},{"not_picked":["Evolve","Perfected Strike"],"picked":"SKIP","floor":22},{"not_picked":["Seeing Red+1"],"picked":"Shockwave+1","floor":24},{"not_picked":["Warcry"],"picked":"Ghostly Armor","floor":28},{"not_picked":["Twin Strike","Body Slam"],"picked":"SKIP","floor":29},{"not_picked":["Sword Boomerang"],"picked":"Sentinel","floor":30},{"not_picked":["Havoc+1","Hemokinesis"],"picked":"SKIP","floor":35},{"not_picked":["Rupture"],"picked":"Clothesline","floor":36},{"not_picked":["Dual Wield+1"],"picked":"Heavy Blade+1","floor":38},{"not_picked":["Evolve","Warcry"],"picked":"SKIP","floor":41},{"not_picked":["Havoc+1","Brutality"],"picked":"SKIP","floor":45},{"not_picked":["Perfected Strike+1"],"picked":"True Grit","floor":46},{"not_picked":["Anger+1","Havoc"],"picked":"SKIP","floor":48},{"not_picked":["Havoc","Pommel Strike"],"picked":"SKIP","floor":54}],"player_experience":614329,"relics_obtained":[{"floor":8,"key":"Ornamental Fan"},{"floor":9,"key":"Art of War"},{"floor":26,"key":"Potion Belt"},{"floor":43,"key":"Bronze Scales"},{"floor":48,"key":"Happy Flower"},{"floor":54,"key":"Paper Frog"}],"event_choices":[{"damage_healed":0,"gold_gain":0,"player_choice":"Box","damage_taken":0,"relics_obtained":["Mummified Hand"],"max_hp_gain":0,"max_hp_loss":0,"event_name":"Big Fish","floor":2,"gold_loss":0,"cards_obtained":["Regret"]},{"damage_healed":0,"gold_gain":0,"player_choice":"Entered Light","damage_taken":16,"max_hp_gain":0,"max_hp_loss":0,"event_name":"Shining Light","floor":4,"gold_loss":0,"cards_upgraded":["Shrug It Off","Defend_R"]},{"cards_removed":["Strike_R"],"damage_healed":0,"gold_gain":0,"player_choice":"Card Removal","damage_taken":7,"max_hp_gain":0,"max_hp_loss":0,"event_name":"Golden Wing","floor":5,"gold_loss":0},{"damage_healed":0,"gold_gain":0,"player_choice":"Success","damage_taken":7,"relics_obtained":["Question Card"],"max_hp_gain":0,"max_hp_loss":0,"event_name":"Scrap Ooze","floor":7,"gold_loss":0},{"damage_healed":0,"gold_gain":0,"player_choice":"Grow","damage_taken":0,"max_hp_gain":0,"max_hp_loss":0,"event_name":"Living Wall","floor":13,"gold_loss":0,"cards_upgraded":["Thunderclap"]},{"damage_healed":0,"gold_gain":0,"player_choice":"Left Gold","damage_taken":0,"max_hp_gain":0,"max_hp_loss":0,"event_name":"World of Goop","floor":14,"gold_loss":26},{"damage_healed":0,"gold_gain":0,"player_choice":"Upgraded","damage_taken":0,"max_hp_gain":0,"max_hp_loss":0,"event_name":"Upgrade Shrine","floor":20,"gold_loss":0,"cards_upgraded":["Limit Break"]},{"damage_healed":0,"gold_gain":0,"player_choice":"Paid Fearfully","damage_taken":0,"max_hp_gain":0,"max_hp_loss":0,"event_name":"Masked Bandits","floor":31,"gold_loss":80},{"damage_healed":0,"gold_gain":0,"player_choice":"Memory 1","damage_taken":0,"max_hp_gain":0,"max_hp_loss":0,"event_name":"SensoryStone","floor":37,"gold_loss":0},{"damage_healed":0,"gold_gain":0,"player_choice":"Ignored","damage_taken":0,"max_hp_gain":0,"max_hp_loss":0,"event_name":"Transmorgrifier","floor":44,"gold_loss":0}],"is_beta":false,"boss_relics":[{"not_picked":["Eternal Feather","Runic Cube"],"picked":"Busted Crown"},{"not_picked":["Coffee Dripper","Runic Dome"],"picked":"Runic Pyramid"}],"items_purged_floors":[3],"is_endless":false,"potions_floor_spawned":[1,12,16,28,29,30,36,38,41,46,54],"killed_by":"The Heart","ascension_level":0}