{"path_per_floor":["M","M","$","M","M","R","?","R","T","E","T","M","$","M","R","B",null,"M","?","?","M","?","E","M","R","T","?","R","T","$","M","R","B",null,"M","M","?","$","M","R","?","M","T","?","?","M","$","E","R"],"character_chosen":"THE_SILENT","items_purchased":["Infinite Blades","Escape Plan","Outmaneuver","Whetstone","Anchor","Mummified Hand"],"gold_per_floor":[112,122,18,29,49,49,109,109,109,140,140,158,31,46,46,149,149,163,88,88,98,98,125,139,139,164,164,164,234,79,99,99,202,202,212,227,227,81,101,101,147,158,158,0,250,263,21,51,51],"floor_reached":50,"campfire_rested":3,"playtime":6649,"current_hp_per_floor":[57,57,57,53,45,45,33,33,33,17,17,16,16,16,37,3,70,63,63,63,60,60,25,29,50,50,49,49,49,49,49,49,3,49,17,23,23,23,23,37,25,29,29,29,29,42,42,45,45],"items_purged":["Strike_G"],"gold":51,"play_id":"f4d0eaef-20ed-4460-9e64-15fa602723b0","is_prod":false,"is_daily":false,"is_ascension_mode":false,"campfire_upgraded":5,"path_taken":["M","?","?","M","?","R","?","R","T","E","?","?","$","M","R","BOSS","M","?","?","M","?","E","?","R","T","?","R","?","$","?","R","BOSS","M","M","?","$","M","R","?","?","T","?","?","?","$","E","R","BOSS"],"build_version":"2018-02-01-PROD3","purchased_purges":1,"victory":false,"master_deck":["Defend_G","Defend_G","Defend_G","Defend_G","Survivor","Neutralize","Quick Slash","Prepared+1","Infinite Blades+1","Escape Plan","Backstab+1","Dagger Throw+1","Backflip","Dagger Throw","Poisoned Stab","Slice+1","Wraith Form+1","Slice","Blade Dance","Choke+1","Backstab+1","Bite","Bite","Bite","Bite","Bite","Tools of the Trade","Writhe","Doubt","Injury","Flying Knee","Noxious Fumes+1","Prepared+1","Deflect+1","Dagger Spray+1","Outmaneuver+1","Regret","Dagger Spray+1","Finisher+1"],"max_hp_per_floor":[70,70,70,70,70,70,70,70,70,70,70,70,70,70,70,70,70,70,70,70,70,70,70,70,70,70,49,49,49,49,49,49,49,49,49,49,49,49,49,49,49,49,49,49,49,49,49,49,49],"relics":["Ring of the Snake","Orichalcum","Dream Catcher","Unceasing Top","Bird Faced Urn","Sozu","Bag of Preparation","Tough Bandages","Ancient Tea Set","Toolbox","Whetstone","Calling Bell","Lantern","Ginger","Toxic Egg 2","Anchor","Gambling Chip","Thread and Needle","Red Mask","Mummified Hand","Pen Nib"],"card_choices":[{"not_picked":["Slice","PiercingWail"],"picked":"Quick Slash"},{"not_picked":["Flechettes","Acrobatics"],"picked":"Prepared"},{"not_picked":["Poisoned Stab","Malaise"],"picked":"Backstab"},{"not_picked":["Poisoned Stab","Sucker Punch"],"picked":"Dagger Throw"},{"not_picked":["Deadly Poison","Burst"],"picked":"Backflip"},{"not_picked":["PiercingWail","Skewer"],"picked":"Dagger Throw"},{"not_picked":["Well Laid Plans","Acrobatics"],"picked":"Poisoned Stab"},{"not_picked":["Deadly Poison","Backflip"],"picked":"Slice"},{"not_picked":["Adrenaline","Burst"],"picked":"Wraith Form"},{"not_picked":["Calculated Gamble","Prepared"],"picked":"Slice"},{"not_picked":["Poisoned Stab","Terror"],"picked":"Blade Dance"},{"not_picked":["PiercingWail","Endless Agony"],"picked":"Choke"},{"not_picked":["Sucker Punch","Burst"],"picked":"Backstab"},{"not_picked":["Doppelganger","Die Die Die"],"picked":"Tools of the Trade"},{"not_picked":["Bouncing Flask","Dagger Throw"],"picked":"Flying Knee"},{"not_picked":["Distraction","Quick Slash"],"picked":"Noxious Fumes"},{"not_picked":["Backflip","Leg Sweep"],"picked":"Prepared"},{"not_picked":["Footwork","Dash"],"picked":"Deflect"},{"not_picked":["Poisoned Stab","Dagger Throw"],"picked":"Dagger Spray"},{"not_picked":["Dodge and Roll","Crippling Poison"],"picked":"Outmaneuver"},{"not_picked":["Night Terror","Dagger Throw"],"picked":"Dagger Spray"},{"not_picked":["Poisoned Stab","Flechettes"],"picked":"Finisher"}],"player_experience":6772,"potions_floor_usage":[10,16,16],"damage_taken":[{"damage":13,"enemies":"Blue Slaver","floor":1,"turns":4},{"damage":0,"enemies":"Cultist","floor":2,"turns":3},{"damage":4,"enemies":"Jaw Worm","floor":4,"turns":4},{"damage":8,"enemies":"Lots of Slimes","floor":5,"turns":3},{"damage":12,"enemies":"3 Sentries","floor":7,"turns":7},{"damage":16,"enemies":"Lagavulin","floor":10,"turns":7},{"damage":3,"enemies":"Exordium Wildlife","floor":12,"turns":6},{"damage":2,"enemies":"Large Slime","floor":14,"turns":5},{"damage":36,"enemies":"Hexaghost","floor":16,"turns":12},{"damage":7,"enemies":"Chosen","floor":18,"turns":5},{"damage":7,"enemies":"3 Byrds","floor":21,"turns":4},{"damage":39,"enemies":"Book of Stabbing","floor":23,"turns":6},{"damage":0,"enemies":"Centurion and Healer","floor":24,"turns":4},{"damage":0,"enemies":"Cultist and Chosen","floor":31,"turns":3},{"damage":60,"enemies":"Automaton","floor":33,"turns":7},{"damage":48,"enemies":"3 Darklings","floor":35,"turns":6},{"damage":4,"enemies":"Orb Walker","floor":36,"turns":3},{"damage":22,"enemies":"Maw","floor":39,"turns":6},{"damage":26,"enemies":"Mysterious Sphere","floor":41,"turns":5},{"damage":12,"enemies":"3 Darklings","floor":42,"turns":5},{"damage":7,"enemies":"4 Shapes","floor":46,"turns":5},{"damage":11,"enemies":"2 Orb Walkers","floor":48,"turns":4},{"damage":66,"enemies":"Donu and Deca","floor":50,"turns":8}],"event_choices":[{"event_name":"Dead Adventurer","player_choice":"Searched \u00272\u0027 times","floor":7,"damage_taken":0},{"event_name":"Beggar","player_choice":"Gave Gold","floor":19,"damage_taken":0},{"event_name":"The Mausoleum","player_choice":"Yes","floor":20,"damage_taken":0},{"event_name":"The Woman in Blue","player_choice":"Bought 0 Potions","floor":22,"damage_taken":0},{"event_name":"Vampires","player_choice":"Became a vampire","floor":27,"damage_taken":0},{"event_name":"Mysterious Sphere","player_choice":"Fight","floor":41,"damage_taken":0},{"event_name":"Tomb of Lord Red Mask","player_choice":"Paid","floor":44,"damage_taken":0},{"event_name":"Golden Shrine","player_choice":"Desecrate","floor":45,"damage_taken":0}],"boss_relics":[{"not_picked":["Question Card","Cursed Key"],"picked":"Sozu"},{"not_picked":["Runic Dome","Black Star"],"picked":"Calling Bell"}],"potions_floor_spawned":[4,5,10,14,16,21,23,33,35,46,48],"seed_played":"1766726511904316715","killed_by":"Donu and Deca","ascension_level":0,"is_trial":false}