{"gold_per_floor":[114,114,289,310,16,16,49,49,49,49,67,16,16,40,40,160,160,179,204,227,26,26,26,26,26,107,107,140,140,140,169,169,264,264,281,3,15,15,27,59,75,106,106,131,131,131,131],"floor_reached":48,"playtime":3519,"items_purged":["Doubt"],"score":1288,"play_id":"8e366697-3ccd-4938-aee9-eeb8912d544f","local_time":"20190114224441","is_ascension_mode":true,"campfire_choices":[{"data":"Neutralize","floor":6,"key":"SMITH"},{"floor":8,"key":"REST"},{"data":"Footwork","floor":10,"key":"SMITH"},{"data":"Well Laid Plans","floor":13,"key":"SMITH"},{"data":"Backflip","floor":15,"key":"SMITH"},{"data":"Adrenaline","floor":23,"key":"SMITH"},{"data":"Deflect","floor":27,"key":"SMITH"},{"data":"Backflip","floor":30,"key":"SMITH"},{"data":"Backflip","floor":32,"key":"SMITH"},{"floor":45,"key":"RECALL"}],"neow_cost":"NONE","seed_source_timestamp":785003374321702,"circlet_count":0,"master_deck":["AscendersBane","Defend_G+1","Defend_G+1","Defend_G+1","Defend_G+1","Defend_G+1","Strike_G+1","Strike_G+1","Strike_G+1","Strike_G+1","Strike_G+1","Survivor+1","Neutralize+1","Adrenaline+1","Predator+1","Footwork+1","Backflip+1","Well Laid Plans+1","Backflip+1","Glass Knife+1","Backflip+1","Deflect+1","Well Laid Plans+1","Footwork+1","Shame","Malaise+1","Envenom+1","Dodge and Roll+1","Footwork+1","Noxious Fumes+1","Sucker Punch+1","Caltrops+1","Backflip+1","Decay"],"relics":["Ring of the Snake","Bloody Idol","Happy Flower","Letter Opener","Regal Pillow","Cursed Key","DollysMirror","Singing Bowl","Snake Skull","Bag of Preparation","Coffee Dripper","Chemical X","Mark of the Bloom","Pantograph","Pen Nib","Thread and Needle","Centennial Puzzle"],"potions_floor_usage":[16,28,28,28,31,41,41,42,47],"damage_taken":[{"damage":0,"enemies":"Small Slimes","floor":1,"turns":3},{"damage":26,"enemies":"Jaw Worm","floor":4,"turns":10},{"damage":16,"enemies":"3 Sentries","floor":7,"turns":12},{"damage":0,"enemies":"2 Louse","floor":11,"turns":3},{"damage":0,"enemies":"The Guardian","floor":16,"turns":17},{"damage":0,"enemies":"Shell Parasite","floor":18,"turns":6},{"damage":4,"enemies":"3 Byrds","floor":19,"turns":7},{"damage":5,"enemies":"Snecko","floor":20,"turns":6},{"damage":15,"enemies":"Slavers","floor":28,"turns":5},{"damage":1,"enemies":"Gremlin Leader","floor":31,"turns":11},{"damage":9,"enemies":"Champ","floor":33,"turns":49},{"damage":0,"enemies":"Orb Walker","floor":35,"turns":4},{"damage":6,"enemies":"3 Shapes","floor":37,"turns":9},{"damage":1,"enemies":"Spire Growth","floor":39,"turns":7},{"damage":4,"enemies":"Nemesis","floor":40,"turns":9},{"damage":1,"enemies":"Jaw Worm Horde","floor":41,"turns":4},{"damage":3,"enemies":"Giant Head","floor":42,"turns":7},{"damage":0,"enemies":"Reptomancer","floor":44,"turns":7},{"damage":0,"enemies":"Donu and Deca","floor":47,"turns":10}],"seed_played":"4324262152329013298","potions_obtained":[{"floor":4,"key":"Poison Potion"},{"floor":11,"key":"AttackPotion"},{"floor":16,"key":"FearPotion"},{"floor":19,"key":"PowerPotion"},{"floor":28,"key":"Strength Potion"},{"floor":33,"key":"GamblersBrew"},{"floor":35,"key":"Energy Potion"},{"floor":39,"key":"Poison Potion"},{"floor":44,"key":"LiquidBronze"}],"is_trial":false,"path_per_floor":["M","?","?","M","$","R","E","R","T","R","M","$","R","T","R","B",null,"M","M","M","$","?","R","?","?","T","R","E","?","R","E","R","B",null,"M","$","M","?","M","E","M","E","T","E","R","?","B",null],"character_chosen":"THE_SILENT","items_purchased":["Footwork","Backflip","PowerPotion","PowerPotion","Backflip","DollysMirror","Footwork","Chemical X"],"campfire_rested":1,"item_purchase_floors":[5,5,5,5,12,21,36,36],"current_hp_per_floor":[63,46,46,20,20,20,4,25,25,25,25,25,25,25,25,25,59,59,55,50,50,70,70,70,70,70,70,60,60,60,66,66,62,70,72,72,71,71,70,66,65,62,62,62,62,62,62],"gold":131,"neow_bonus":"ONE_RANDOM_RARE_CARD","is_prod":false,"is_daily":false,"chose_seed":false,"campfire_upgraded":8,"win_rate":0,"timestamp":1547505881,"path_taken":["M","?","?","M","$","R","E","R","T","R","M","$","R","?","R","BOSS","M","M","M","$","?","R","?","?","T","R","E","?","R","E","R","BOSS","M","$","?","?","M","E","M","E","T","E","R","?","BOSS"],"build_version":"2019-01-10","purchased_purges":1,"victory":true,"max_hp_per_floor":[70,70,70,70,70,70,70,70,70,70,70,70,70,70,70,70,70,70,70,70,70,70,70,70,70,70,70,70,70,70,72,72,72,72,72,72,72,72,74,74,74,74,74,76,76,76,76],"card_choices":[{"not_picked":["Dodge and Roll","Flechettes","Outmaneuver"],"picked":"SKIP","floor":1},{"not_picked":["Riddle With Holes","Prepared"],"picked":"Predator","floor":4},{"not_picked":["Dagger Throw","Accuracy","Bane"],"picked":"SKIP","floor":7},{"not_picked":["Skewer","Cloak And Dagger"],"picked":"Well Laid Plans","floor":11},{"not_picked":["Tools of the Trade","After Image"],"picked":"Glass Knife","floor":16},{"not_picked":["Sucker Punch","Endless Agony"],"picked":"Backflip","floor":18},{"not_picked":["Dagger Spray","Dagger Throw"],"picked":"Deflect","floor":19},{"not_picked":["Blade Dance","Outmaneuver+1"],"picked":"Well Laid Plans+1","floor":20},{"not_picked":["Dodge and Roll","Escape Plan"],"picked":"Malaise","floor":28},{"not_picked":["Outmaneuver+1","All Out Attack","Dagger Throw+1"],"picked":"Singing Bowl","floor":31},{"not_picked":["Grand Finale","Die Die Die"],"picked":"Envenom","floor":33},{"not_picked":["Catalyst+1","Quick Slash"],"picked":"Dodge and Roll","floor":35},{"not_picked":["Concentrate+1","Deflect+1"],"picked":"Noxious Fumes+1","floor":37},{"not_picked":["Flying Knee","Sucker Punch","Concentrate+1"],"picked":"Singing Bowl","floor":39},{"not_picked":["Flying Knee+1","Quick Slash+1"],"picked":"Sucker Punch+1","floor":40},{"not_picked":["Endless Agony","Acrobatics+1"],"picked":"Caltrops+1","floor":41},{"not_picked":["Expertise","Dagger Throw+1"],"picked":"Backflip+1","floor":42},{"not_picked":["Unload","Backstab","Phantasmal Killer"],"picked":"Singing Bowl","floor":44}],"player_experience":100362,"relics_obtained":[{"floor":7,"key":"Happy Flower"},{"floor":9,"key":"Letter Opener"},{"floor":14,"key":"Regal Pillow"},{"floor":26,"key":"Singing Bowl"},{"floor":28,"key":"Snake Skull"},{"floor":31,"key":"Bag of Preparation"},{"floor":40,"key":"Pantograph"},{"floor":42,"key":"Pen Nib"},{"floor":43,"key":"Thread and Needle"},{"floor":44,"key":"Centennial Puzzle"}],"event_choices":[{"damage_healed":0,"gold_gain":0,"player_choice":"Take Damage","damage_taken":17,"relics_obtained":["Golden Idol"],"max_hp_gain":0,"max_hp_loss":0,"event_name":"Golden Idol","floor":2,"gold_loss":0},{"damage_healed":0,"gold_gain":175,"player_choice":"AGREE","damage_taken":0,"max_hp_gain":0,"max_hp_loss":0,"event_name":"Liars Game","floor":3,"gold_loss":0,"cards_obtained":["Doubt"]},{"damage_healed":23,"gold_gain":0,"player_choice":"Heal","damage_taken":0,"max_hp_gain":0,"max_hp_loss":0,"event_name":"The Library","floor":22,"gold_loss":0},{"damage_healed":0,"gold_gain":0,"player_choice":"Gave Idol","damage_taken":0,"relics_obtained":["Bloody Idol"],"max_hp_gain":0,"max_hp_loss":0,"event_name":"Forgotten Altar","floor":24,"relics_lost":["Golden Idol"],"gold_loss":0},{"damage_healed":0,"gold_gain":0,"player_choice":"Ignored","damage_taken":0,"max_hp_gain":0,"max_hp_loss":0,"event_name":"Beggar","floor":25,"gold_loss":0},{"damage_healed":0,"gold_gain":0,"player_choice":"0 cards matched","damage_taken":0,"max_hp_gain":0,"max_hp_loss":0,"event_name":"Match and Keep!","floor":29,"gold_loss":0,"cards_obtained":[]},{"damage_healed":0,"gold_gain":0,"player_choice":"Upgrade","damage_taken":0,"relics_obtained":["Mark of the Bloom"],"max_hp_gain":0,"max_hp_loss":0,"event_name":"MindBloom","floor":38,"gold_loss":0,"cards_upgraded":["Defend_G","Defend_G","Defend_G","Defend_G","Defend_G","Strike_G","Strike_G","Strike_G","Strike_G","Strike_G","Survivor","Predator","Glass Knife","Malaise","Envenom","Dodge and Roll","Footwork"]},{"damage_healed":0,"gold_gain":0,"player_choice":"Took Portal","damage_taken":0,"max_hp_gain":0,"max_hp_loss":0,"event_name":"SecretPortal","floor":46,"gold_loss":0}],"is_beta":false,"boss_relics":[{"not_picked":["Tiny House","Empty Cage"],"picked":"Cursed Key"},{"not_picked":["Velvet Choker","Calling Bell"],"picked":"Coffee Dripper"}],"items_purged_floors":[5],"is_endless":false,"potions_floor_spawned":[4,11,16,19,28,33,35,39,44],"ascension_level":10}