{"gold_per_floor":[116,41,41,53,71,97,111,139,163,163,63,23,23,40,40,144,194,212,212,14,14,24,24,53,66,66,66],"floor_reached":27,"playtime":2179,"items_purged":["Strike_B","Strike_B","Defend_B"],"score":339,"play_id":"a8664d04-4b8a-40fb-8889-0578416fa4db","local_time":"20180824145549","is_ascension_mode":true,"campfire_choices":[{"floor":10,"key":"REST"},{"data":"Creative AI","floor":13,"key":"SMITH"},{"data":"Dualcast","floor":15,"key":"SMITH"},{"data":"Storm","floor":23,"key":"SMITH"}],"neow_cost":"PERCENT_DAMAGE","seed_source_timestamp":53700442012552,"circlet_count":0,"master_deck":["Defend_B","Defend_B","Defend_B","Zap","Dualcast+1","Conserve Battery","Coolheaded","Ball Lightning+1","FTL","Creative AI+1","BootSequence","Storm+1","Cold Snap","Self Repair"],"relics":["Cracked Core","FaceOfCleric","Orichalcum","Anchor","DataDisk","Tiny House","Bag of Preparation","Shuriken"],"potions_floor_usage":[8,8,14,16,16],"damage_taken":[{"damage":0,"enemies":"Small Slimes","floor":1,"turns":3},{"damage":0,"enemies":"Cultist","floor":4,"turns":4},{"damage":0,"enemies":"Jaw Worm","floor":5,"turns":5},{"damage":23,"enemies":"Lagavulin","floor":6,"turns":8},{"damage":13,"enemies":"Lots of Slimes","floor":7,"turns":3},{"damage":21,"enemies":"Gremlin Nob","floor":8,"turns":5},{"damage":5,"enemies":"Large Slime","floor":14,"turns":5},{"damage":16,"enemies":"Slime Boss","floor":16,"turns":11},{"damage":0,"enemies":"Chosen","floor":18,"turns":4},{"damage":23,"enemies":"Shell Parasite","floor":22,"turns":4},{"damage":42,"enemies":"Gremlin Leader","floor":24,"turns":7},{"damage":21,"enemies":"Shelled Parasite and Fungi","floor":25,"turns":5},{"damage":36,"enemies":"Slavers","floor":27,"turns":3}],"seed_played":"832861442929951171","potions_obtained":[{"floor":5,"key":"Swift Potion"},{"floor":7,"key":"Weak Potion"},{"floor":12,"key":"Fruit Juice"},{"floor":12,"key":"Block Potion"},{"floor":12,"key":"Poison Potion"},{"floor":14,"key":"Explosive Potion"},{"floor":17,"key":"FairyPotion"},{"floor":18,"key":"LiquidBronze"}],"is_trial":false,"path_per_floor":["M","$","?","M","M","E","M","E","T","R","$","?","R","M","R","B",null,"M","?","$","?","M","R","E","M","T"],"character_chosen":"DEFECT","items_purchased":["Storm"],"campfire_rested":1,"item_purchase_floors":[20],"current_hp_per_floor":[54,54,54,55,56,34,22,2,2,26,26,26,26,27,27,12,92,93,93,93,103,81,81,40,20,20,0],"gold":66,"neow_bonus":"REMOVE_TWO","is_prod":false,"is_daily":false,"chose_seed":false,"campfire_upgraded":3,"win_rate":0,"timestamp":1535093749,"path_taken":["M","$","?","M","M","E","?","E","T","R","$","?","R","M","R","BOSS","M","?","$","?","?","R","E","M","T","E"],"build_version":"2018-08-23v2","purchased_purges":3,"victory":false,"max_hp_per_floor":[75,75,75,76,77,78,79,80,80,80,80,80,80,86,86,87,92,93,93,93,103,104,104,105,106,106,106],"card_choices":[{"not_picked":["Coolheaded","Go for the Eyes"],"picked":"Conserve Battery","floor":1},{"not_picked":["Steam","FTL"],"picked":"Coolheaded","floor":4},{"not_picked":["Skim","Genetic Algorithm"],"picked":"Ball Lightning","floor":5},{"not_picked":["Steam Power","Hologram"],"picked":"FTL","floor":6},{"not_picked":["Steam","Reinforced Body"],"picked":"Creative AI","floor":7},{"not_picked":["Leap","Cold Snap"],"picked":"BootSequence","floor":8},{"not_picked":["Turbo","Compile Driver","Coolheaded"],"picked":"SKIP","floor":14},{"not_picked":["Meteor Strike","Thunder Strike"],"picked":"Reboot","floor":16},{"not_picked":["Leap+1","Coolheaded","Hologram+1"],"picked":"SKIP","floor":18},{"not_picked":["Redo+1","Scrape","Stack"],"picked":"SKIP","floor":22},{"not_picked":["Steam Power","Scrape"],"picked":"Cold Snap","floor":24},{"not_picked":["Biased Cognition","Double Energy+1"],"picked":"Self Repair","floor":25}],"player_experience":275121,"relics_obtained":[{"floor":6,"key":"Orichalcum"},{"floor":8,"key":"Anchor"},{"floor":9,"key":"DataDisk"},{"floor":24,"key":"Bag of Preparation"},{"floor":26,"key":"Shuriken"}],"event_choices":[{"event_name":"FaceTrader","player_choice":"Trade","floor":3,"damage_taken":0},{"event_name":"The Woman in Blue","player_choice":"Bought 3 Potions","floor":12,"damage_taken":0},{"event_name":"Vampires","player_choice":"Ignored","floor":19,"damage_taken":0},{"event_name":"Bonfire Elementals","player_choice":"RARE","floor":21,"damage_taken":0}],"is_beta":false,"boss_relics":[{"not_picked":["Astrolabe","Fusion Hammer"],"picked":"Tiny House"}],"items_purged_floors":[2,11,20],"is_endless":false,"potions_floor_spawned":[5,7,14,18],"killed_by":"Slavers","ascension_level":4}