{"gold_per_floor":[109,109,129,147,165,195,195,229,229,240,273,273,223,236,236,340,340,350,362,374,374,52,52,82,82,82,94,105,105,116,130,130,130],"floor_reached":33,"playtime":3528,"items_purged":["Defend_G"],"score":320,"play_id":"850bdc11-518b-42f9-8b83-f8454707ce52","local_time":"20180811002741","is_ascension_mode":true,"campfire_choices":[{"data":"After Image","floor":7,"key":"SMITH"},{"data":"Blade Dance","floor":12,"key":"SMITH"},{"data":"Prepared","floor":15,"key":"SMITH"},{"data":"Accuracy","floor":23,"key":"SMITH"},{"data":"Neutralize","floor":25,"key":"SMITH"},{"data":"Finisher","floor":29,"key":"SMITH"},{"floor":32,"key":"REST"}],"neow_cost":"TEN_PERCENT_HP_LOSS","seed_source_timestamp":1221237458044217,"circlet_count":0,"master_deck":["Defend_G","Defend_G","Defend_G","Strike_G","Strike_G","Survivor","Neutralize+1","Infinite Blades","Finisher+1","Well Laid Plans","After Image+1","Dagger Throw","Infinite Blades","Blade Dance+1","Prepared+1","Accuracy+1","Prepared+1"],"relics":["Ring of the Snake","Ornamental Fan","Tough Bandages","Dodecahedron","Bottled Flame","HoveringKite","NlothsMask","Mummified Hand","Bottled Lightning"],"potions_floor_usage":[16,19,20,33],"damage_taken":[{"damage":0,"enemies":"Small Slimes","floor":1,"turns":4},{"damage":0,"enemies":"Jaw Worm","floor":3,"turns":4},{"damage":2,"enemies":"2 Louse","floor":4,"turns":3},{"damage":0,"enemies":"Exordium Thugs","floor":5,"turns":4},{"damage":5,"enemies":"3 Sentries","floor":6,"turns":8},{"damage":4,"enemies":"Lagavulin","floor":8,"turns":8},{"damage":3,"enemies":"Gremlin Gang","floor":10,"turns":5},{"damage":6,"enemies":"3 Sentries","floor":11,"turns":7},{"damage":1,"enemies":"Looter","floor":14,"turns":3},{"damage":2,"enemies":"The Guardian","floor":16,"turns":8},{"damage":0,"enemies":"Chosen","floor":18,"turns":4},{"damage":0,"enemies":"Spheric Guardian","floor":19,"turns":3},{"damage":0,"enemies":"Centurion and Healer","floor":20,"turns":7},{"damage":27,"enemies":"Slavers","floor":24,"turns":8},{"damage":10,"enemies":"Sentry and Sphere","floor":27,"turns":6},{"damage":0,"enemies":"Chosen and Byrds","floor":28,"turns":5},{"damage":9,"enemies":"Snecko","floor":30,"turns":5},{"damage":0,"enemies":"Centurion and Healer","floor":31,"turns":5},{"damage":40,"enemies":"Collector","floor":33,"turns":7}],"seed_played":"-2213143680174444265","potions_obtained":[{"floor":3,"key":"Fire Potion"},{"floor":8,"key":"SkillPotion"},{"floor":11,"key":"GhostInAJar"},{"floor":18,"key":"LiquidBronze"},{"floor":24,"key":"Ancient Potion"},{"floor":31,"key":"Weak Potion"}],"is_trial":false,"path_per_floor":["M","?","M","M","M","E","R","E","T","M","E","R","?","M","R","B",null,"M","M","M","?","$","R","E","R","T","M","M","R","M","M","R"],"character_chosen":"THE_SILENT","items_purchased":["Mummified Hand"],"campfire_rested":1,"item_purchase_floors":[22],"current_hp_per_floor":[63,63,63,61,61,56,56,52,52,49,43,43,43,42,42,40,63,63,63,63,63,63,63,36,36,36,26,26,26,17,17,35,0],"gold":130,"neow_bonus":"REMOVE_TWO","is_prod":false,"is_daily":false,"chose_seed":false,"campfire_upgraded":6,"win_rate":0,"timestamp":1533918461,"path_taken":["M","?","M","M","M","E","R","E","T","M","E","R","?","?","R","BOSS","M","M","M","?","$","R","E","R","T","M","M","R","M","M","R","BOSS"],"build_version":"2018-08-09","purchased_purges":1,"victory":false,"max_hp_per_floor":[63,63,63,63,63,63,63,63,63,63,63,63,63,63,63,63,63,63,63,63,63,63,63,63,63,63,63,63,63,63,63,63,63],"card_choices":[{"not_picked":["Outmaneuver","Dodge and Roll"],"picked":"Infinite Blades","floor":1},{"not_picked":["Escape Plan","Poisoned Stab"],"picked":"Finisher","floor":3},{"not_picked":["PiercingWail","Bane"],"picked":"Well Laid Plans","floor":4},{"not_picked":["Dagger Throw","Prepared"],"picked":"After Image","floor":5},{"not_picked":["Expertise","Leg Sweep"],"picked":"Dagger Throw","floor":6},{"not_picked":["Poisoned Stab","PiercingWail"],"picked":"Infinite Blades","floor":8},{"not_picked":["Finisher","Dagger Throw","Poisoned Stab"],"picked":"SKIP","floor":10},{"not_picked":["Deadly Poison","Outmaneuver"],"picked":"Blade Dance","floor":11},{"not_picked":["Unload","Quick Slash"],"picked":"Prepared","floor":14},{"not_picked":["Cloak And Dagger","Quick Slash","Flechettes+1"],"picked":"SKIP","floor":18},{"not_picked":["Underhanded Strike","Acrobatics"],"picked":"Accuracy","floor":19},{"not_picked":["Finisher+1","Concentrate","Sucker Punch"],"picked":"SKIP","floor":20},{"not_picked":["Night Terror","Cloak And Dagger","Caltrops+1"],"picked":"SKIP","floor":24},{"not_picked":["Masterful Stab","Flying Knee","PiercingWail"],"picked":"SKIP","floor":27},{"not_picked":["Blade Dance","Sucker Punch","Underhanded Strike"],"picked":"SKIP","floor":28},{"not_picked":["Blade Dance","PiercingWail","Setup"],"picked":"SKIP","floor":30},{"not_picked":["Crippling Poison","Deflect"],"picked":"Prepared+1","floor":31}],"player_experience":256579,"relics_obtained":[{"floor":6,"key":"Ornamental Fan"},{"floor":8,"key":"Tough Bandages"},{"floor":9,"key":"Dodecahedron"},{"floor":11,"key":"Bottled Flame"},{"floor":24,"key":"Bottled Lightning"}],"event_choices":[{"event_name":"Living Wall","player_choice":"Forget","floor":2,"damage_taken":0},{"event_name":"The Cleric","player_choice":"Card Removal","floor":13,"damage_taken":0},{"event_name":"FaceTrader","player_choice":"Trade","floor":21,"damage_taken":0}],"is_beta":false,"boss_relics":[{"not_picked":["Snecko Eye","Empty Cage"],"picked":"HoveringKite"}],"items_purged_floors":[22],"is_endless":false,"potions_floor_spawned":[3,8,11,18,24,31],"killed_by":"Collector","ascension_level":2}