{"gold_per_floor":[109,284,300,4,19,54,69,69,92,102,102,119,138,154,154,252,252,263,85,101,101,101,101,101,101,181,213,232,232,78,95,95,193,193,205,215,231,231,248,248,248,293,293,305,305],"floor_reached":45,"playtime":2633,"items_purged":["Doubt"],"score":593,"play_id":"ffb5032b-f8f6-48fa-85a4-d1c1e6c6563e","local_time":"20180829152552","is_ascension_mode":true,"campfire_choices":[{"floor":8,"key":"REST"},{"floor":15,"key":"REST"},{"floor":23,"key":"REST"},{"data":"Defragment","floor":25,"key":"SMITH"},{"floor":29,"key":"REST"},{"floor":32,"key":"REST"},{"data":"Panacea","floor":40,"key":"SMITH"}],"neow_cost":"TEN_PERCENT_HP_LOSS","seed_source_timestamp":784118823283472,"circlet_count":0,"master_deck":["Strike_B+1","Strike_B","Strike_B","Defend_B","Defend_B","Defend_B","Zap","Dualcast","Conserve Battery","Cold Snap","Coolheaded","Beam Cell+1","Ball Lightning","BootSequence","Loop","Go for the Eyes+1","All For One","Beam Cell+1","Panacea+1","Defragment+1","Go for the Eyes+1","Blizzard","All For One","Defragment","Biased Cognition","Coolheaded","Redo+1","Writhe","Conserve Battery+1","Chill"],"relics":["FrozenCore","Shuriken","Art of War","Bag of Marbles","Potion Belt","Bottled Flame","Whetstone","Sozu","Du-Vu Doll","Sundial","StoneCalendar"],"potions_floor_usage":[6,10,16,18,31,33,39],"damage_taken":[{"damage":9,"enemies":"Jaw Worm","floor":1,"turns":3},{"damage":0,"enemies":"Small Slimes","floor":3,"turns":3},{"damage":1,"enemies":"Cultist","floor":5,"turns":4},{"damage":28,"enemies":"3 Sentries","floor":6,"turns":12},{"damage":4,"enemies":"3 Louse","floor":7,"turns":4},{"damage":4,"enemies":"Gremlin Gang","floor":10,"turns":2},{"damage":7,"enemies":"Red Slaver","floor":12,"turns":2},{"damage":7,"enemies":"Exordium Thugs","floor":13,"turns":6},{"damage":3,"enemies":"Gremlin Gang","floor":14,"turns":3},{"damage":27,"enemies":"Hexaghost","floor":16,"turns":13},{"damage":14,"enemies":"3 Byrds","floor":18,"turns":6},{"damage":5,"enemies":"2 Thieves","floor":20,"turns":3},{"damage":29,"enemies":"Slavers","floor":27,"turns":7},{"damage":6,"enemies":"Snake Plant","floor":28,"turns":5},{"damage":12,"enemies":"Shelled Parasite and Fungi","floor":31,"turns":3},{"damage":38,"enemies":"Collector","floor":33,"turns":11},{"damage":0,"enemies":"Orb Walker","floor":35,"turns":4},{"damage":0,"enemies":"3 Shapes","floor":36,"turns":11},{"damage":17,"enemies":"Sphere and 2 Shapes","floor":37,"turns":6},{"damage":14,"enemies":"Jaw Worm Horde","floor":39,"turns":6},{"damage":0,"enemies":"Mind Bloom Boss Battle","floor":41,"turns":8},{"damage":20,"enemies":"Mysterious Sphere","floor":42,"turns":6},{"damage":8,"enemies":"Spire Growth","floor":44,"turns":6},{"damage":12,"enemies":"Giant Head","floor":45,"turns":6}],"seed_played":"8895972356725664592","potions_obtained":[{"floor":3,"key":"SkillPotion"},{"floor":6,"key":"Explosive Potion"},{"floor":13,"key":"Weak Potion"},{"floor":16,"key":"FocusPotion"},{"floor":27,"key":"Ancient Potion"},{"floor":28,"key":"SteroidPotion"},{"floor":31,"key":"Block Potion"}],"is_trial":false,"path_per_floor":["M","?","M","$","M","E","M","R","T","M","?","M","M","M","R","B",null,"M","$","M","?","?","R","?","R","T","E","M","R","$","M","R","B",null,"M","M","M","?","M","R","?","?","T","M"],"character_chosen":"DEFECT","items_purchased":["Coolheaded","Shuriken","Panacea","All For One"],"campfire_rested":5,"item_purchase_floors":[4,4,19,30],"current_hp_per_floor":[59,59,59,59,58,30,26,46,46,42,42,35,28,25,45,18,56,42,42,37,37,37,57,57,57,57,28,22,42,42,30,50,12,54,54,54,37,54,40,40,40,20,20,12,0],"gold":305,"neow_bonus":"REMOVE_TWO","is_prod":false,"is_daily":false,"chose_seed":false,"campfire_upgraded":2,"win_rate":0,"timestamp":1535577952,"path_taken":["M","?","M","$","M","E","M","R","T","M","?","?","?","M","R","BOSS","M","$","M","?","?","R","?","R","T","E","M","R","$","?","R","BOSS","M","M","M","?","M","R","?","?","T","?","E"],"build_version":"2018-08-28","purchased_purges":1,"victory":false,"max_hp_per_floor":[68,68,68,68,68,68,68,68,68,68,68,68,68,68,68,68,68,68,68,68,68,68,68,68,68,68,68,68,68,68,68,68,68,68,68,68,68,68,68,68,68,68,68,68,68],"card_choices":[{"not_picked":["Sweeping Beam","Hologram"],"picked":"Conserve Battery","floor":1},{"not_picked":["Ball Lightning","Auto Shields"],"picked":"Cold Snap","floor":3},{"not_picked":["Gash","Hello World"],"picked":"Beam Cell","floor":5},{"not_picked":["Doom and Gloom","Steam Power","Consume"],"picked":"SKIP","floor":6},{"not_picked":["Rebound","Lockon","Skim"],"picked":"SKIP","floor":7},{"not_picked":["Redo","Stack"],"picked":"Ball Lightning","floor":10},{"not_picked":["Steam Power","Coolheaded"],"picked":"BootSequence","floor":12},{"not_picked":["Barrage","Beam Cell"],"picked":"Loop","floor":13},{"not_picked":["Sweeping Beam","Chaos"],"picked":"Go for the Eyes","floor":14},{"not_picked":["Seek","Electrodynamics"],"picked":"All For One","floor":16},{"not_picked":["Streamline","Leap"],"picked":"Beam Cell+1","floor":18},{"not_picked":["Compile Driver+1","Tempest"],"picked":"Defragment","floor":20},{"not_picked":["Amplify","Coolheaded"],"picked":"Go for the Eyes+1","floor":27},{"not_picked":["Leap+1","Skim+1"],"picked":"Blizzard","floor":28},{"not_picked":["Redo","Consume+1"],"picked":"Defragment","floor":31},{"not_picked":["Amplify","Fission"],"picked":"Biased Cognition","floor":33},{"not_picked":["Steam","Turbo"],"picked":"Coolheaded","floor":35},{"not_picked":["Stack+1","Turbo"],"picked":"Redo+1","floor":36},{"not_picked":["Leap+1","Amplify","Redo"],"picked":"SKIP","floor":37},{"not_picked":["Gash","Steam","Hello World"],"picked":"SKIP","floor":39},{"not_picked":["Gash","Beam Cell"],"picked":"Conserve Battery+1","floor":41},{"not_picked":["Loop","Gash+1"],"picked":"Chill","floor":44}],"player_experience":516797,"relics_obtained":[{"floor":6,"key":"Art of War"},{"floor":9,"key":"Bag of Marbles"},{"floor":26,"key":"Bottled Flame"},{"floor":27,"key":"Whetstone"},{"floor":41,"key":"Du-Vu Doll"},{"floor":42,"key":"Sundial"},{"floor":43,"key":"StoneCalendar"}],"event_choices":[{"event_name":"Liars Game","player_choice":"agreed","floor":2,"damage_taken":0},{"event_name":"Upgrade Shrine","player_choice":"Upgraded","floor":11,"damage_taken":0},{"event_name":"Vampires","player_choice":"Ignored","floor":21,"damage_taken":0},{"event_name":"The Mausoleum","player_choice":"Yes","floor":22,"damage_taken":0},{"event_name":"Ghosts","player_choice":"Ignored","floor":24,"damage_taken":0},{"event_name":"Winding Halls","player_choice":"Writhe","floor":38,"damage_taken":0},{"event_name":"MindBloom","player_choice":"Fight","floor":41,"damage_taken":0},{"event_name":"Mysterious Sphere","player_choice":"Fight","floor":42,"damage_taken":0}],"is_beta":true,"boss_relics":[{"not_picked":["Coffee Dripper","Snecko Eye"],"picked":"FrozenCore"},{"not_picked":["Lizard Tail","Runic Dome"],"picked":"Sozu"}],"items_purged_floors":[19],"is_endless":false,"potions_floor_spawned":[3,6,13,16,27,28,31,37,44],"killed_by":"Giant Head","ascension_level":7}