{"gold_per_floor":[110,110,185,203,203,203,13,13,13,24,49,49,49,64,64,166,166,185,185,204,204,222,222,222,222,222,240,240,19,19,38,38,38],"floor_reached":33,"playtime":635,"items_purged":["Strike_R"],"score":268,"play_id":"4ad0dd80-e8ff-4ccc-8774-7b098139af36","local_time":"20190427130455","is_ascension_mode":false,"campfire_choices":[{"floor":6,"key":"DIG"},{"floor":8,"key":"DIG"},{"floor":12,"key":"DIG"},{"floor":15,"key":"DIG"},{"floor":23,"key":"DIG"},{"floor":25,"key":"DIG"},{"floor":28,"key":"DIG"},{"floor":32,"key":"DIG"}],"neow_cost":"PERCENT_DAMAGE","seed_source_timestamp":3456800614062771,"circlet_count":0,"master_deck":["Strike_R","Strike_R","Strike_R","Strike_R","Defend_R","Defend_R","Defend_R","Defend_R","Bash","Metallicize+1","Twin Strike","Flex","Juggernaut"],"relics":["Burning Blood","Shovel","Orichalcum","Sling","Centennial Puzzle","Art of War","Sundial","Pen Nib","Mango","Fusion Hammer","Omamori","Ornamental Fan","Anchor","Letter Opener","Ancient Tea Set","Question Card"],"potions_floor_usage":[14,16,31,33,33],"damage_taken":[{"damage":17,"enemies":"Small Slimes","floor":1,"turns":3},{"damage":2,"enemies":"2 Louse","floor":4,"turns":3},{"damage":6,"enemies":"Jaw Worm","floor":10,"turns":3},{"damage":8,"enemies":"Gremlin Nob","floor":11,"turns":3},{"damage":10,"enemies":"Lots of Slimes","floor":14,"turns":4},{"damage":40,"enemies":"Hexaghost","floor":16,"turns":10},{"damage":14,"enemies":"Spheric Guardian","floor":18,"turns":4},{"damage":10,"enemies":"Shell Parasite","floor":20,"turns":5},{"damage":14,"enemies":"Snecko","floor":22,"turns":4},{"damage":14,"enemies":"Centurion and Healer","floor":27,"turns":4},{"damage":11,"enemies":"Snake Plant","floor":31,"turns":4},{"damage":71,"enemies":"Automaton","floor":33,"turns":8}],"seed_played":"-1267180472532607910","potions_obtained":[{"floor":4,"key":"PowerPotion"},{"floor":11,"key":"PowerPotion"},{"floor":18,"key":"EssenceOfSteel"},{"floor":20,"key":"Weak Potion"},{"floor":22,"key":"Regen Potion"}],"is_trial":false,"path_per_floor":["M","?","?","M","?","R","$","R","T","M","E","R","$","M","R","B",null,"M","?","M","$","M","R","?","R","T","M","R","$","?","M","R","B"],"character_chosen":"IRONCLAD","items_purchased":["Sling","Ancient Tea Set"],"campfire_rested":0,"item_purchase_floors":[7,29],"current_hp_per_floor":[45,45,34,38,43,43,43,43,43,43,41,41,41,37,51,17,99,91,71,67,67,59,59,64,64,64,56,56,56,56,63,63,0],"gold":38,"neow_bonus":"ONE_RARE_RELIC","is_prod":false,"is_daily":false,"chose_seed":false,"campfire_upgraded":0,"win_rate":0,"timestamp":1556366695,"path_taken":["M","?","?","M","?","R","$","R","T","?","E","R","?","M","R","BOSS","M","?","M","$","M","R","?","R","T","?","R","?","?","M","R","BOSS"],"build_version":"2019-01-23","purchased_purges":1,"victory":false,"max_hp_per_floor":[80,80,80,80,85,85,85,85,85,85,85,85,85,85,99,99,99,99,104,104,104,104,104,104,104,104,104,104,104,104,104,104,104],"card_choices":[{"not_picked":["Clothesline","Shockwave"],"picked":"Metallicize","floor":1},{"not_picked":["Flex","True Grit"],"picked":"Twin Strike","floor":4},{"not_picked":["Entrench","Carnage","Armaments"],"picked":"SKIP","floor":10},{"not_picked":["Iron Wave","Searing Blow","Battle Trance"],"picked":"SKIP","floor":11},{"not_picked":["Clothesline","Iron Wave"],"picked":"Flex","floor":14},{"not_picked":["Barricade","Brutality"],"picked":"Juggernaut","floor":16},{"not_picked":["Cleave","Twin Strike","Wild Strike"],"picked":"SKIP","floor":18},{"not_picked":["Anger","Clothesline","True Grit+1"],"picked":"SKIP","floor":20},{"not_picked":["True Grit","Havoc"],"picked":"Body Slam","floor":22},{"not_picked":["Cleave","Wild Strike","Headbutt"],"picked":"SKIP","floor":27},{"not_picked":["Combust","Burning Pact+1","Thunderclap"],"picked":"SKIP","floor":31}],"player_experience":695404,"relics_obtained":[{"floor":6,"key":"Orichalcum"},{"floor":8,"key":"Centennial Puzzle"},{"floor":9,"key":"Art of War"},{"floor":11,"key":"Sundial"},{"floor":12,"key":"Pen Nib"},{"floor":15,"key":"Mango"},{"floor":23,"key":"Omamori"},{"floor":25,"key":"Ornamental Fan"},{"floor":26,"key":"Anchor"},{"floor":28,"key":"Letter Opener"},{"floor":32,"key":"Question Card"}],"event_choices":[{"damage_healed":0,"gold_gain":0,"player_choice":"Grow","damage_taken":0,"max_hp_gain":0,"max_hp_loss":0,"event_name":"Living Wall","floor":2,"gold_loss":0,"cards_upgraded":["Metallicize"]},{"damage_healed":0,"gold_gain":75,"player_choice":"Gather Gold","damage_taken":11,"max_hp_gain":0,"max_hp_loss":0,"event_name":"World of Goop","floor":3,"gold_loss":0},{"damage_healed":0,"gold_gain":0,"player_choice":"Donut","damage_taken":0,"max_hp_gain":5,"max_hp_loss":0,"event_name":"Big Fish","floor":5,"gold_loss":0},{"damage_healed":0,"gold_gain":0,"player_choice":"Shed Blood","damage_taken":25,"max_hp_gain":5,"max_hp_loss":0,"event_name":"Forgotten Altar","floor":19,"gold_loss":0},{"cards_removed":["Body Slam"],"damage_healed":5,"gold_gain":0,"player_choice":"Offered Common","damage_taken":0,"max_hp_gain":0,"max_hp_loss":0,"event_name":"Bonfire Elementals","floor":24,"gold_loss":0},{"cards_removed":["Body Slam"],"damage_healed":5,"gold_gain":0,"player_choice":"Offered Special","damage_taken":0,"max_hp_gain":0,"max_hp_loss":0,"event_name":"Bonfire Elementals","floor":24,"gold_loss":0},{"damage_healed":0,"gold_gain":0,"player_choice":"Ignored","damage_taken":0,"max_hp_gain":0,"max_hp_loss":0,"event_name":"Beggar","floor":30,"gold_loss":0}],"is_beta":false,"boss_relics":[{"not_picked":["Philosopher\u0027s Stone","Pandora\u0027s Box"],"picked":"Fusion Hammer"}],"items_purged_floors":[29],"is_endless":false,"potions_floor_spawned":[4,11,18,20,22],"killed_by":"Automaton","ascension_level":0}