{"path_per_floor":["M","M","?","M","M","R","M","$","T","R","?","R","E","M","R","B",null,"M","?","M","?","M","R","M","R","T","$","E","M","R","M","R","B",null,"M","$","$","?","?","E","R","E","T","M","R","M","E","M","R"],"character_chosen":"THE_SILENT","items_purchased":["Omamori","Tiny Chest","War Paint"],"gold_per_floor":[114,132,132,150,166,166,176,25,25,25,100,100,126,137,137,233,233,244,244,256,256,270,270,288,288,288,95,121,137,137,154,154,256,256,266,10,10,0,55,81,81,110,110,128,128,142,174,193,193],"floor_reached":50,"campfire_rested":5,"playtime":4163,"current_hp_per_floor":[76,76,76,75,75,75,75,75,75,75,64,64,60,49,72,69,77,77,61,47,47,40,63,63,63,63,63,31,40,40,34,72,62,77,70,70,70,70,50,49,77,75,75,65,65,55,63,54,77],"items_purged":["Strike_G","Strike_G"],"gold":193,"score":662,"play_id":"7094d626-5ffe-4720-a01a-c3a23c765771","is_prod":false,"is_daily":false,"is_ascension_mode":true,"campfire_upgraded":6,"path_taken":["M","M","?","?","M","R","M","?","T","R","?","R","E","M","R","BOSS","M","?","M","?","M","R","M","R","T","$","E","?","R","M","R","BOSS","M","?","$","?","?","E","R","E","T","M","R","?","E","M","R","BOSS"],"build_version":"2018-02-15-PROD1","purchased_purges":3,"victory":false,"master_deck":["Defend_G+1","Defend_G+1","Defend_G","Defend_G","Strike_G","Strike_G","Strike_G","Survivor+1","Neutralize+1","Well Laid Plans","Leg Sweep+1","Backflip","Deadly Poison+1","Flying Knee","Calculated Gamble","Deadly Poison","Corpse Explosion+1","Noxious Fumes+1","Acrobatics+1","Tactician","Prepared","Acrobatics+1","Tools of the Trade","Prepared+1","Prepared+1","Noxious Fumes+1","Eviscerate","Underhanded Strike"],"max_hp_per_floor":[77,77,77,77,77,77,77,77,77,77,77,77,77,77,77,77,77,77,77,77,77,77,77,77,77,77,77,77,77,77,77,77,77,77,77,77,77,77,77,77,77,77,77,77,77,77,77,77,77],"relics":["Ring of the Snake","Omamori","Sundial","Meat on the Bone","Sozu","Nilry\u0027s Codex","Snake Skull","Regal Pillow","Tiny Chest","Ice Cream","Lizard Tail","War Paint","Red Mask","Bird Faced Urn","Tingsha","Prayer Wheel","Singing Bowl","Mummified Hand"],"card_choices":[{"not_picked":["Sucker Punch","Dagger Throw"],"picked":"Well Laid Plans"},{"not_picked":["Riddle With Holes","Outmaneuver"],"picked":"Leg Sweep"},{"not_picked":["Acrobatics","PiercingWail"],"picked":"Deadly Poison"},{"not_picked":["Dagger Throw","Prepared"],"picked":"Flying Knee"},{"not_picked":["Flechettes","Deflect"],"picked":"Calculated Gamble"},{"not_picked":["Flying Knee","Outmaneuver"],"picked":"Deadly Poison"},{"not_picked":["Storm of Steel","Doppelganger"],"picked":"Corpse Explosion"},{"not_picked":["Crippling Poison","Slice"],"picked":"Noxious Fumes"},{"not_picked":["Masterful Stab","Distraction"],"picked":"Acrobatics"},{"not_picked":["Bullet Time","A Thousand Cuts"],"picked":"Tactician"},{"not_picked":["Malaise","Dodge and Roll"],"picked":"Prepared"},{"not_picked":["Blur","Sucker Punch"],"picked":"Acrobatics"},{"not_picked":["Backflip","Dagger Throw"],"picked":"Tools of the Trade"},{"not_picked":["Flying Knee","Noxious Fumes"],"picked":"Prepared"},{"not_picked":["Escape Plan","Deadly Poison"],"picked":"Prepared"},{"not_picked":["Malaise","Bouncing Flask"],"picked":"Noxious Fumes"},{"not_picked":["Storm of Steel","Prepared"],"picked":"Eviscerate"},{"not_picked":["Deflect","Acrobatics"],"picked":"Underhanded Strike"}],"player_experience":117203,"potions_floor_usage":[13,16],"damage_taken":[{"damage":1,"enemies":"Small Slimes","floor":1,"turns":3},{"damage":0,"enemies":"Cultist","floor":2,"turns":4},{"damage":1,"enemies":"Jaw Worm","floor":4,"turns":5},{"damage":0,"enemies":"Exordium Wildlife","floor":5,"turns":5},{"damage":0,"enemies":"Looter","floor":7,"turns":4},{"damage":4,"enemies":"Gremlin Nob","floor":13,"turns":4},{"damage":11,"enemies":"Lots of Slimes","floor":14,"turns":5},{"damage":3,"enemies":"Hexaghost","floor":16,"turns":9},{"damage":0,"enemies":"Chosen","floor":18,"turns":5},{"damage":14,"enemies":"Shell Parasite","floor":20,"turns":6},{"damage":19,"enemies":"Cultist and Chosen","floor":22,"turns":7},{"damage":0,"enemies":"Centurion and Healer","floor":24,"turns":6},{"damage":44,"enemies":"Slavers","floor":28,"turns":4},{"damage":3,"enemies":"Snecko","floor":29,"turns":3},{"damage":18,"enemies":"Chosen and Byrds","floor":31,"turns":5},{"damage":10,"enemies":"Champ","floor":33,"turns":8},{"damage":7,"enemies":"Orb Walker","floor":35,"turns":5},{"damage":70,"enemies":"Mysterious Sphere","floor":39,"turns":7},{"damage":19,"enemies":"Giant Head","floor":40,"turns":10},{"damage":4,"enemies":"Nemesis","floor":42,"turns":5},{"damage":14,"enemies":"3 Darklings","floor":44,"turns":3},{"damage":16,"enemies":"4 Shapes","floor":46,"turns":3},{"damage":0,"enemies":"Giant Head","floor":47,"turns":6},{"damage":19,"enemies":"Sphere and 2 Shapes","floor":48,"turns":3},{"damage":95,"enemies":"Awakened One","floor":50,"turns":10}],"event_choices":[{"event_name":"Transmorgrifier","player_choice":"Transform","floor":3,"damage_taken":0},{"event_name":"World of Goop","player_choice":"Gather Gold","floor":11,"damage_taken":0},{"event_name":"Cursed Tome","player_choice":"Obtained Book","floor":19,"damage_taken":0},{"event_name":"The Mausoleum","player_choice":"Yes","floor":21,"damage_taken":0},{"event_name":"Tomb of Lord Red Mask","player_choice":"Paid","floor":38,"damage_taken":0},{"event_name":"Mysterious Sphere","player_choice":"Fight","floor":39,"damage_taken":0}],"boss_relics":[{"not_picked":["Pandora\u0027s Box","Runic Dome"],"picked":"Sozu"},{"not_picked":["Velvet Choker","Question Card"],"picked":"Lizard Tail"}],"potions_floor_spawned":[4,5,7,16,18,20,22,28,40,44],"seed_played":"2247141569651450477","killed_by":"Awakened One","ascension_level":4,"is_trial":false}