{"gold_per_floor":[360,43,43,57,70,70,70,89,89,104,104,134,134,59,59,158,158,172,184,0,99,151,151,66,166,192,212,237,248,264,281,281,385,385,397,413,426,426,426,456,58,76,128,128,128,141,190,0,0,0],"floor_reached":50,"playtime":1413,"items_purged":["Writhe","Regret"],"score":542,"play_id":"2771a1f4-004a-4031-bea7-16702a40a1da","local_time":"20190126160038","is_ascension_mode":false,"campfire_choices":[{"data":"Whirlwind","floor":6,"key":"SMITH"},{"data":"Flex","floor":11,"key":"SMITH"},{"data":"Flex","floor":13,"key":"SMITH"},{"data":"Shrug It Off","floor":15,"key":"SMITH"},{"floor":23,"key":"REST"},{"floor":32,"key":"REST"},{"floor":44,"key":"REST"},{"floor":49,"key":"REST"}],"neow_cost":"CURSE","seed_source_timestamp":5617758925613,"circlet_count":0,"master_deck":["Strike_R","Strike_R","Strike_R","Strike_R","Strike_R","Defend_R","Defend_R","Defend_R","Defend_R","Headbutt","Whirlwind+1","Flex+1","Shrug It Off+1","Flex+1","Flash of Steel","Whirlwind+1","Seeing Red+1","Warcry+1","PanicButton","Whirlwind"],"relics":["Burning Blood","Chemical X","Calipers","Question Card","Dead Branch","Fusion Hammer","Anchor","Magic Flower","Bag of Marbles","Art of War","Runic Cube","Omamori","Ice Cream","Juzu Bracelet","Ginger","Red Mask"],"potions_floor_usage":[8,16,33,33,33,50,50],"damage_taken":[{"damage":0,"enemies":"2 Louse","floor":1,"turns":3},{"damage":3,"enemies":"Jaw Worm","floor":4,"turns":3},{"damage":2,"enemies":"Small Slimes","floor":5,"turns":3},{"damage":0,"enemies":"Exordium Wildlife","floor":8,"turns":1},{"damage":6,"enemies":"3 Louse","floor":10,"turns":3},{"damage":14,"enemies":"Lagavulin","floor":12,"turns":6},{"damage":23,"enemies":"Slime Boss","floor":16,"turns":6},{"damage":0,"enemies":"3 Byrds","floor":18,"turns":1},{"damage":10,"enemies":"2 Thieves","floor":19,"turns":4},{"damage":4,"enemies":"Shelled Parasite and Fungi","floor":27,"turns":3},{"damage":0,"enemies":"Slavers","floor":28,"turns":1},{"damage":0,"enemies":"Snecko","floor":29,"turns":2},{"damage":2,"enemies":"3 Cultists","floor":30,"turns":3},{"damage":0,"enemies":"Centurion and Healer","floor":31,"turns":3},{"damage":23,"enemies":"Automaton","floor":33,"turns":5},{"damage":0,"enemies":"Orb Walker","floor":35,"turns":1},{"damage":0,"enemies":"3 Shapes","floor":36,"turns":1},{"damage":6,"enemies":"Spire Growth","floor":37,"turns":3},{"damage":45,"enemies":"Nemesis","floor":40,"turns":5},{"damage":0,"enemies":"Jaw Worm Horde","floor":42,"turns":1},{"damage":21,"enemies":"Writhing Mass","floor":46,"turns":5},{"damage":17,"enemies":"2 Orb Walkers","floor":47,"turns":3},{"damage":110,"enemies":"Awakened One","floor":50,"turns":10}],"seed_played":"5821134025927050413","potions_obtained":[{"floor":1,"key":"AttackPotion"},{"floor":5,"key":"Swift Potion"},{"floor":8,"key":"LiquidBronze"},{"floor":16,"key":"GamblersBrew"},{"floor":18,"key":"Swift Potion"},{"floor":30,"key":"Fire Potion"},{"floor":35,"key":"FairyPotion"},{"floor":37,"key":"Poison Potion"},{"floor":40,"key":"Energy Potion"}],"is_trial":false,"path_per_floor":["M","$","?","M","M","R","$","M","T","M","R","E","R","$","R","B",null,"M","M","$","?","T","R","?","?","T","M","E","M","M","M","R","B",null,"M","M","M","?","?","E","$","M","T","R","?","M","?","?","R","B"],"character_chosen":"IRONCLAD","items_purchased":["Whirlwind","Flex","Chemical X","Flash of Steel","Ice Cream","PanicButton"],"campfire_rested":4,"item_purchase_floors":[2,2,2,20,41,41],"current_hp_per_floor":[80,80,80,80,80,80,80,80,80,80,80,72,72,72,72,55,80,80,76,76,76,76,80,80,80,80,80,80,80,80,80,80,66,80,80,80,80,76,76,40,40,49,49,71,71,59,51,51,73,0],"gold":0,"neow_bonus":"TWO_FIFTY_GOLD","is_prod":false,"is_daily":false,"chose_seed":false,"campfire_upgraded":4,"win_rate":0,"timestamp":1548518438,"path_taken":["M","$","?","M","M","R","?","M","T","M","R","E","R","$","R","BOSS","M","M","$","?","?","R","?","?","T","?","E","M","M","M","R","BOSS","M","M","M","?","?","E","$","M","T","R","?","M","?","?","R","BOSS"],"build_version":"2019-01-23","purchased_purges":2,"victory":false,"max_hp_per_floor":[80,80,80,80,80,80,80,80,80,80,80,80,80,80,80,80,80,80,80,80,80,80,80,80,80,80,80,80,80,80,80,80,80,80,80,80,80,76,76,76,76,76,76,76,76,76,76,76,76,76],"card_choices":[{"not_picked":["Perfected Strike","Clothesline"],"picked":"Headbutt","floor":1},{"not_picked":["Uppercut","Havoc"],"picked":"Shrug It Off","floor":4},{"not_picked":["Warcry","Wild Strike","Hemokinesis"],"picked":"SKIP","floor":5},{"not_picked":["Intimidate","Body Slam","Metallicize"],"picked":"SKIP","floor":8},{"not_picked":["Heavy Blade","Twin Strike","Power Through","Demon Form"],"picked":"SKIP","floor":10},{"not_picked":["Burning Pact","Sword Boomerang","Metallicize"],"picked":"Flex","floor":12},{"not_picked":["Shrug It Off","Clash+1","Twin Strike","Blood for Blood"],"picked":"SKIP","floor":18},{"not_picked":["Pommel Strike","Cleave+1","Body Slam","Iron Wave"],"picked":"SKIP","floor":19},{"not_picked":["Metallicize","Clash","Dropkick+1"],"picked":"Whirlwind+1","floor":27},{"not_picked":["Wild Strike","Rage","Flex","Inflame"],"picked":"SKIP","floor":28},{"not_picked":["Clash","Body Slam+1","Havoc+1","Perfected Strike"],"picked":"SKIP","floor":29},{"not_picked":["Hemokinesis","Reckless Charge","Thunderclap"],"picked":"Seeing Red+1","floor":30},{"not_picked":["Anger","Iron Wave","Searing Blow","Body Slam"],"picked":"SKIP","floor":31},{"not_picked":["Uppercut","Dropkick","Heavy Blade","True Grit"],"picked":"SKIP","floor":35},{"not_picked":["Second Wind","Sword Boomerang","Combust+1","Pommel Strike+1"],"picked":"SKIP","floor":36},{"not_picked":["Intimidate+1","Rupture+1","Infernal Blade"],"picked":"Warcry+1","floor":37},{"not_picked":["Exhume","Thunderclap+1","True Grit+1","Shrug It Off"],"picked":"SKIP","floor":40},{"not_picked":["Infernal Blade","Iron Wave+1","Fire Breathing+1","Clothesline+1"],"picked":"SKIP","floor":42},{"not_picked":["Uppercut+1","Shrug It Off","Armaments+1","Dual Wield"],"picked":"SKIP","floor":46},{"not_picked":["Clothesline+1","Rampage+1","Intimidate+1"],"picked":"Whirlwind","floor":47}],"player_experience":171400,"relics_obtained":[{"floor":9,"key":"Question Card"},{"floor":12,"key":"Dead Branch"},{"floor":22,"key":"Anchor"},{"floor":26,"key":"Bag of Marbles"},{"floor":28,"key":"Art of War"},{"floor":40,"key":"Omamori"},{"floor":43,"key":"Juzu Bracelet"},{"floor":47,"key":"Ginger"}],"event_choices":[{"damage_healed":0,"gold_gain":0,"player_choice":"Box","damage_taken":0,"relics_obtained":["Calipers"],"max_hp_gain":0,"max_hp_loss":0,"event_name":"Big Fish","floor":3,"gold_loss":0,"cards_obtained":["Regret"]},{"damage_healed":0,"gold_gain":99,"player_choice":"Stole From Cult","damage_taken":0,"max_hp_gain":0,"max_hp_loss":0,"event_name":"Nest","floor":21,"gold_loss":0},{"damage_healed":0,"gold_gain":0,"player_choice":"Obtained Relic","damage_taken":0,"relics_obtained":["Magic Flower"],"max_hp_gain":0,"max_hp_loss":0,"event_name":"Addict","floor":24,"gold_loss":85},{"damage_healed":0,"gold_gain":100,"player_choice":"Pray","damage_taken":0,"max_hp_gain":0,"max_hp_loss":0,"event_name":"Golden Shrine","floor":25,"gold_loss":0},{"damage_healed":0,"gold_gain":0,"player_choice":"Max HP","damage_taken":0,"max_hp_gain":0,"max_hp_loss":4,"event_name":"Winding Halls","floor":38,"gold_loss":0},{"cards_removed":["Bash"],"damage_healed":0,"gold_gain":0,"player_choice":"Removed Attack","damage_taken":0,"max_hp_gain":0,"max_hp_loss":0,"event_name":"Falling","floor":39,"gold_loss":0},{"damage_healed":0,"gold_gain":0,"player_choice":"Memory 1","damage_taken":0,"max_hp_gain":0,"max_hp_loss":0,"event_name":"SensoryStone","floor":45,"gold_loss":0},{"damage_healed":0,"gold_gain":0,"player_choice":"Fight","damage_taken":0,"max_hp_gain":0,"max_hp_loss":0,"event_name":"Mysterious Sphere","floor":47,"gold_loss":0},{"damage_healed":0,"gold_gain":0,"player_choice":"Paid","damage_taken":0,"relics_obtained":["Red Mask"],"max_hp_gain":0,"max_hp_loss":0,"event_name":"Tomb of Lord Red Mask","floor":48,"gold_loss":190}],"is_beta":false,"boss_relics":[{"not_picked":["Eternal Feather","Black Blood"],"picked":"Fusion Hammer"},{"not_picked":["Black Star","Astrolabe"],"picked":"Runic Cube"}],"items_purged_floors":[14,20],"is_endless":false,"potions_floor_spawned":[1,5,8,16,18,29,30,31,35,37,40],"killed_by":"Awakened One","ascension_level":0}