{"path_per_floor":["M","?","M","M","M","R","M","$","T","?","M","M","M","M","R","B",null,"M","$","M","?","$","R","E","?","T","E","R","T","M","M","R","B",null,"M","M","?","?","$","R","E","M","T","?","R","?","R","?","R","B"],"character_chosen":"THE_SILENT","items_purchased":["Omamori","Malaise"],"gold_per_floor":[115,65,82,94,107,107,123,48,48,48,68,87,107,127,127,231,231,231,76,76,76,37,37,37,37,37,37,37,37,37,37,37,37,37,37,37,37,37,37,37,37,37,37,37,37,0,0,0,0,0],"floor_reached":51,"campfire_rested":3,"playtime":6169,"current_hp_per_floor":[70,70,70,68,68,68,68,68,68,73,73,73,73,73,73,73,75,75,75,74,74,74,74,72,58,58,29,53,53,51,48,48,12,80,80,72,72,72,72,72,35,37,37,29,57,57,57,57,85,87],"items_purged":["Strike_G"],"gold":0,"score":744,"play_id":"4a8134d8-672b-47b0-a19f-b88900db3ff8","local_time":"20180310000748","is_prod":false,"is_daily":false,"is_ascension_mode":true,"campfire_upgraded":6,"timestamp":1520636868,"path_taken":["M","?","?","M","M","R","M","?","T","?","M","M","?","M","R","BOSS","M","$","?","?","?","R","E","?","T","E","R","?","M","M","R","BOSS","M","M","?","?","?","R","E","M","T","?","R","?","R","?","R","BOSS"],"build_version":"2018-03-01-PROD1","purchased_purges":1,"victory":true,"master_deck":["Defend_G","Defend_G","Defend_G","Defend_G","Defend_G","Strike_G","Survivor","Neutralize+1","Backflip+1","Flying Knee","Backflip+1","Prepared+1","Deflect","Footwork+1","Backflip","Noxious Fumes+1","Outmaneuver+1","Malaise+1","Heel Hook","Outmaneuver+1","Noxious Fumes+1","Dagger Spray+1","Calculated Gamble+1","Tools of the Trade","Acrobatics+1","Backflip+1","Blur+1","Noxious Fumes+1"],"max_hp_per_floor":[70,70,70,70,70,70,70,70,70,75,75,75,75,75,75,75,75,75,75,75,75,75,75,75,80,80,80,80,80,80,80,80,80,80,80,80,80,80,80,80,94,94,94,94,94,94,94,94,94,94],"relics":["Ring of the Snake","Letter Opener","Ectoplasm","Omamori","Juzu Bracelet","Blood Vial","Dream Catcher","Pen Nib","Sozu","Mango","Torii","Unceasing Top","Red Mask"],"card_choices":[{"not_picked":["Quick Slash","Leg Sweep"],"picked":"Backflip"},{"not_picked":["Slice","Backstab"],"picked":"Flying Knee"},{"not_picked":["Dagger Throw","Prepared"],"picked":"Quick Slash"},{"not_picked":["Slice","Predator"],"picked":"Backflip"},{"not_picked":["Bane","Terror"],"picked":"Prepared"},{"not_picked":["Sucker Punch","Predator"],"picked":"Deflect"},{"not_picked":["Calculated Gamble","Dagger Throw"],"picked":"Footwork"},{"not_picked":["Bane","Eviscerate"],"picked":"Backflip"},{"not_picked":["Accuracy","PiercingWail"],"picked":"Noxious Fumes"},{"not_picked":["Reflex","Dagger Throw"],"picked":"Outmaneuver"},{"not_picked":["PiercingWail","All Out Attack"],"picked":"Heel Hook"},{"not_picked":["Dagger Throw","Masterful Stab"],"picked":"Outmaneuver"},{"not_picked":["Infinite Blades","Cloak And Dagger"],"picked":"Noxious Fumes"},{"not_picked":["Prepared","Outmaneuver"],"picked":"Dagger Spray"},{"not_picked":["Quick Slash","Sucker Punch"],"picked":"Calculated Gamble"},{"not_picked":["Venomology","After Image"],"picked":"Tools of the Trade"},{"not_picked":["Dodge and Roll","Cloak And Dagger"],"picked":"Acrobatics"},{"not_picked":["Flying Knee","Masterful Stab"],"picked":"Backflip"},{"not_picked":["Caltrops","Terror"],"picked":"Blur"},{"not_picked":["PiercingWail","Deadly Poison"],"picked":"Noxious Fumes"}],"player_experience":142630,"potions_floor_usage":[33,50,50,50],"damage_taken":[{"damage":0,"enemies":"Cultist","floor":1,"turns":4},{"damage":0,"enemies":"Jaw Worm","floor":3,"turns":7},{"damage":2,"enemies":"2 Louse","floor":4,"turns":3},{"damage":0,"enemies":"Blue Slaver","floor":5,"turns":7},{"damage":0,"enemies":"2 Fungi Beasts","floor":7,"turns":4},{"damage":0,"enemies":"Lots of Slimes","floor":11,"turns":4},{"damage":0,"enemies":"Gremlin Gang","floor":12,"turns":3},{"damage":0,"enemies":"Large Slime","floor":13,"turns":6},{"damage":0,"enemies":"Exordium Thugs","floor":14,"turns":5},{"damage":0,"enemies":"Slime Boss","floor":16,"turns":13},{"damage":0,"enemies":"Spheric Guardian","floor":18,"turns":6},{"damage":1,"enemies":"3 Byrds","floor":20,"turns":4},{"damage":2,"enemies":"Book of Stabbing","floor":24,"turns":8},{"damage":31,"enemies":"Slavers","floor":27,"turns":7},{"damage":4,"enemies":"Sentry and Sphere","floor":30,"turns":7},{"damage":5,"enemies":"Centurion and Healer","floor":31,"turns":6},{"damage":38,"enemies":"Collector","floor":33,"turns":9},{"damage":0,"enemies":"3 Shapes","floor":35,"turns":5},{"damage":8,"enemies":"3 Darklings","floor":36,"turns":5},{"damage":53,"enemies":"2 Orb Walkers","floor":41,"turns":7},{"damage":0,"enemies":"Maw","floor":42,"turns":9},{"damage":10,"enemies":"Mysterious Sphere","floor":44,"turns":5},{"damage":0,"enemies":"Donu and Deca","floor":50,"turns":9}],"event_choices":[{"event_name":"The Cleric","player_choice":"Card Removal","floor":2,"damage_taken":0},{"event_name":"Big Fish","player_choice":"Donut","floor":10,"damage_taken":0},{"event_name":"Accursed Blacksmith","player_choice":"Forge","floor":21,"damage_taken":0},{"event_name":"Forgotten Altar","player_choice":"Shed Blood","floor":25,"damage_taken":0},{"event_name":"Upgrade Shrine","player_choice":"Upgraded","floor":38,"damage_taken":0},{"event_name":"Mysterious Sphere","player_choice":"Fight","floor":44,"damage_taken":0},{"event_name":"Tomb of Lord Red Mask","player_choice":"Paid","floor":46,"damage_taken":0},{"event_name":"Wheel of Change","player_choice":"Card Removal","floor":48,"damage_taken":0}],"boss_relics":[{"not_picked":["Cursed Key","Calling Bell"],"picked":"Ectoplasm"},{"not_picked":["Pandora\u0027s Box","Tiny House"],"picked":"Sozu"}],"potions_floor_spawned":[3,5,7,12,16,24,27,31,33,36,41,42,44],"seed_played":"996961632972089218","ascension_level":2,"is_trial":false}