{"path_per_floor":["M","?","$","$","?","R","M","E","T","M","M","M","R","M","R","B",null,"M","M","?","?","$","R","E","M","T","?","R","M","R","M","R","B",null,"M","?","$","?","M","R","E","$","T","$","?","?","M","?","R"],"character_chosen":"THE_SILENT","items_purchased":["Anchor"],"gold_per_floor":[109,109,34,34,34,34,45,72,96,113,131,150,150,161,161,266,266,281,299,214,214,114,114,148,161,184,184,184,194,194,206,206,302,302,322,322,41,41,51,51,76,76,127,127,127,127,144,0,0],"floor_reached":50,"campfire_rested":6,"playtime":1785,"current_hp_per_floor":[63,63,63,63,56,56,56,31,31,31,31,31,52,52,70,70,70,70,70,70,70,70,70,68,68,68,55,55,37,60,43,66,44,72,70,70,70,60,55,80,23,23,29,29,29,81,31,31,55],"items_purged":["Strike_G","Defend_G","Normality"],"gold":0,"score":718,"play_id":"1ca7203b-5b7d-4380-ba70-001933d925f5","is_prod":false,"is_daily":false,"is_ascension_mode":true,"campfire_upgraded":3,"path_taken":["M","?","?","$","?","R","M","E","T","M","M","?","R","M","R","BOSS","M","M","?","?","$","R","E","M","T","?","R","M","R","M","R","BOSS","M","?","$","?","M","R","E","$","T","$","?","?","M","?","R","BOSS"],"build_version":"2018-02-22-PROD2","purchased_purges":3,"victory":false,"master_deck":["Defend_G","Defend_G+1","Defend_G+1","Survivor+1","Neutralize+1","Dagger Spray+1","A Thousand Cuts+1","Bouncing Flask+1","Deadly Poison","Escape Plan","Catalyst+1","Escape Plan+1","Regret","Writhe","Injury","Madness","Madness","Doubt","Footwork+1"],"max_hp_per_floor":[70,70,70,70,70,70,70,70,70,70,70,70,70,70,70,70,70,70,70,70,70,70,70,70,70,70,75,75,77,77,79,79,81,81,83,83,83,83,85,85,87,87,93,93,93,81,81,81,81],"relics":["Astrolabe","War Paint","Snake Skull","Cursed Key","Juzu Bracelet","Singing Bowl","Happy Flower","Calling Bell","Darkstone Periapt","Blue Candle","Ancient Tea Set","Anchor","Blood Vial","Bag of Marbles","Red Mask"],"card_choices":[{"not_picked":["Prepared","Setup"],"picked":"Deadly Poison"},{"not_picked":["Tools of the Trade","Unload"],"picked":"Grand Finale"},{"not_picked":["Backflip","Prepared"],"picked":"Catalyst"},{"not_picked":["Acrobatics","Noxious Fumes"],"picked":"Escape Plan"},{"not_picked":["Dagger Spray","Riddle With Holes"],"picked":"Footwork"}],"player_experience":169099,"potions_floor_usage":[16,29,35,41,41,50],"damage_taken":[{"damage":0,"enemies":"2 Louse","floor":1,"turns":2},{"damage":0,"enemies":"Cultist","floor":7,"turns":3},{"damage":25,"enemies":"3 Sentries","floor":8,"turns":5},{"damage":0,"enemies":"Jaw Worm","floor":10,"turns":4},{"damage":0,"enemies":"Exordium Thugs","floor":11,"turns":3},{"damage":0,"enemies":"Blue Slaver","floor":12,"turns":3},{"damage":0,"enemies":"2 Fungi Beasts","floor":14,"turns":2},{"damage":0,"enemies":"The Guardian","floor":16,"turns":7},{"damage":0,"enemies":"Shell Parasite","floor":18,"turns":4},{"damage":0,"enemies":"Spheric Guardian","floor":19,"turns":3},{"damage":2,"enemies":"Book of Stabbing","floor":24,"turns":4},{"damage":0,"enemies":"Centurion and Healer","floor":25,"turns":4},{"damage":20,"enemies":"Snake Plant","floor":29,"turns":3},{"damage":19,"enemies":"Slaver and Parasite","floor":31,"turns":6},{"damage":24,"enemies":"Champ","floor":33,"turns":6},{"damage":4,"enemies":"Orb Walker","floor":35,"turns":4},{"damage":7,"enemies":"3 Shapes","floor":39,"turns":7},{"damage":59,"enemies":"2 Orb Walkers","floor":41,"turns":6},{"damage":50,"enemies":"3 Darklings","floor":47,"turns":4},{"damage":61,"enemies":"Awakened One","floor":50,"turns":4}],"event_choices":[{"event_name":"Purifier","player_choice":"One Purge","floor":2,"damage_taken":0},{"event_name":"Golden Wing","player_choice":"Card Removal","floor":5,"damage_taken":0},{"event_name":"Addict","player_choice":"Obtained Relic","floor":20,"damage_taken":0},{"event_name":"The Library","player_choice":"Read","floor":21,"damage_taken":0},{"event_name":"Forgotten Altar","player_choice":"Shed Blood","floor":27,"damage_taken":0},{"event_name":"Winding Halls","player_choice":"Embrace Madness","floor":38,"damage_taken":0},{"event_name":"Mysterious Sphere","player_choice":"Ignore","floor":45,"damage_taken":0},{"event_name":"The Moai Head","player_choice":"Heal","floor":46,"damage_taken":0},{"event_name":"Tomb of Lord Red Mask","player_choice":"Paid","floor":48,"damage_taken":0}],"boss_relics":[{"not_picked":["The Specimen","Black Star"],"picked":"Cursed Key"},{"not_picked":["Question Card","Velvet Choker"],"picked":"Calling Bell"}],"potions_floor_spawned":[7,10,12,16,18,24,35,39,41,47],"seed_played":"-2086206011684786119","killed_by":"Awakened One","ascension_level":8,"is_trial":false}