{"gold_per_floor":[109,59,59,74,91,120,120,154,154,171,184,184,195,211,211,314,314,334,334,346,45,64,64,93,107,107,133,133,133,133,146,146,146],"floor_reached":33,"playtime":1554,"items_purged":[],"score":398,"play_id":"69628579-acad-417a-ba37-9869568639c4","local_time":"20190109235804","is_ascension_mode":true,"campfire_choices":[{"floor":7,"key":"REST"},{"data":"Dualcast","floor":12,"key":"SMITH"},{"data":"Zap","floor":15,"key":"SMITH"},{"data":"Conserve Battery","floor":23,"key":"SMITH"},{"data":"Biased Cognition","floor":28,"key":"SMITH"},{"data":"Leap","floor":30,"key":"SMITH"},{"data":"Ball Lightning","floor":32,"key":"SMITH"}],"neow_cost":"NONE","seed_source_timestamp":1319013502918639,"circlet_count":0,"master_deck":["Strike_B","Strike_B","Strike_B","Defend_B","Defend_B","Defend_B","Zap+1","Dualcast+1","Ball Lightning","Ball Lightning+1","Ball Lightning","Stack","Ball Lightning","Ball Lightning","Leap+1","Compile Driver","Biased Cognition+1","Conserve Battery+1","Compile Driver+1","Leap","FTL+1","Core Surge+1","Leap","Beam Cell+1"],"relics":["Cracked Core","Vajra","Bag of Marbles","Mercury Hourglass","Symbiotic Virus","Black Star","Molten Egg 2","Oddly Smooth Stone","Letter Opener","Meat on the Bone","Bottled Tornado","Pear","Orichalcum"],"potions_floor_usage":[6,25,33,33,33],"damage_taken":[{"damage":2,"enemies":"Jaw Worm","floor":1,"turns":3},{"damage":0,"enemies":"Cultist","floor":4,"turns":2},{"damage":0,"enemies":"2 Louse","floor":5,"turns":1},{"damage":35,"enemies":"Lagavulin","floor":6,"turns":4},{"damage":5,"enemies":"Gremlin Nob","floor":8,"turns":3},{"damage":0,"enemies":"Large Slime","floor":10,"turns":2},{"damage":0,"enemies":"Exordium Thugs","floor":11,"turns":2},{"damage":0,"enemies":"Red Slaver","floor":13,"turns":1},{"damage":0,"enemies":"Large Slime","floor":14,"turns":2},{"damage":35,"enemies":"The Guardian","floor":16,"turns":5},{"damage":0,"enemies":"Spheric Guardian","floor":18,"turns":2},{"damage":0,"enemies":"Chosen","floor":20,"turns":3},{"damage":24,"enemies":"Snake Plant","floor":22,"turns":2},{"damage":0,"enemies":"Gremlin Leader","floor":24,"turns":4},{"damage":12,"enemies":"3 Cultists","floor":25,"turns":3},{"damage":15,"enemies":"Slavers","floor":27,"turns":3},{"damage":6,"enemies":"Chosen and Byrds","floor":31,"turns":3},{"damage":54,"enemies":"Champ","floor":33,"turns":5}],"seed_played":"-8561602981523518180","potions_obtained":[{"floor":5,"key":"SkillPotion"},{"floor":6,"key":"LiquidBronze"},{"floor":13,"key":"FocusPotion"},{"floor":14,"key":"Explosive Potion"},{"floor":27,"key":"LiquidBronze"},{"floor":31,"key":"FocusPotion"}],"is_trial":false,"path_per_floor":["M","?","?","M","M","E","R","E","T","M","M","R","M","M","R","B",null,"M","?","M","$","M","R","E","M","T","E","R","T","R","M","R","B"],"character_chosen":"DEFECT","items_purchased":["Molten Egg 2","Leap"],"campfire_rested":1,"item_purchase_floors":[21,21],"current_hp_per_floor":[73,73,73,73,73,38,60,55,55,55,55,55,55,55,55,20,75,75,75,75,75,51,51,51,39,39,46,46,46,46,52,52,0],"gold":146,"neow_bonus":"RANDOM_COMMON_RELIC","is_prod":false,"is_daily":false,"chose_seed":false,"campfire_upgraded":6,"win_rate":0,"timestamp":1547078284,"path_taken":["M","?","?","M","M","E","R","E","T","M","M","R","?","M","R","BOSS","M","?","M","$","M","R","E","M","T","E","R","?","R","M","R","BOSS"],"build_version":"2019-01-03v4","purchased_purges":0,"victory":false,"max_hp_per_floor":[75,75,75,75,75,75,75,75,75,75,75,75,75,75,75,75,75,75,75,75,75,75,75,75,75,75,85,85,85,85,85,85,85],"card_choices":[{"not_picked":["Hologram","Redo"],"picked":"Ball Lightning","floor":1},{"not_picked":["Compile Driver","Barrage"],"picked":"Ball Lightning","floor":4},{"not_picked":["Cold Snap","Gash"],"picked":"Ball Lightning","floor":5},{"not_picked":["Fusion","Consume"],"picked":"Stack","floor":6},{"not_picked":["Undo","Sweeping Beam"],"picked":"Ball Lightning","floor":8},{"not_picked":["Doom and Gloom","Coolheaded"],"picked":"Ball Lightning","floor":10},{"not_picked":["Darkness","Gash"],"picked":"Leap","floor":11},{"not_picked":["Capacitor","Barrage","Gash"],"picked":"SKIP","floor":13},{"not_picked":["Beam Cell","Self Repair"],"picked":"Compile Driver","floor":14},{"not_picked":["Machine Learning","Seek"],"picked":"Biased Cognition","floor":16},{"not_picked":["Darkness+1","Streamline"],"picked":"Conserve Battery","floor":18},{"not_picked":["Rebound","Hologram"],"picked":"Compile Driver+1","floor":20},{"not_picked":["Stack+1","Capacitor"],"picked":"FTL+1","floor":22},{"not_picked":["Heatsinks","Undo"],"picked":"Core Surge+1","floor":24},{"not_picked":["Steam","Heatsinks+1","Consume"],"picked":"SKIP","floor":25},{"not_picked":["Fusion","Redo"],"picked":"Leap","floor":27},{"not_picked":["Darkness","Cold Snap+1"],"picked":"Beam Cell+1","floor":31}],"player_experience":137309,"relics_obtained":[{"floor":6,"key":"Bag of Marbles"},{"floor":8,"key":"Mercury Hourglass"},{"floor":9,"key":"Symbiotic Virus"},{"floor":24,"key":"Oddly Smooth Stone"},{"floor":24,"key":"Letter Opener"},{"floor":26,"key":"Meat on the Bone"},{"floor":27,"key":"Bottled Tornado"},{"floor":27,"key":"Pear"},{"floor":29,"key":"Orichalcum"}],"event_choices":[{"cards_removed":["Strike_B"],"damage_healed":0,"gold_gain":0,"player_choice":"Card Removal","damage_taken":0,"max_hp_gain":0,"max_hp_loss":0,"event_name":"The Cleric","floor":2,"gold_loss":50},{"cards_removed":["Defend_B"],"damage_healed":0,"gold_gain":0,"player_choice":"Offered Basic","damage_taken":0,"max_hp_gain":0,"max_hp_loss":0,"event_name":"Bonfire Elementals","floor":3,"gold_loss":0},{"damage_healed":0,"gold_gain":0,"player_choice":"Ignored","damage_taken":0,"max_hp_gain":0,"max_hp_loss":0,"event_name":"Vampires","floor":19,"gold_loss":0}],"is_beta":false,"boss_relics":[{"not_picked":["Velvet Choker","Ectoplasm"],"picked":"Black Star"}],"items_purged_floors":[],"is_endless":false,"potions_floor_spawned":[5,6,13,14,22,27,31],"killed_by":"Champ","ascension_level":3}