{"path_per_floor":["M","?","M","$","M","E","R","T","T","M","E","R","M","?","R","B",null,"M","M","$","T","?"],"character_chosen":"IRONCLAD","items_purchased":["Havoc"],"gold_per_floor":[117,117,131,131,149,184,184,184,210,233,268,268,284,284,284,415,415,429,447,351,431,431],"floor_reached":23,"campfire_rested":1,"playtime":1562,"current_hp_per_floor":[80,76,60,60,55,41,41,41,41,40,20,42,43,89,89,32,89,69,50,50,50,50],"items_purged":["Defend_R"],"gold":431,"play_id":"0587f36d-6f75-4735-901a-e6574fb6cb7d","is_prod":false,"is_daily":false,"campfire_rituals":0,"campfire_upgraded":2,"is_hardmode":false,"path_taken":["M","?","M","$","M","E","R","?","T","M","E","R","M","?","R","BOSS","M","M","$","?","?","E"],"build_version":"2017-12-21-PROD1","purchased_purges":2,"victory":false,"master_deck":["Defend_R","Defend_R","Defend_R","Bash","Dark Embrace","Headbutt","Clash","Pommel Strike","Feed","Twin Strike","Double Tap","Pommel Strike","Shrug It Off","Havoc","Bite_R","Bite_R","Bite_R","Bite_R","Bite_R"],"max_hp_per_floor":[80,76,76,76,76,76,76,76,76,76,76,76,79,89,89,89,89,93,97,97,97,67],"relics":["Burning Blood","Golden Idol","Lantern","Smiling Mask","Molten Egg","Pen Nib","Lizard Tail","Dodecahedron"],"campfire_meditates":0,"card_choices":[{"not_picked":["Searing Blow","Dual Wield"],"picked":"Headbutt"},{"not_picked":["Armaments","Reckless Charge"],"picked":"Clash"},{"not_picked":["Fire Breathing","Perfected Strike"],"picked":"Pommel Strike"},{"not_picked":["Armaments","Flame Barrier"],"picked":"Immolate"},{"not_picked":["Warcry","Pommel Strike"],"picked":"Feed"},{"not_picked":["Clothesline","Pommel Strike"],"picked":"Twin Strike"},{"not_picked":["Barricade","Offering"],"picked":"Double Tap"},{"not_picked":["Blood for Blood","Body Slam"],"picked":"Pommel Strike"},{"not_picked":["Rupture","Metallicize"],"picked":"Shrug It Off"}],"player_experience":60099,"potions_floor_usage":[6,16,23],"damage_taken":[{"damage":4,"enemies":"Cultist","floor":1,"turns":4},{"damage":22,"enemies":"Jaw Worm","floor":3,"turns":4},{"damage":11,"enemies":"Blue Slaver","floor":5,"turns":4},{"damage":20,"enemies":"3 Sentries","floor":6,"turns":7},{"damage":7,"enemies":"Exordium Wildlife","floor":10,"turns":3},{"damage":26,"enemies":"Lagavulin","floor":11,"turns":5},{"damage":8,"enemies":"Lots of Slimes","floor":13,"turns":4},{"damage":63,"enemies":"The Guardian","floor":16,"turns":10},{"damage":30,"enemies":"2 Thieves","floor":18,"turns":3},{"damage":29,"enemies":"3 Byrds","floor":19,"turns":5},{"damage":100,"enemies":"Book of Stabbing","floor":23,"turns":6}],"event_choices":[{"event_name":"Golden Idol","player_choice":"Lose Max HP","floor":2,"damage_taken":0},{"event_name":"Bonfire Elementals","player_choice":"ATTACK","floor":14,"damage_taken":0},{"event_name":"Vampires","player_choice":"Became a vampire","floor":22,"damage_taken":0}],"boss_relics":[{"not_picked":["White Beast Statue","Black Blood"],"picked":"Lizard Tail"}],"potions_floor_spawned":[5,11,16,19],"seed_played":"-1136751538700968219","killed_by":"Book of Stabbing","is_trial":false}