{"gold_per_floor":[114,114,114,114,133,164,182,196,223,249,221,261,275,318,318,444,444,467,467,483,329,344,385,17,17,17,17,42,76,26,41,41,41],"floor_reached":33,"playtime":1251,"items_purged":["Strike_G"],"score":446,"play_id":"c978023f-ac1d-4c7b-ad97-f5158065721c","local_time":"20190113201418","is_ascension_mode":true,"campfire_choices":[{"floor":15,"key":"REST"},{"floor":25,"key":"REST"},{"data":"Adrenaline","floor":27,"key":"SMITH"},{"floor":32,"key":"REST"}],"neow_cost":"NONE","seed_source_timestamp":1651504289563732,"circlet_count":0,"master_deck":["Defend_G","Defend_G","Defend_G","Defend_G","Defend_G","Strike_G","Strike_G","Strike_G","Strike_G","Survivor","Neutralize","Flying Knee","Backstab","Leg Sweep","Backflip","Adrenaline+1","Flying Knee+1","Backstab","Die Die Die+1","Dash"],"relics":["Ring of the Snake","NeowsBlessing","Dream Catcher","Golden Idol","Lantern","Centennial Puzzle","Pen Nib","Bag of Preparation","Strawberry","Busted Crown","Whetstone","Vajra","Juzu Bracelet","Anchor","Pear","The Courier"],"potions_floor_usage":[8,8,12,16,29],"damage_taken":[{"damage":0,"enemies":"Small Slimes","floor":1,"turns":1},{"damage":0,"enemies":"Jaw Worm","floor":5,"turns":1},{"damage":0,"enemies":"Gremlin Nob","floor":6,"turns":1},{"damage":0,"enemies":"2 Louse","floor":7,"turns":2},{"damage":0,"enemies":"Large Slime","floor":8,"turns":3},{"damage":12,"enemies":"3 Sentries","floor":12,"turns":8},{"damage":0,"enemies":"2 Fungi Beasts","floor":13,"turns":2},{"damage":29,"enemies":"Gremlin Nob","floor":14,"turns":6},{"damage":14,"enemies":"The Guardian","floor":16,"turns":13},{"damage":0,"enemies":"Chosen","floor":18,"turns":3},{"damage":6,"enemies":"2 Thieves","floor":20,"turns":3},{"damage":2,"enemies":"Chosen and Byrds","floor":22,"turns":4},{"damage":21,"enemies":"Book of Stabbing","floor":23,"turns":6},{"damage":0,"enemies":"Sentry and Sphere","floor":28,"turns":1},{"damage":18,"enemies":"Gremlin Leader","floor":29,"turns":5},{"damage":3,"enemies":"Snake Plant","floor":31,"turns":3},{"damage":69,"enemies":"Champ","floor":33,"turns":12}],"seed_played":"7639685318306988342","potions_obtained":[{"floor":5,"key":"Fire Potion"},{"floor":6,"key":"Explosive Potion"},{"floor":7,"key":"AttackPotion"},{"floor":14,"key":"PowerPotion"},{"floor":18,"key":"AttackPotion"},{"floor":28,"key":"SmokeBomb"},{"floor":29,"key":"SteroidPotion"}],"is_trial":false,"path_per_floor":["M","?","?","?","M","E","M","M","T","T","?","E","M","E","R","B",null,"M","?","M","$","M","E","$","R","T","R","M","E","?","M","R","B"],"character_chosen":"THE_SILENT","items_purchased":["Whetstone","Juzu Bracelet","Anchor"],"campfire_rested":3,"item_purchase_floors":[21,24,24],"current_hp_per_floor":[63,51,51,51,51,51,51,51,51,51,51,39,39,17,38,24,60,60,60,54,54,52,31,31,52,62,62,62,44,44,41,65,0],"gold":41,"neow_bonus":"THREE_ENEMY_KILL","is_prod":false,"is_daily":false,"chose_seed":false,"campfire_upgraded":1,"win_rate":0,"timestamp":1547410458,"path_taken":["M","?","?","?","M","E","M","?","T","?","?","E","M","E","R","BOSS","M","?","M","$","M","E","$","R","T","R","M","E","?","M","R","BOSS"],"build_version":"2019-01-10","purchased_purges":1,"victory":false,"max_hp_per_floor":[70,70,70,65,65,65,65,65,65,65,65,65,65,72,72,72,72,72,72,72,72,72,72,72,72,82,82,82,82,82,82,82,82],"card_choices":[{"not_picked":["Deadly Poison","Expertise"],"picked":"Flying Knee","floor":1},{"not_picked":["Flechettes","Distraction"],"picked":"Backstab","floor":5},{"not_picked":["Concentrate","Cloak And Dagger"],"picked":"Leg Sweep","floor":6},{"not_picked":["Prepared","Calculated Gamble"],"picked":"Backflip","floor":7},{"not_picked":["Underhanded Strike","Reflex","Eviscerate"],"picked":"SKIP","floor":8},{"not_picked":["Escape Plan","Endless Agony"],"picked":"Adrenaline","floor":12},{"not_picked":["Prepared","Deadly Poison","Flechettes"],"picked":"SKIP","floor":13},{"not_picked":["Tactician","Endless Agony"],"picked":"Flying Knee","floor":14},{"not_picked":["Underhanded Strike","Bane"],"picked":"Backstab","floor":15},{"not_picked":["Venomology","Bullet Time"],"picked":"Die Die Die","floor":16},{"not_picked":["Deflect"],"picked":"SKIP","floor":18},{"not_picked":["Accuracy"],"picked":"SKIP","floor":20},{"not_picked":["Catalyst"],"picked":"SKIP","floor":22},{"not_picked":[],"picked":"Dash","floor":23},{"not_picked":["Bane"],"picked":"SKIP","floor":28},{"not_picked":["Bane"],"picked":"SKIP","floor":28},{"not_picked":["Outmaneuver"],"picked":"SKIP","floor":29},{"not_picked":["Setup+1"],"picked":"SKIP","floor":31}],"player_experience":258397,"relics_obtained":[{"floor":6,"key":"Lantern"},{"floor":9,"key":"Centennial Puzzle"},{"floor":10,"key":"Pen Nib"},{"floor":12,"key":"Bag of Preparation"},{"floor":14,"key":"Strawberry"},{"floor":23,"key":"Vajra"},{"floor":26,"key":"Pear"},{"floor":29,"key":"The Courier"}],"event_choices":[{"damage_healed":0,"gold_gain":0,"player_choice":"Success","damage_taken":12,"relics_obtained":["Dream Catcher"],"max_hp_gain":0,"max_hp_loss":0,"event_name":"Scrap Ooze","floor":2,"gold_loss":0},{"damage_healed":0,"gold_gain":0,"player_choice":"Ignored","damage_taken":0,"max_hp_gain":0,"max_hp_loss":0,"event_name":"Liars Game","floor":3,"gold_loss":0},{"damage_healed":0,"gold_gain":0,"player_choice":"Lose Max HP","damage_taken":0,"relics_obtained":["Golden Idol"],"max_hp_gain":0,"max_hp_loss":5,"event_name":"Golden Idol","floor":4,"gold_loss":0},{"damage_healed":0,"gold_gain":0,"player_choice":"Left Gold","damage_taken":0,"max_hp_gain":0,"max_hp_loss":0,"event_name":"World of Goop","floor":11,"gold_loss":28},{"damage_healed":0,"gold_gain":0,"player_choice":"Ignored","damage_taken":0,"max_hp_gain":0,"max_hp_loss":0,"event_name":"Ghosts","floor":19,"gold_loss":0},{"damage_healed":0,"gold_gain":0,"player_choice":"Bet on Murderer","damage_taken":0,"max_hp_gain":0,"max_hp_loss":0,"event_name":"The Joust","floor":30,"gold_loss":50}],"is_beta":false,"boss_relics":[{"not_picked":["HoveringKite","Coffee Dripper"],"picked":"Busted Crown"}],"items_purged_floors":[24],"is_endless":false,"potions_floor_spawned":[5,6,7,14,18,28,29],"killed_by":"Champ","ascension_level":7}