{"gold_per_floor":[112,112,8,24,34,61,61,74,74,90,110,110,128,140,140,240,240,258,271,321,173,185,212,212,230,301,312,312,312,312,312,312,407,407,425,438,438,451,469,94,114,114,114,125,143,143,162,0,0,0],"floor_reached":51,"playtime":5798,"items_purged":["Writhe"],"score":652,"play_id":"78722c8e-b3ad-4779-80d2-61414acd26ed","local_time":"20190107143413","is_ascension_mode":false,"campfire_choices":[{"data":"Defend_G","floor":12,"key":"SMITH"},{"floor":15,"key":"REST"},{"data":"Neutralize","floor":28,"key":"SMITH"},{"data":"Poisoned Stab","floor":30,"key":"SMITH"},{"floor":32,"key":"REST"},{"floor":42,"key":"REST"},{"floor":46,"key":"REST"},{"floor":49,"key":"REST"}],"neow_cost":"NONE","seed_source_timestamp":1107858577917422,"circlet_count":0,"master_deck":["Defend_G+1","Defend_G+1","Defend_G+1","Defend_G+1","Defend_G+1","Strike_G+1","Strike_G+1","Strike_G+1","Strike_G+1","Strike_G+1","Survivor","Neutralize","Expertise","Caltrops+1","Poisoned Stab","Flying Knee","Poisoned Stab","Bouncing Flask","Predator","Quick Slash","Poisoned Stab+1","Corpse Explosion","Acrobatics","Malaise","Catalyst","Escape Plan","Bullet Time","Acrobatics","Deflect+1","PiercingWail","Blade Dance+1","Purity","Neutralize+1","PiercingWail+1","Backflip","Adrenaline","Footwork+1","Bane+1","Dodge and Roll+1","Infinite Blades","Predator","Well Laid Plans","Blade Dance+1"],"special_seed":0,"relics":["Orrery","Meat on the Bone","Bottled Tornado","Sozu","Orichalcum","Kunai","Bottled Flame","Ancient Tea Set","Busted Crown","Lantern","Question Card","Red Mask"],"potions_floor_usage":[16,33,41,50],"damage_taken":[{"damage":1,"enemies":"Jaw Worm","floor":1,"turns":4},{"damage":1,"enemies":"Cultist","floor":4,"turns":3},{"damage":2,"enemies":"Small Slimes","floor":5,"turns":4},{"damage":29,"enemies":"3 Sentries","floor":6,"turns":7},{"damage":10,"enemies":"2 Fungi Beasts","floor":8,"turns":3},{"damage":12,"enemies":"3 Louse","floor":10,"turns":3},{"damage":8,"enemies":"Large Slime","floor":11,"turns":5},{"damage":18,"enemies":"Exordium Wildlife","floor":13,"turns":4},{"damage":9,"enemies":"Blue Slaver","floor":14,"turns":2},{"damage":50,"enemies":"The Guardian","floor":16,"turns":7},{"damage":17,"enemies":"Shell Parasite","floor":18,"turns":3},{"damage":27,"enemies":"2 Thieves","floor":19,"turns":3},{"damage":3,"enemies":"Snake Plant","floor":22,"turns":4},{"damage":32,"enemies":"Book of Stabbing","floor":23,"turns":5},{"damage":4,"enemies":"Cultist and Chosen","floor":25,"turns":4},{"damage":6,"enemies":"Shelled Parasite and Fungi","floor":27,"turns":5},{"damage":48,"enemies":"Champ","floor":33,"turns":11},{"damage":18,"enemies":"3 Darklings","floor":35,"turns":3},{"damage":9,"enemies":"3 Shapes","floor":36,"turns":5},{"damage":17,"enemies":"Transient","floor":38,"turns":5},{"damage":22,"enemies":"Maw","floor":39,"turns":8},{"damage":16,"enemies":"4 Shapes","floor":41,"turns":4},{"damage":15,"enemies":"Transient","floor":44,"turns":5},{"damage":11,"enemies":"Jaw Worm Horde","floor":45,"turns":5},{"damage":9,"enemies":"4 Shapes","floor":47,"turns":6},{"damage":8,"enemies":"Awakened One","floor":50,"turns":16}],"seed_played":"8919185869663370929","potions_obtained":[{"floor":6,"key":"FearPotion"},{"floor":8,"key":"EssenceOfSteel"},{"floor":10,"key":"SkillPotion"},{"floor":13,"key":"Energy Potion"},{"floor":16,"key":"Swift Potion"}],"is_trial":false,"path_per_floor":["M","?","$","M","M","E","$","M","T","M","M","R","M","M","R","B",null,"M","M","?","$","M","E","?","M","T","M","R","?","R","?","R","B",null,"M","M","?","M","M","$","M","R","T","M","M","R","M","?","R","B",null],"character_chosen":"THE_SILENT","items_purchased":["Bouncing Flask","Predator","Orichalcum","Lantern","Infinite Blades","Predator"],"campfire_rested":5,"item_purchase_floors":[3,3,21,40,40,40],"current_hp_per_floor":[69,69,69,68,66,37,37,39,39,39,43,43,37,40,61,23,70,53,38,38,38,47,27,27,35,35,41,41,41,41,41,62,26,70,52,43,43,38,28,28,24,45,45,42,43,64,55,55,70,62],"gold":0,"neow_bonus":"BOSS_RELIC","is_prod":false,"is_daily":false,"chose_seed":false,"campfire_upgraded":3,"win_rate":0.0,"timestamp":1546871653,"path_taken":["M","?","$","M","M","E","?","M","T","M","M","R","M","M","R","BOSS","M","M","?","$","?","E","?","M","T","?","R","?","R","?","R","BOSS","M","M","?","M","M","$","M","R","T","M","M","R","M","?","R","BOSS"],"build_version":"2019-01-03v4","purchased_purges":1,"victory":true,"max_hp_per_floor":[70,70,70,70,70,70,70,70,70,70,70,70,70,70,70,70,70,70,70,70,70,70,70,70,70,70,70,70,70,70,70,70,70,70,70,70,70,70,70,70,70,70,70,70,70,70,70,70,70,70],"card_choices":[{"not_picked":["Sucker Punch","PiercingWail"],"picked":"Expertise","floor":0.0},{"not_picked":["Footwork","Acrobatics"],"picked":"Caltrops","floor":0.0},{"not_picked":["Flying Knee","Backflip"],"picked":"Poisoned Stab","floor":0.0},{"not_picked":["Glass Knife","Prepared"],"picked":"Flying Knee","floor":0.0},{"not_picked":["Escape Plan","Noxious Fumes"],"picked":"Caltrops","floor":0.0},{"not_picked":["Dodge and Roll","Backflip"],"picked":"Poisoned Stab","floor":1},{"not_picked":["Deflect","Bouncing Flask"],"picked":"Quick Slash","floor":4},{"not_picked":["PiercingWail","Flying Knee"],"picked":"Poisoned Stab","floor":5},{"not_picked":["Predator","PiercingWail"],"picked":"Corpse Explosion","floor":6},{"not_picked":["Flying Knee","Distraction"],"picked":"Acrobatics","floor":8},{"not_picked":["Sucker Punch","Dagger Throw"],"picked":"Malaise","floor":10},{"not_picked":["Terror","Flying Knee"],"picked":"Catalyst","floor":11},{"not_picked":["Backstab","Prepared"],"picked":"Escape Plan","floor":13},{"not_picked":["Masterful Stab","Finisher","Slice"],"picked":"SKIP","floor":14},{"not_picked":["Glass Knife","Phantasmal Killer"],"picked":"Bullet Time","floor":16},{"not_picked":["Flechettes","Slice"],"picked":"Acrobatics","floor":18},{"not_picked":["Dagger Spray+1","Eviscerate"],"picked":"Deflect+1","floor":19},{"not_picked":["Dagger Spray","Quick Slash+1"],"picked":"PiercingWail","floor":22},{"not_picked":["Acrobatics","Noxious Fumes"],"picked":"Blade Dance+1","floor":23},{"not_picked":["Predator+1","Sucker Punch"],"picked":"PiercingWail+1","floor":25},{"not_picked":["Predator","Slice"],"picked":"Backflip","floor":27},{"not_picked":["Venomology","A Thousand Cuts"],"picked":"Adrenaline","floor":33},{"not_picked":[],"picked":"Footwork+1","floor":35},{"not_picked":[],"picked":"Bane+1","floor":36},{"not_picked":["Masterful Stab"],"picked":"SKIP","floor":38},{"not_picked":[],"picked":"Dodge and Roll+1","floor":39},{"not_picked":["Deflect+1"],"picked":"SKIP","floor":41},{"not_picked":["Blade Dance","Underhanded Strike+1"],"picked":"SKIP","floor":44},{"not_picked":["Bane+1"],"picked":"Well Laid Plans","floor":45},{"not_picked":["Bane"],"picked":"Blade Dance+1","floor":47}],"player_experience":36634,"relics_obtained":[{"floor":6,"key":"Meat on the Bone"},{"floor":9,"key":"Bottled Tornado"},{"floor":23,"key":"Kunai"},{"floor":26,"key":"Bottled Flame"},{"floor":43,"key":"Question Card"}],"event_choices":[{"damage_healed":0,"gold_gain":0,"player_choice":"Forge","damage_taken":0,"max_hp_gain":0,"max_hp_loss":0,"event_name":"Accursed Blacksmith","floor":2,"gold_loss":0,"cards_upgraded":["Caltrops"]},{"damage_healed":0,"gold_gain":100,"player_choice":"Bet on Murderer","damage_taken":0,"max_hp_gain":0,"max_hp_loss":0,"event_name":"The Joust","floor":20,"gold_loss":50},{"damage_healed":0,"gold_gain":0,"player_choice":"2 cards matched","damage_taken":0,"max_hp_gain":0,"max_hp_loss":0,"event_name":"Match and Keep!","floor":24,"gold_loss":0,"cards_obtained":["Purity","Neutralize"]},{"damage_healed":0,"gold_gain":0,"player_choice":"Simplicity","damage_taken":0,"max_hp_gain":0,"max_hp_loss":0,"event_name":"Back to Basics","floor":29,"gold_loss":0,"cards_upgraded":["Defend_G","Defend_G","Defend_G","Defend_G","Strike_G","Strike_G","Strike_G","Strike_G","Strike_G"]},{"damage_healed":0,"gold_gain":0,"player_choice":"Opened","damage_taken":0,"relics_obtained":["Ancient Tea Set"],"max_hp_gain":0,"max_hp_loss":0,"event_name":"The Mausoleum","floor":31,"gold_loss":0,"cards_obtained":["Writhe"]},{"cards_removed":["Caltrops"],"damage_healed":0,"gold_gain":0,"player_choice":"Removed Power","damage_taken":0,"max_hp_gain":0,"max_hp_loss":0,"event_name":"Falling","floor":37,"gold_loss":0},{"damage_healed":0,"gold_gain":0,"player_choice":"Paid","damage_taken":0,"relics_obtained":["Red Mask"],"max_hp_gain":0,"max_hp_loss":0,"event_name":"Tomb of Lord Red Mask","floor":48,"gold_loss":162}],"is_beta":false,"boss_relics":[{"not_picked":["Astrolabe","Cursed Key"],"picked":"Sozu"},{"not_picked":["HoveringKite","WristBlade"],"picked":"Busted Crown"}],"items_purged_floors":[40],"is_endless":false,"potions_floor_spawned":[6,8,10,13,16,19,23,25,27,36,39,44,47],"ascension_level":0}