{"path_per_floor":["M","?","?","$","M","E","R","?","T","R","?","M","M","$","R","B",null,"M","?","M","$","M","R","E","R","T","R","?","?","$","?","R","B",null,"M","?"],"character_chosen":"DEFECT","items_purchased":["Apotheosis","Defragment","White Noise"],"gold_per_floor":[109,284,284,13,32,57,57,57,57,57,57,78,102,69,69,189,227,243,343,368,268,289,289,325,325,349,349,349,264,188,138,138,269,269,287,287,287],"floor_reached":37,"campfire_rested":3,"playtime":1693,"item_purchase_floors":[4,14,30],"current_hp_per_floor":[75,75,75,75,75,57,57,39,46,70,75,75,75,75,75,41,81,54,54,54,54,27,69,26,68,68,68,68,68,68,68,68,38,97,69,59,0],"items_purged":["Strike_B","Strike_B"],"gold":287,"score":525,"play_id":"e1c5d7be-99e2-442d-90fe-db88371ae83c","local_time":"20180620165148","is_prod":false,"is_daily":false,"chose_seed":false,"is_ascension_mode":true,"campfire_upgraded":0,"win_rate":0,"timestamp":1529509908,"campfire_choices":[{"floor":7,"key":"DIG"},{"floor":10,"key":"REST"},{"floor":15,"key":"DIG"},{"floor":23,"key":"REST"},{"floor":25,"key":"REST"},{"floor":27,"key":"DIG"},{"floor":32,"key":"DIG"}],"path_taken":["M","?","?","$","M","E","R","?","T","R","?","?","M","?","R","BOSS","M","?","?","$","M","R","E","R","T","R","?","?","$","?","R","BOSS","M","?","M"],"build_version":"2018-06-14v2","seed_source_timestamp":447511871645300,"purchased_purges":2,"victory":false,"master_deck":["Strike_B","Strike_B","Defend_B","Defend_B","Defend_B+1","Defend_B","Zap","Dualcast","Fission","Coolheaded","Apotheosis","Ball Lightning","Reboot","Defragment","Electrodynamics","Chaos","Doom and Gloom","Static Discharge","Steam Power+1","White Noise","Rainbow","Pain","Decay","Clumsy","Recycle+1","Secret Technique","Mind Blast","Master of Strategy"],"max_hp_per_floor":[75,75,75,75,75,75,75,75,82,82,87,87,87,87,87,87,92,92,92,92,92,92,92,92,92,92,92,92,92,92,92,92,92,110,110,110,110],"relics":["Cracked Core","Spirit Poop","Shovel","Golden Idol","Strawberry","Regal Pillow","Tiny House","Boot","Bag of Marbles","Juzu Bracelet","Nloth\u0027s Gift","Darkstone Periapt","Oddly Smooth Stone","Calling Bell","Orichalcum","Blue Candle","Turnip"],"card_choices":[{"not_picked":["Redo","Turbo"],"picked":"Coolheaded","floor":1},{"not_picked":["Stack","Scrape","Rebound"],"picked":"SKIP","floor":5},{"not_picked":["Capacitor","Compile Driver"],"picked":"Ball Lightning","floor":6},{"not_picked":["Capacitor","Fusion"],"picked":"Reboot","floor":12},{"not_picked":["Compile Driver","Hologram","Leap"],"picked":"SKIP","floor":13},{"not_picked":["Rainbow","Amplify"],"picked":"Electrodynamics","floor":16},{"not_picked":["Beam Cell","Go for the Eyes"],"picked":"Chaos","floor":17},{"not_picked":["Sweeping Beam+1","Redo"],"picked":"Doom and Gloom","floor":18},{"not_picked":["Leap","Gash"],"picked":"Static Discharge","floor":20},{"not_picked":["FTL","Coolheaded"],"picked":"Steam Power+1","floor":22},{"not_picked":["Steam","Coolheaded","Sweeping Beam"],"picked":"SKIP","floor":24},{"not_picked":["Meteor Strike","Reboot"],"picked":"Rainbow","floor":33},{"not_picked":["Redo+1","Hologram"],"picked":"Recycle+1","floor":35},{"not_picked":["Secret Weapon","Deep Breath"],"picked":"Secret Technique","floor":36},{"not_picked":["Swift Strike","Panacea"],"picked":"Mind Blast","floor":36},{"not_picked":["Trip","Transmutation"],"picked":"Master of Strategy","floor":36}],"player_experience":301612,"potions_floor_usage":[6,16,33,33,33],"damage_taken":[{"damage":0,"enemies":"2 Louse","floor":1,"turns":2},{"damage":0,"enemies":"Small Slimes","floor":5,"turns":3},{"damage":18,"enemies":"Lagavulin","floor":6,"turns":6},{"damage":0,"enemies":"Cultist","floor":12,"turns":3},{"damage":0,"enemies":"Blue Slaver","floor":13,"turns":2},{"damage":34,"enemies":"Slime Boss","floor":16,"turns":7},{"damage":27,"enemies":"2 Thieves","floor":18,"turns":4},{"damage":0,"enemies":"3 Byrds","floor":20,"turns":2},{"damage":27,"enemies":"Cultist and Chosen","floor":22,"turns":3},{"damage":43,"enemies":"Gremlin Leader","floor":24,"turns":5},{"damage":45,"enemies":"Champ","floor":33,"turns":10},{"damage":28,"enemies":"Orb Walker","floor":35,"turns":4},{"damage":65,"enemies":"3 Darklings","floor":37,"turns":4}],"relics_obtained":[{"floor":6,"key":"Shovel"},{"floor":7,"key":"Anchor"},{"floor":9,"key":"Strawberry"},{"floor":15,"key":"Regal Pillow"},{"floor":24,"key":"Boot"},{"floor":26,"key":"Bag of Marbles"},{"floor":27,"key":"Juzu Bracelet"},{"floor":32,"key":"Oddly Smooth Stone"},{"floor":34,"key":"Orichalcum"},{"floor":34,"key":"Blue Candle"},{"floor":34,"key":"Turnip"}],"event_choices":[{"event_name":"Liars Game","player_choice":"agreed","floor":2,"damage_taken":0},{"event_name":"Bonfire Elementals","player_choice":"CURSE","floor":3,"damage_taken":0},{"event_name":"Golden Idol","player_choice":"Take Damage","floor":8,"damage_taken":0},{"event_name":"Big Fish","player_choice":"Donut","floor":11,"damage_taken":0},{"event_name":"Golden Shrine","player_choice":"Pray","floor":19,"damage_taken":0},{"event_name":"N\u0027loth","player_choice":"Traded a Anchor","floor":28,"damage_taken":0},{"event_name":"Addict","player_choice":"Obtained Relic","floor":29,"damage_taken":0},{"event_name":"The Joust","player_choice":"Bet on Murderer","floor":31,"damage_taken":0},{"event_name":"SensoryStone","player_choice":"Memory 3","floor":36,"damage_taken":0}],"boss_relics":[{"not_picked":["Velvet Choker","Coffee Dripper"],"picked":"Tiny House"},{"not_picked":["Busted Crown","Runic Pyramid"],"picked":"Calling Bell"}],"items_purged_floors":[4,21],"is_endless":false,"potions_floor_spawned":[5,6,12,20,24],"seed_played":"-6589000673691733119","killed_by":"3 Darklings","ascension_level":5,"potions_obtained":[{"floor":5,"key":"Swift Potion"},{"floor":6,"key":"SkillPotion"},{"floor":12,"key":"Dexterity Potion"},{"floor":17,"key":"Regen Potion"},{"floor":20,"key":"Strength Potion"},{"floor":24,"key":"SpeedPotion"}],"is_trial":false}