{"path_per_floor":["M","?","?","M","?","R","$","M","T","$","?","R","E","M","R","B",null,"M","T","?","$","M","E","R","M","T","T","R","?","?","M","R"],"character_chosen":"THE_SILENT","items_purchased":["Underhanded Strike","Cloak And Dagger"],"gold_per_floor":[114,64,64,75,75,75,0,14,14,14,14,14,41,51,51,147,147,157,205,130,59,73,100,100,113,136,161,161,161,76,89,89],"floor_reached":33,"campfire_rested":4,"playtime":7818,"current_hp_per_floor":[65,65,58,58,58,58,58,58,58,58,58,58,37,33,54,25,70,58,58,58,58,46,8,29,5,5,5,26,26,26,16,37],"items_purged":["Injury"],"gold":89,"play_id":"ea8950e7-1f00-46d5-a0a9-44c5b80ad718","is_prod":false,"is_daily":false,"campfire_rituals":0,"campfire_upgraded":2,"is_hardmode":false,"path_taken":["M","?","?","M","?","R","$","M","T","$","?","R","E","M","R","BOSS","M","?","?","$","?","E","R","M","T","?","R","?","?","M","R","BOSS"],"build_version":"2018-01-04-PROD1","purchased_purges":1,"victory":false,"master_deck":["Defend_G","Defend_G","Defend_G","Defend_G","Strike_G","Strike_G","Strike_G","Survivor","Neutralize","Prepared","Acrobatics","Flying Knee","Quick Slash","Calculated Gamble","Underhanded Strike","Well Laid Plans","Burst","Eviscerate","Underhanded Strike","Cloak And Dagger","Well Laid Plans","Writhe","PiercingWail"],"max_hp_per_floor":[70,70,70,70,70,70,70,70,70,70,70,70,70,70,70,70,70,70,70,70,70,70,70,70,70,70,70,70,70,70,70,70],"relics":["Ring of the Snake","Blood Vial","Pen Nib","Lizard Tail","Ancient Tea Set","Bottled Lightning","Vajra","Lantern","Letter Opener","Juzu Bracelet"],"campfire_meditates":0,"card_choices":[{"not_picked":["Slice","Accuracy"],"picked":"Prepared"},{"not_picked":["Dagger Spray","Prepared"],"picked":"Acrobatics"},{"not_picked":["Dodge and Roll","Footwork"],"picked":"Flying Knee"},{"not_picked":["Finisher","Footwork"],"picked":"Underhanded Strike"},{"not_picked":["Grand Finale","Dagger Spray"],"picked":"Well Laid Plans"},{"not_picked":["Wraith Form","Grand Finale"],"picked":"Burst"},{"not_picked":["All Out Attack","Caltrops"],"picked":"Eviscerate"},{"not_picked":["Acrobatics","Backstab"],"picked":"Well Laid Plans"},{"not_picked":["Dagger Throw","Outmaneuver"],"picked":"PiercingWail"}],"player_experience":177027,"potions_floor_usage":[13,23,31],"damage_taken":[{"damage":5,"enemies":"Jaw Worm","floor":1,"turns":7},{"damage":0,"enemies":"2 Louse","floor":4,"turns":3},{"damage":0,"enemies":"Blue Slaver","floor":8,"turns":5},{"damage":23,"enemies":"Lagavulin","floor":13,"turns":10},{"damage":6,"enemies":"Large Slime","floor":14,"turns":8},{"damage":31,"enemies":"Slime Boss","floor":16,"turns":11},{"damage":12,"enemies":"Shell Parasite","floor":18,"turns":9},{"damage":14,"enemies":"Spheric Guardian","floor":22,"turns":5},{"damage":76,"enemies":"Gremlin Leader","floor":23,"turns":8},{"damage":26,"enemies":"3 Cultists","floor":25,"turns":7},{"damage":12,"enemies":"Slaver and Parasite","floor":31,"turns":5},{"damage":39,"enemies":"Collector","floor":33,"turns":3}],"event_choices":[{"event_name":"The Cleric","player_choice":"Card Removal","floor":2,"damage_taken":0},{"event_name":"Golden Wing","player_choice":"Card Removal","floor":3,"damage_taken":0},{"event_name":"Accursed Blacksmith","player_choice":"Forge","floor":5,"damage_taken":0},{"event_name":"Match and Keep!","player_choice":"2 cards matched","floor":11,"damage_taken":0},{"event_name":"Beggar","player_choice":"Gave Gold","floor":20,"damage_taken":0},{"event_name":"The Mausoleum","player_choice":"Yes","floor":29,"damage_taken":0},{"event_name":"Addict","player_choice":"Obtained Relic","floor":30,"damage_taken":0}],"boss_relics":[{"not_picked":["Orrery","White Beast Statue"],"picked":"Lizard Tail"}],"potions_floor_spawned":[8,13,25],"seed_played":"6381808241367105859","killed_by":"Collector","is_trial":false}