{"gold_per_floor":[212,224,239,249,16,16,36,63,63,78,96,128,128,157,157,257,257,242,16,16,16,16,16,16,16,16,16,16,16,16,16,16,16,16,16,0,0,0,0,0,0,0,0,0,0],"floor_reached":45,"playtime":1806,"items_purged":[],"score":554,"play_id":"2843ff83-d62f-4a0d-8533-b0a7afa15a44","local_time":"20190109194522","is_ascension_mode":true,"campfire_choices":[{"data":"Perfected Strike","floor":6,"key":"SMITH"},{"data":"Flame Barrier","floor":15,"key":"SMITH"},{"data":"Metamorphosis","floor":23,"key":"SMITH"},{"data":"Bludgeon","floor":25,"key":"SMITH"},{"data":"Barricade","floor":30,"key":"SMITH"},{"data":"Deep Breath","floor":32,"key":"SMITH"},{"floor":40,"key":"REST"},{"data":"Body Slam","floor":42,"key":"SMITH"},{"data":"Shrug It Off","floor":44,"key":"SMITH"}],"neow_cost":"NONE","seed_source_timestamp":343982727609100,"circlet_count":0,"master_deck":["Defend_R","Defend_R","Defend_R","Headbutt","Metallicize","Ghostly Armor","Deep Breath+1","Shrug It Off","Reckless Charge","Pommel Strike+1","Fiend Fire","Flame Barrier+1","Bludgeon+1","Dropkick","Metamorphosis+1","Wild Strike+1","Bite","Bite","Bite","Bite","Bite","Body Slam+1","Barricade+1","Exhume","Shrug It Off+1","Armaments+1","Body Slam+1"],"relics":["Burning Blood","Bag of Preparation","Bottled Flame","Mercury Hourglass","Pear","Bottled Lightning","Ectoplasm","Strawberry","Whetstone","Empty Cage","Red Mask","Torii","Blood Vial"],"potions_floor_usage":[4,8,10,12,18,18,22,33,33,37,39,45],"damage_taken":[{"damage":1,"enemies":"Cultist","floor":1,"turns":3},{"damage":0,"enemies":"Small Slimes","floor":2,"turns":3},{"damage":5,"enemies":"Jaw Worm","floor":3,"turns":5},{"damage":10,"enemies":"Large Slime","floor":4,"turns":6},{"damage":20,"enemies":"Exordium Thugs","floor":7,"turns":5},{"damage":24,"enemies":"Gremlin Nob","floor":8,"turns":4},{"damage":0,"enemies":"Lots of Slimes","floor":10,"turns":1},{"damage":0,"enemies":"2 Fungi Beasts","floor":11,"turns":2},{"damage":12,"enemies":"Lagavulin","floor":12,"turns":5},{"damage":0,"enemies":"Gremlin Nob","floor":14,"turns":2},{"damage":54,"enemies":"Hexaghost","floor":16,"turns":10},{"damage":6,"enemies":"2 Thieves","floor":18,"turns":2},{"damage":5,"enemies":"Shell Parasite","floor":20,"turns":5},{"damage":0,"enemies":"Centurion and Healer","floor":22,"turns":4},{"damage":31,"enemies":"Shelled Parasite and Fungi","floor":27,"turns":5},{"damage":6,"enemies":"3 Cultists","floor":28,"turns":4},{"damage":7,"enemies":"Cultist and Chosen","floor":31,"turns":5},{"damage":35,"enemies":"Automaton","floor":33,"turns":9},{"damage":3,"enemies":"3 Shapes","floor":35,"turns":4},{"damage":57,"enemies":"2 Orb Walkers","floor":37,"turns":5},{"damage":45,"enemies":"3 Darklings","floor":39,"turns":12},{"damage":0,"enemies":"Jaw Worm Horde","floor":45,"turns":2}],"seed_played":"6340670859999494300","potions_obtained":[{"floor":3,"key":"Energy Potion"},{"floor":7,"key":"EntropicBrew"},{"floor":11,"key":"Regen Potion"},{"floor":14,"key":"Explosive Potion"},{"floor":16,"key":"SkillPotion"},{"floor":27,"key":"Swift Potion"},{"floor":28,"key":"AttackPotion"},{"floor":33,"key":"Strength Potion"},{"floor":39,"key":"Swift Potion"}],"is_trial":false,"path_per_floor":["M","M","M","M","$","R","M","E","T","M","M","E","?","E","R","B",null,"M","$","M","?","M","R","?","R","T","M","M","T","R","M","R","B",null,"M","?","?","?","M","R","?","R","T","R","M"],"character_chosen":"IRONCLAD","items_purchased":["Deep Breath","Bag of Preparation","Metamorphosis","Fire Potion"],"campfire_rested":1,"item_purchase_floors":[5,5,19,19],"current_hp_per_floor":[80,80,80,76,76,76,62,44,44,50,56,60,65,71,71,23,95,95,95,95,66,66,66,66,66,73,48,52,52,52,57,57,36,73,73,73,26,26,21,42,42,42,42,42,44],"gold":0,"neow_bonus":"HUNDRED_GOLD","is_prod":false,"is_daily":false,"chose_seed":false,"campfire_upgraded":8,"win_rate":0,"timestamp":1547063122,"path_taken":["M","M","M","M","$","R","M","E","T","?","M","E","?","E","R","BOSS","M","$","M","?","M","R","?","R","T","?","?","?","R","M","R","BOSS","M","?","?","?","M","R","?","R","T","R","?"],"build_version":"2019-01-03v4","purchased_purges":0,"victory":false,"max_hp_per_floor":[80,80,80,80,80,80,80,80,80,80,80,90,95,95,95,95,95,95,95,95,66,66,66,66,66,73,73,73,73,73,73,73,73,73,73,73,73,73,73,73,73,73,73,73,73],"card_choices":[{"not_picked":["Havoc","Fire Breathing"],"picked":"Headbutt","floor":1},{"not_picked":["Heavy Blade","Warcry"],"picked":"Metallicize","floor":2},{"not_picked":["Flex","Fire Breathing"],"picked":"Ghostly Armor","floor":3},{"not_picked":["Cleave","Heavy Blade"],"picked":"Perfected Strike","floor":4},{"not_picked":["Sword Boomerang","Rage"],"picked":"Shrug It Off","floor":7},{"not_picked":["Thunderclap","Pommel Strike"],"picked":"Dual Wield","floor":8},{"not_picked":["Armaments","Rage"],"picked":"Reckless Charge","floor":10},{"not_picked":["Armaments","True Grit"],"picked":"Pommel Strike","floor":11},{"not_picked":["Fire Breathing","Anger"],"picked":"Fiend Fire","floor":12},{"not_picked":["Seeing Red","Clothesline"],"picked":"Flame Barrier","floor":14},{"not_picked":["Impervious","Offering"],"picked":"Bludgeon","floor":16},{"not_picked":["Seeing Red","Sword Boomerang"],"picked":"Dropkick","floor":18},{"not_picked":["Warcry","Blood for Blood"],"picked":"Wild Strike+1","floor":20},{"not_picked":["Sword Boomerang","Twin Strike+1"],"picked":"Body Slam+1","floor":22},{"not_picked":["Havoc","Heavy Blade"],"picked":"Barricade","floor":27},{"not_picked":["Perfected Strike","Clash","True Grit"],"picked":"SKIP","floor":28},{"not_picked":["Pummel","Seeing Red+1","Wild Strike"],"picked":"SKIP","floor":31},{"not_picked":["Dark Embrace","Reaper"],"picked":"Exhume","floor":33},{"not_picked":["Heavy Blade","Armaments"],"picked":"Shrug It Off","floor":35},{"not_picked":["Wild Strike","Clash+1"],"picked":"Armaments+1","floor":37},{"not_picked":["True Grit","Rampage"],"picked":"Body Slam","floor":39}],"player_experience":32460,"relics_obtained":[{"floor":8,"key":"Bottled Flame"},{"floor":9,"key":"Mercury Hourglass"},{"floor":12,"key":"Pear"},{"floor":14,"key":"Bottled Lightning"},{"floor":26,"key":"Strawberry"},{"floor":29,"key":"Whetstone"},{"floor":37,"key":"Torii"},{"floor":43,"key":"Blood Vial"}],"event_choices":[{"damage_healed":0,"gold_gain":0,"player_choice":"Donut","damage_taken":0,"max_hp_gain":5,"max_hp_loss":0,"event_name":"Big Fish","floor":13,"gold_loss":0},{"damage_healed":0,"gold_gain":0,"player_choice":"Became a vampire","damage_taken":0,"max_hp_gain":0,"max_hp_loss":29,"event_name":"Vampires","floor":21,"gold_loss":0,"cards_obtained":["Bite","Bite","Bite","Bite","Bite"]},{"damage_healed":0,"gold_gain":0,"cards_transformed":["Perfected Strike"],"player_choice":"Transformed","damage_taken":0,"max_hp_gain":0,"max_hp_loss":0,"event_name":"Transmorgrifier","floor":24,"gold_loss":0,"cards_obtained":["Feel No Pain"]},{"damage_healed":0,"gold_gain":0,"player_choice":"Paid","damage_taken":0,"relics_obtained":["Red Mask"],"max_hp_gain":0,"max_hp_loss":0,"event_name":"Tomb of Lord Red Mask","floor":36,"gold_loss":16},{"damage_healed":0,"gold_gain":0,"player_choice":"Fight","damage_taken":0,"max_hp_gain":0,"max_hp_loss":0,"event_name":"Mysterious Sphere","floor":37,"gold_loss":0},{"cards_removed":["Defend_R"],"damage_healed":0,"gold_gain":0,"player_choice":"Removed Skill","damage_taken":0,"max_hp_gain":0,"max_hp_loss":0,"event_name":"Falling","floor":38,"gold_loss":0},{"cards_removed":["Dual Wield"],"damage_healed":0,"gold_gain":0,"player_choice":"Purged","damage_taken":0,"max_hp_gain":0,"max_hp_loss":0,"event_name":"Purifier","floor":41,"gold_loss":0}],"is_beta":false,"boss_relics":[{"not_picked":["Fusion Hammer","Mark of Pain"],"picked":"Ectoplasm"},{"not_picked":["Coffee Dripper","Cursed Key"],"picked":"Empty Cage"}],"items_purged_floors":[],"is_endless":false,"potions_floor_spawned":[3,7,11,14,16,27,28,31,33,39],"killed_by":"Jaw Worm Horde","ascension_level":3}