{"gold_per_floor":[112,112,125,225,243,243,287,287,287,287,325,325,343,343,343,474,474,494,507,63,63,87,87,118,137,137,137],"floor_reached":27,"playtime":1543,"items_purged":["Defend_B"],"score":265,"play_id":"e73cd740-44a9-4d50-ae92-b985379773cc","local_time":"20190109131233","is_ascension_mode":true,"campfire_choices":[{"data":"Ball Lightning","floor":6,"key":"SMITH"},{"floor":8,"key":"REST"},{"data":"Reprogram","floor":10,"key":"SMITH"},{"floor":12,"key":"REST"},{"floor":15,"key":"REST"},{"floor":23,"key":"REST"}],"neow_cost":"NONE","seed_source_timestamp":1280221456079005,"circlet_count":0,"master_deck":["Strike_B","Strike_B","Strike_B+1","Strike_B","Defend_B","Defend_B","Defend_B","Zap","Dualcast","Ball Lightning+1","Ball Lightning+1","Reprogram+1","Thunder Strike","Ball Lightning","Leap","Self Repair","Conserve Battery","Decay","Leap","Rainbow","Undo"],"special_seed":0,"relics":["Cracked Core","NeowsBlessing","Golden Idol","Sundial","Pocketwatch","Mummified Hand","Lizard Tail","Toy Ornithopter","Dream Catcher","Darkstone Periapt","Orichalcum"],"potions_floor_usage":[19,24,27],"damage_taken":[{"damage":0,"enemies":"Small Slimes","floor":1,"turns":1},{"damage":0,"enemies":"Cultist","floor":3,"turns":1},{"damage":0,"enemies":"Jaw Worm","floor":5,"turns":1},{"damage":30,"enemies":"Gremlin Nob","floor":7,"turns":4},{"damage":36,"enemies":"Lagavulin","floor":11,"turns":5},{"damage":6,"enemies":"3 Louse","floor":13,"turns":3},{"damage":31,"enemies":"Hexaghost","floor":16,"turns":6},{"damage":7,"enemies":"Chosen","floor":18,"turns":3},{"damage":33,"enemies":"2 Thieves","floor":19,"turns":4},{"damage":25,"enemies":"3 Cultists","floor":22,"turns":4},{"damage":38,"enemies":"Gremlin Leader","floor":24,"turns":9},{"damage":28,"enemies":"Cultist and Chosen","floor":25,"turns":5},{"damage":25,"enemies":"Slavers","floor":27,"turns":2}],"seed_played":"-8606528377746858374","potions_obtained":[{"floor":3,"key":"LiquidBronze"},{"floor":7,"key":"SpeedPotion"},{"floor":11,"key":"FairyPotion"},{"floor":19,"key":"SkillPotion"},{"floor":22,"key":"SteroidPotion"},{"floor":25,"key":"SpeedPotion"}],"is_trial":false,"path_per_floor":["M","?","M","?","M","R","E","R","T","R","E","R","M","?","R","B",null,"M","M","$","?","M","R","E","M","T","E"],"character_chosen":"DEFECT","items_purchased":["Conserve Battery","Toy Ornithopter","Dream Catcher"],"campfire_rested":4,"item_purchase_floors":[20,20,20],"current_hp_per_floor":[75,69,69,69,69,69,39,59,59,59,23,43,37,23,43,12,69,62,29,29,29,4,24,6,20,20,0],"gold":137,"neow_bonus":"THREE_ENEMY_KILL","is_prod":false,"is_daily":false,"chose_seed":false,"campfire_upgraded":2,"win_rate":0,"timestamp":1547039553,"path_taken":["M","?","M","?","M","R","E","R","T","R","E","R","?","?","R","BOSS","M","M","$","?","M","R","E","M","T","E"],"build_version":"2019-01-03v4","purchased_purges":1,"victory":false,"max_hp_per_floor":[75,69,69,69,69,69,69,69,69,69,69,69,69,69,69,69,69,69,69,69,69,69,69,69,69,69,69],"card_choices":[{"not_picked":["Rebound","Cold Snap"],"picked":"Ball Lightning","floor":1},{"not_picked":["Turbo","Compile Driver"],"picked":"Ball Lightning","floor":3},{"not_picked":["Conserve Battery","Steam"],"picked":"Reprogram","floor":5},{"not_picked":["Chill","Gash"],"picked":"Thunder Strike","floor":7},{"not_picked":["Lockon","Heatsinks"],"picked":"Ball Lightning","floor":11},{"not_picked":["Darkness","Coolheaded"],"picked":"Leap","floor":13},{"not_picked":["Steam","Go for the Eyes","Streamline"],"picked":"SKIP","floor":18},{"not_picked":["Stack+1","Barrage"],"picked":"Self Repair","floor":19},{"not_picked":["Aggregate","Streamline+1","Sunder"],"picked":"SKIP","floor":22},{"not_picked":["Rebound","Defragment"],"picked":"Leap","floor":23},{"not_picked":["Recycle+1","Streamline"],"picked":"Rainbow","floor":24},{"not_picked":["Ball Lightning","BootSequence"],"picked":"Undo","floor":25}],"player_experience":104401,"relics_obtained":[{"floor":7,"key":"Sundial"},{"floor":9,"key":"Pocketwatch"},{"floor":11,"key":"Mummified Hand"},{"floor":24,"key":"Darkstone Periapt"},{"floor":26,"key":"Orichalcum"}],"event_choices":[{"damage_healed":0,"gold_gain":0,"player_choice":"Lose Max HP","damage_taken":0,"relics_obtained":["Golden Idol"],"max_hp_gain":0,"max_hp_loss":6,"event_name":"Golden Idol","floor":2,"gold_loss":0},{"damage_healed":0,"gold_gain":100,"player_choice":"Pray","damage_taken":0,"max_hp_gain":0,"max_hp_loss":0,"event_name":"Golden Shrine","floor":4,"gold_loss":0},{"damage_healed":0,"gold_gain":0,"player_choice":"Entered Light","damage_taken":14,"max_hp_gain":0,"max_hp_loss":0,"event_name":"Shining Light","floor":14,"gold_loss":0,"cards_upgraded":["Ball Lightning","Strike_B"]},{"damage_healed":0,"gold_gain":0,"player_choice":"Cursed","damage_taken":0,"max_hp_gain":0,"max_hp_loss":0,"event_name":"Wheel of Change","floor":21,"gold_loss":0,"cards_obtained":["Decay"]}],"is_beta":false,"boss_relics":[{"not_picked":["White Beast Statue","Astrolabe"],"picked":"Lizard Tail"}],"items_purged_floors":[20],"is_endless":false,"potions_floor_spawned":[3,7,11,19,22,25],"killed_by":"Slavers","ascension_level":2}