{"path_per_floor":["M","?","?","M","$","R","M","R","T","R","M","M","M","M","R","B",null,"M","$","?","?","M","R","M","R","T","M","?","R","$","$","R"],"character_chosen":"IRONCLAD","items_purchased":["Orichalcum"],"gold_per_floor":[15,15,115,135,60,60,71,71,95,95,114,126,142,162,162,262,262,282,37,37,37,56,56,66,66,120,134,134,134,134,9,9,9],"floor_reached":33,"campfire_rested":2,"playtime":1654,"current_hp_per_floor":[80,80,80,75,75,75,80,80,80,80,80,79,80,80,80,46,80,77,77,77,61,63,63,65,65,65,61,61,80,80,80,80,0],"items_purged":["Strike_R","Strike_R","Strike_R"],"gold":9,"score":284,"play_id":"c4ef5e13-64e2-409e-ae7d-235c3e3f752e","local_time":"20180401224323","is_prod":false,"is_daily":false,"is_ascension_mode":true,"campfire_upgraded":6,"timestamp":1522619003,"path_taken":["M","?","?","M","$","R","M","R","T","R","M","M","M","?","R","BOSS","M","$","?","?","M","R","M","R","T","M","?","R","?","$","R","BOSS"],"build_version":"2018-03-29v2","purchased_purges":3,"victory":false,"master_deck":["Defend_R+1","Defend_R+1","Defend_R+1","Bash+1","Whirlwind+1","Offering+1"],"max_hp_per_floor":[80,80,80,80,80,80,80,80,80,80,80,80,80,80,80,80,80,80,80,80,80,80,80,80,80,80,80,80,80,80,80,80,80],"relics":["Burning Blood","Bronze Scales","Philosopher\u0027s Stone","Orichalcum","Enchiridion","Dream Catcher"],"card_choices":[{"not_picked":["Twin Strike","Shrug It Off"],"picked":"Whirlwind","floor":13},{"not_picked":["Barricade","Immolate"],"picked":"Offering","floor":16}],"player_experience":206046,"potions_floor_usage":[16,16,33,33,33],"damage_taken":[{"damage":3,"enemies":"Jaw Worm","floor":1,"turns":5},{"damage":11,"enemies":"Cultist","floor":4,"turns":4},{"damage":0,"enemies":"Small Slimes","floor":7,"turns":3},{"damage":0,"enemies":"Red Slaver","floor":11,"turns":4},{"damage":7,"enemies":"3 Louse","floor":12,"turns":4},{"damage":5,"enemies":"2 Fungi Beasts","floor":13,"turns":4},{"damage":2,"enemies":"Exordium Wildlife","floor":14,"turns":3},{"damage":40,"enemies":"Hexaghost","floor":16,"turns":9},{"damage":9,"enemies":"2 Thieves","floor":18,"turns":2},{"damage":4,"enemies":"Spheric Guardian","floor":22,"turns":3},{"damage":4,"enemies":"3 Cultists","floor":24,"turns":2},{"damage":10,"enemies":"Cultist and Chosen","floor":27,"turns":3},{"damage":82,"enemies":"Champ","floor":33,"turns":10}],"event_choices":[{"event_name":"Purifier","player_choice":"One Purge","floor":2,"damage_taken":0},{"event_name":"Golden Shrine","player_choice":"Pray","floor":3,"damage_taken":0},{"event_name":"The Lab","player_choice":"Got Potions","floor":20,"damage_taken":0},{"event_name":"Cursed Tome","player_choice":"Obtained Book","floor":21,"damage_taken":0},{"event_name":"Drug Dealer","player_choice":"Ignored","floor":28,"damage_taken":0}],"boss_relics":[{"not_picked":["Ectoplasm","Cursed Key"],"picked":"Philosopher\u0027s Stone"}],"potions_floor_spawned":[1,7,13,14,18,24,27],"seed_played":"-2061295214820635498","killed_by":"Champ","ascension_level":4,"is_trial":false}