{"path_per_floor":["M","M","$","?","?","R","M","?","T","M","R","M","R","M","R","B",null,"M","$","?","M","M","R","E"],"character_chosen":"IRONCLAD","items_purchased":["Inflame","Purity"],"gold_per_floor":[114,131,58,58,58,58,75,75,75,86,86,97,97,108,108,207,207,220,48,298,312,330,330,361],"floor_reached":25,"campfire_rested":3,"playtime":1179,"current_hp_per_floor":[80,80,80,55,55,55,53,37,37,31,55,48,48,50,74,51,80,73,73,73,59,39,65,22],"items_purged":["Strike_R"],"gold":361,"play_id":"da421a47-de7d-428b-b0fe-6a8bfbcb79b3","is_prod":false,"is_daily":false,"is_ascension_mode":false,"campfire_upgraded":2,"path_taken":["M","M","$","?","?","R","M","?","T","M","R","M","R","M","R","BOSS","M","$","?","M","M","R","E","M"],"build_version":"2018-01-31-BETA3","purchased_purges":1,"victory":false,"master_deck":["Strike_R","Strike_R","Strike_R","Strike_R","Defend_R","Defend_R","Defend_R","Defend_R","Bash+1","Pommel Strike+1","Seeing Red+1","Inflame+1","Rampage+1","Flex+1","Headbutt+1","Feed+1","Purity","Regret"],"max_hp_per_floor":[80,80,80,80,80,80,80,80,80,80,80,80,80,80,80,80,80,80,80,80,84,88,88,92],"relics":["Burning Blood","Bronze Scales","Molten Egg 2","Frozen Eye","Black Star","Shuriken","Frozen Egg 2"],"card_choices":[{"not_picked":["Havoc","Twin Strike"],"picked":"Pommel Strike"},{"not_picked":["Sever Soul","Flex"],"picked":"Seeing Red"},{"not_picked":["Cleave","Blood for Blood"],"picked":"Rampage"},{"not_picked":["Pommel Strike","Infernal Blade"],"picked":"Flex"},{"not_picked":["Heavy Blade","Twin Strike"],"picked":"Headbutt"},{"not_picked":["Immolate","Offering"],"picked":"Feed"}],"player_experience":123269,"potions_floor_usage":[18,21,22,24],"damage_taken":[{"damage":2.0,"enemies":"2 Louse","floor":1.0,"turns":2.0},{"damage":1,"enemies":"Cultist","floor":2,"turns":3},{"damage":8,"enemies":"Large Slime","floor":7,"turns":5},{"damage":12,"enemies":"Exordium Wildlife","floor":10,"turns":3},{"damage":13,"enemies":"Lots of Slimes","floor":12,"turns":3},{"damage":4,"enemies":"2 Fungi Beasts","floor":14,"turns":3},{"damage":29,"enemies":"The Guardian","floor":16,"turns":6},{"damage":13,"enemies":"3 Byrds","floor":18,"turns":4},{"damage":24,"enemies":"Shell Parasite","floor":21,"turns":4},{"damage":30,"enemies":"3 Cultists","floor":22,"turns":6},{"damage":53,"enemies":"Slavers","floor":24,"turns":5},{"damage":22,"enemies":"Sentry and Sphere","floor":25,"turns":3}],"event_choices":[{"event_name":"Scrap Ooze","player_choice":"success","floor":4,"damage_taken":25},{"event_name":"Living Wall","player_choice":"Grow","floor":5,"damage_taken":0},{"event_name":"Shining Light","player_choice":"Entered Light","floor":8,"damage_taken":0},{"event_name":"Golden Shrine","player_choice":"Desecrate","floor":20,"damage_taken":0}],"boss_relics":[{"not_picked":["Philosopher\u0027s Stone","Black Blood"],"picked":"Black Star"}],"potions_floor_spawned":[12,14,21,22,24],"seed_played":"1076265522442761006","killed_by":"Sentry and Sphere","ascension_level":0,"is_trial":false}