{"gold_per_floor":[113,130,53,53,53,88,88,88,88,88,88,120,137,157,157,234,234,251,124,124,141,141,141,156,168,168,168,168,14,14,32,32,105,105,119,131,6,6,21,21,21,67,79,91,0,31,43,73,85,97],"floor_reached":51,"playtime":2135,"items_purged":["Strike_R","Strike_R","Pain"],"score":1250,"play_id":"129706a6-61ba-42c1-996e-57d7c40c2ee3","local_time":"20190202162414","is_ascension_mode":true,"campfire_choices":[{"data":"Flame Barrier","floor":8,"key":"SMITH"},{"data":"Shrug It Off","floor":10,"key":"SMITH"},{"data":"Shrug It Off","floor":15,"key":"SMITH"},{"floor":23,"key":"REST"},{"data":"Demon Form","floor":27,"key":"SMITH"},{"data":"True Grit","floor":28,"key":"SMITH"},{"data":"Shrug It Off","floor":30,"key":"SMITH"},{"data":"Shrug It Off","floor":32,"key":"SMITH"},{"floor":40,"key":"REST"},{"data":"Limit Break","floor":44,"key":"SMITH"},{"floor":49,"key":"REST"}],"neow_cost":"NONE","seed_source_timestamp":611162861407136,"circlet_count":0,"master_deck":["AscendersBane","Strike_R","Strike_R+1","Defend_R","Defend_R","Defend_R+1","Defend_R","Bash","Flame Barrier+1","Iron Wave","Metallicize","Shrug It Off+1","Thunderclap+1","Flame Barrier","Shrug It Off+1","Demon Form+1","True Grit+1","Shrug It Off+1","Whirlwind+1","Shrug It Off+1","Limit Break+1","Limit Break","Heavy Blade+1"],"relics":["Burning Blood","NeowsBlessing","Centennial Puzzle","Singing Bowl","Molten Egg 2","Bag of Preparation","Ancient Tea Set","Runic Dome","WarpedTongs","WingedGreaves","Velvet Choker","MawBank","Letter Opener","Red Mask"],"potions_floor_usage":[16,16,48,50,50],"damage_taken":[{"damage":0,"enemies":"Small Slimes","floor":1,"turns":1},{"damage":0,"enemies":"Jaw Worm","floor":2,"turns":1},{"damage":0,"enemies":"Gremlin Nob","floor":6,"turns":1},{"damage":12,"enemies":"3 Sentries","floor":12,"turns":12},{"damage":0,"enemies":"2 Louse","floor":13,"turns":3},{"damage":4,"enemies":"Large Slime","floor":14,"turns":7},{"damage":9,"enemies":"The Guardian","floor":16,"turns":16},{"damage":13,"enemies":"Chosen","floor":18,"turns":6},{"damage":21,"enemies":"Colosseum Slavers","floor":20,"turns":8},{"damage":2,"enemies":"3 Byrds","floor":21,"turns":5},{"damage":12,"enemies":"Sentry and Sphere","floor":24,"turns":6},{"damage":27,"enemies":"Centurion and Healer","floor":25,"turns":6},{"damage":12,"enemies":"Snecko","floor":31,"turns":4},{"damage":34,"enemies":"Champ","floor":33,"turns":27},{"damage":8,"enemies":"3 Darklings","floor":35,"turns":4},{"damage":17,"enemies":"3 Shapes","floor":36,"turns":5},{"damage":16,"enemies":"3 Darklings","floor":39,"turns":4},{"damage":56,"enemies":"Transient","floor":46,"turns":5},{"damage":2,"enemies":"Writhing Mass","floor":48,"turns":6},{"damage":13,"enemies":"Donu and Deca","floor":50,"turns":4}],"seed_played":"3059843986688360246","potions_obtained":[{"floor":1,"key":"FearPotion"},{"floor":13,"key":"Dexterity Potion"},{"floor":14,"key":"Swift Potion"},{"floor":16,"key":"SpeedPotion"},{"floor":24,"key":"Swift Potion"},{"floor":39,"key":"BloodPotion"},{"floor":48,"key":"PowerPotion"}],"is_trial":false,"path_per_floor":["M","M","$","?","?","E","?","R","T","R","?","E","M","M","R","B",null,"M","$","?","M","?","R","M","M","T","R","R","$","R","M","R","B",null,"M","M","$","?","M","R","$","T","T","R","?","M","?","M","R","B",null],"character_chosen":"IRONCLAD","items_purchased":["Metallicize","Shrug It Off","Shrug It Off"],"campfire_rested":3,"item_purchase_floors":[3,19,29],"current_hp_per_floor":[74,75,75,64,41,47,52,52,52,52,52,46,52,54,54,51,73,66,66,51,55,55,79,75,56,56,56,56,56,56,52,52,24,71,71,62,62,62,54,81,81,81,81,81,81,31,31,46,74,67],"gold":109,"neow_bonus":"THREE_ENEMY_KILL","is_prod":false,"is_daily":false,"chose_seed":false,"campfire_upgraded":8,"win_rate":0,"timestamp":1549124654,"path_taken":["M","M","$","?","?","E","?","R","T","R","?","E","M","M","R","BOSS","M","$","?","M","?","R","M","M","T","R","R","$","R","?","R","BOSS","M","M","$","?","M","R","$","?","T","R","?","M","?","M","R","BOSS"],"build_version":"2019-01-23","purchased_purges":3,"victory":true,"max_hp_per_floor":[75,75,75,75,75,75,80,80,80,80,80,80,80,80,80,80,80,80,80,80,80,80,80,82,84,84,84,84,84,84,86,86,86,86,88,90,90,90,92,92,92,92,92,92,92,92,92,94,94,94],"card_choices":[{"not_picked":["Sword Boomerang","Perfected Strike"],"picked":"Flame Barrier","floor":1},{"not_picked":["Rage","Twin Strike"],"picked":"Iron Wave","floor":2},{"not_picked":["Wild Strike","Cleave"],"picked":"Shrug It Off","floor":6},{"not_picked":["Corruption","Pummel+1"],"picked":"Thunderclap+1","floor":12},{"not_picked":["Clothesline+1","Warcry"],"picked":"Flame Barrier","floor":13},{"not_picked":["Clothesline+1","Heavy Blade+1"],"picked":"Shrug It Off","floor":14},{"not_picked":["Limit Break","Offering"],"picked":"Demon Form","floor":16},{"not_picked":["Havoc","Intimidate"],"picked":"True Grit","floor":18},{"not_picked":["Reckless Charge+1","Wild Strike+1"],"picked":"Whirlwind+1","floor":21},{"not_picked":["Wild Strike+1","Searing Blow+1","True Grit"],"picked":"Singing Bowl","floor":24},{"not_picked":["Bloodletting","Fiend Fire+1","Clothesline+1"],"picked":"Singing Bowl","floor":25},{"not_picked":["Warcry","Shockwave","Rupture"],"picked":"Singing Bowl","floor":31},{"not_picked":["Fiend Fire+1","Juggernaut"],"picked":"Limit Break","floor":33},{"not_picked":["Carnage+1","Perfected Strike+1","Sentinel"],"picked":"Singing Bowl","floor":35},{"not_picked":["Ghostly Armor","Twin Strike+1","Armaments"],"picked":"Singing Bowl","floor":36},{"not_picked":["Pommel Strike+1","Carnage+1","Sever Soul+1"],"picked":"Singing Bowl","floor":39},{"not_picked":["Sever Soul+1","Shrug It Off"],"picked":"Heavy Blade+1","floor":46},{"not_picked":["Twin Strike+1","Ghostly Armor","Corruption+1"],"picked":"Singing Bowl","floor":48}],"player_experience":188897,"relics_obtained":[{"floor":6,"key":"Singing Bowl"},{"floor":9,"key":"Molten Egg 2"},{"floor":12,"key":"Ancient Tea Set"},{"floor":26,"key":"WingedGreaves"},{"floor":42,"key":"MawBank"},{"floor":43,"key":"Letter Opener"}],"event_choices":[{"damage_healed":0,"gold_gain":0,"player_choice":"Success","damage_taken":11,"relics_obtained":["Centennial Puzzle"],"max_hp_gain":0,"max_hp_loss":0,"event_name":"Scrap Ooze","floor":4,"gold_loss":0},{"damage_healed":0,"gold_gain":0,"player_choice":"Entered Light","damage_taken":23,"max_hp_gain":0,"max_hp_loss":0,"event_name":"Shining Light","floor":5,"gold_loss":0,"cards_upgraded":["Defend_R","Strike_R"]},{"damage_healed":0,"gold_gain":0,"player_choice":"Donut","damage_taken":0,"max_hp_gain":5,"max_hp_loss":0,"event_name":"Big Fish","floor":7,"gold_loss":0},{"damage_healed":0,"gold_gain":0,"player_choice":"Gave Potion","damage_taken":0,"relics_obtained":["Bag of Preparation"],"max_hp_gain":0,"max_hp_loss":0,"event_name":"WeMeetAgain","floor":11,"gold_loss":0},{"damage_healed":0,"gold_gain":0,"player_choice":"Fight","damage_taken":0,"max_hp_gain":0,"max_hp_loss":0,"event_name":"Colosseum","floor":20,"gold_loss":0},{"damage_healed":0,"gold_gain":0,"player_choice":"Fled From Nobs","damage_taken":0,"max_hp_gain":0,"max_hp_loss":0,"event_name":"Colosseum","floor":20,"gold_loss":0},{"damage_healed":0,"gold_gain":0,"player_choice":"Rummage","damage_taken":0,"relics_obtained":["WarpedTongs"],"max_hp_gain":0,"max_hp_loss":0,"event_name":"Accursed Blacksmith","floor":22,"gold_loss":0,"cards_obtained":["Pain"]},{"damage_healed":0,"gold_gain":0,"player_choice":"Copied","damage_taken":0,"max_hp_gain":0,"max_hp_loss":0,"event_name":"Duplicator","floor":38,"gold_loss":0,"cards_obtained":["Limit Break"]},{"damage_healed":0,"gold_gain":0,"player_choice":"Paid","damage_taken":0,"relics_obtained":["Red Mask"],"max_hp_gain":0,"max_hp_loss":0,"event_name":"Tomb of Lord Red Mask","floor":45,"gold_loss":103},{"cards_removed":["Strike_R"],"damage_healed":0,"gold_gain":0,"player_choice":"Removed Attack","damage_taken":0,"max_hp_gain":0,"max_hp_loss":0,"event_name":"Falling","floor":47,"gold_loss":0}],"is_beta":false,"boss_relics":[{"not_picked":["Astrolabe","Orrery"],"picked":"Runic Dome"},{"not_picked":["Busted Crown","Snecko Eye"],"picked":"Velvet Choker"}],"items_purged_floors":[19,29,37],"is_endless":false,"potions_floor_spawned":[1,13,14,16,24,25,39,48],"ascension_level":16}