{"path_per_floor":["M","?","M","T","M","R","$","R","T","M","R","$","?","E","R","B",null,"M","M","?","$","M"],"character_chosen":"THE_SILENT","items_purchased":["Acrobatics"],"gold_per_floor":[115,115,128,128,139,139,92,92,92,109,109,109,79,114,114,214,214,229,239,239,239,249],"floor_reached":23,"campfire_rested":1,"playtime":1724,"current_hp_per_floor":[70,70,70,70,69,69,69,69,69,53,53,53,53,29,50,28,70,61,41,32,32,23],"items_purged":[],"gold":249,"play_id":"3dcf13ec-783e-47e6-96ae-9e3f03bc0e7d","is_prod":false,"is_daily":false,"campfire_rituals":0,"campfire_upgraded":3,"is_hardmode":false,"path_taken":["M","?","M","?","M","R","$","R","T","M","R","$","?","E","R","BOSS","M","M","?","$","M","E"],"build_version":"2017-12-21-PROD1","purchased_purges":0,"victory":false,"master_deck":["Defend_G","Defend_G","Defend_G","Defend_G","Strike_G","Strike_G","Strike_G","Strike_G","Strike_G","Survivor","Neutralize","Outmaneuver","Well Laid Plans","Sucker Punch","Outmaneuver","Acrobatics","Crippling Poison","Adrenaline","Envenom","All Out Attack","Sucker Punch","Poisoned Stab"],"max_hp_per_floor":[70,70,70,70,70,70,70,70,70,70,70,70,70,70,70,70,70,70,70,75,75,75],"relics":["Ring of the Snake","Calipers","Bird Faced Urn","Bronze Scales","Sozu"],"campfire_meditates":0,"card_choices":[{"not_picked":["Skewer","Riddle With Holes"],"picked":"Outmaneuver"},{"not_picked":["Dodge and Roll","Deadly Poison"],"picked":"Well Laid Plans"},{"not_picked":["Heel Hook","PiercingWail"],"picked":"Sucker Punch"},{"not_picked":["Infinite Blades","Bane"],"picked":"Outmaneuver"},{"not_picked":["Terror","PiercingWail"],"picked":"Crippling Poison"},{"not_picked":["Phantasmal Killer","Deflect"],"picked":"Adrenaline"},{"not_picked":["Burst","Doppelganger"],"picked":"Envenom"},{"not_picked":["Outmaneuver","Footwork"],"picked":"All Out Attack"},{"not_picked":["Backstab","Dash"],"picked":"Sucker Punch"},{"not_picked":["Malaise","Finisher"],"picked":"Poisoned Stab"}],"player_experience":40080,"potions_floor_usage":[14,16,16],"damage_taken":[{"damage":0,"enemies":"Looter","floor":1,"turns":4},{"damage":0,"enemies":"Blue Slaver","floor":3,"turns":5},{"damage":1,"enemies":"Cultist","floor":5,"turns":4},{"damage":17,"enemies":"Exordium Thugs","floor":10,"turns":7},{"damage":26,"enemies":"3 Sentries","floor":14,"turns":7},{"damage":24,"enemies":"Hexaghost","floor":16,"turns":9},{"damage":11,"enemies":"3 Byrds","floor":18,"turns":4},{"damage":24,"enemies":"Shell Parasite","floor":19,"turns":7},{"damage":13,"enemies":"Centurion and Healer","floor":22,"turns":9},{"damage":24,"enemies":"Slavers","floor":23,"turns":2}],"event_choices":[{"event_name":"Purifier","player_choice":"One Purge","floor":2,"damage_taken":0},{"event_name":"The Woman in Blue","player_choice":"Bought 2 Potions","floor":13,"damage_taken":0},{"event_name":"Forgotten Altar","player_choice":"Shed Blood","floor":20,"damage_taken":0}],"boss_relics":[{"not_picked":["Lizard Tail","Tiny House"],"picked":"Sozu"}],"potions_floor_spawned":[10,16,22],"seed_played":"6413410839181020408","killed_by":"Slavers","is_trial":false}