{"path_per_floor":["M","$","M","?","M","E","R","E","T","E","R","M","?","?","R","B",null,"M","M","$","?","M","R","M","?","T","M","?","$","R","M","R"],"character_chosen":"IRONCLAD","items_purchased":["Flex","Matryoshka","Bag of Marbles"],"gold_per_floor":[118,68,82,32,47,78,78,109,189,214,214,234,334,334,334,459,459,478,499,58,58,77,77,98,98,98,119,34,34,34,59,59],"floor_reached":33,"campfire_rested":6,"playtime":1387,"current_hp_per_floor":[80,80,80,80,80,51,75,53,53,32,56,57,57,37,61,28,80,67,39,39,39,24,55,24,24,24,17,17,17,50,43,77],"items_purged":["Defend_R"],"gold":59,"score":318,"play_id":"71d9b285-c41e-49e5-aa82-235f6da3ae7b","is_prod":false,"is_daily":false,"is_ascension_mode":true,"campfire_upgraded":0,"path_taken":["M","$","M","?","?","E","R","E","T","E","R","M","?","?","R","BOSS","M","M","$","?","M","R","?","?","T","M","?","$","R","M","R","BOSS"],"build_version":"2018-02-15-PROD1","purchased_purges":1,"victory":false,"master_deck":["Strike_R","Strike_R","Strike_R","Strike_R","Strike_R","Defend_R","Defend_R","Bash","Pommel Strike+1","Flex","Spot Weakness","Battle Trance","Pommel Strike","Feed+1","Perfected Strike","Twin Strike+1","Clash","Twin Strike"],"max_hp_per_floor":[80,80,80,80,80,80,80,80,80,80,80,80,80,80,80,80,80,83,83,83,83,86,86,86,86,86,90,90,90,90,94,94],"relics":["Burning Blood","NeowsBlessing","Letter Opener","Centennial Puzzle","Smiling Mask","Dodecahedron","Golden Idol","Eternal Feather","Matryoshka","Bag of Marbles","Magic Flower","Whetstone","Vajra"],"card_choices":[{"not_picked":["Armaments","Pummel"],"picked":"Pommel Strike"},{"not_picked":["Exhume","Havoc"],"picked":"Spot Weakness"},{"not_picked":["Second Wind","Seeing Red"],"picked":"Battle Trance"},{"not_picked":["Clothesline","Warcry"],"picked":"Pommel Strike"},{"not_picked":["Immolate","Exhume"],"picked":"Feed"},{"not_picked":["Wild Strike","Infernal Blade"],"picked":"Perfected Strike"},{"not_picked":["Iron Wave","Corruption"],"picked":"Twin Strike"},{"not_picked":["Disarm","Warcry"],"picked":"Clash"},{"not_picked":["Flame Barrier","Havoc"],"picked":"Twin Strike"}],"player_experience":106015,"potions_floor_usage":[33,33],"damage_taken":[{"damage":0.0,"enemies":"2 Louse","floor":1.0,"turns":1.0},{"damage":0.0,"enemies":"Cultist","floor":3.0,"turns":1.0},{"damage":0.0,"enemies":"Jaw Worm","floor":5.0,"turns":1.0},{"damage":35.0,"enemies":"Lagavulin","floor":6.0,"turns":7.0},{"damage":28.0,"enemies":"Gremlin Nob","floor":8.0,"turns":4.0},{"damage":27.0,"enemies":"3 Sentries","floor":10.0,"turns":5.0},{"damage":5.0,"enemies":"Gremlin Gang","floor":12.0,"turns":3.0},{"damage":39.0,"enemies":"The Guardian","floor":16.0,"turns":9.0},{"damage":22.0,"enemies":"2 Thieves","floor":18.0,"turns":3.0},{"damage":34.0,"enemies":"Chosen","floor":19.0,"turns":5.0},{"damage":24.0,"enemies":"Snake Plant","floor":22.0,"turns":2.0},{"damage":37.0,"enemies":"Centurion and Healer","floor":24.0,"turns":3.0},{"damage":22.0,"enemies":"Sentry and Sphere","floor":27.0,"turns":4.0},{"damage":22.0,"enemies":"3 Cultists","floor":31.0,"turns":4.0},{"damage":88,"enemies":"Automaton","floor":33,"turns":6}],"event_choices":[{"event_name":"The Cleric","player_choice":"Card Removal","floor":4.0,"damage_taken":0.0},{"event_name":"Golden Shrine","player_choice":"Pray","floor":13.0,"damage_taken":0.0},{"event_name":"Golden Idol","player_choice":"Take Damage","floor":14.0,"damage_taken":0.0},{"event_name":"Drug Dealer","player_choice":"Ignored","floor":21.0,"damage_taken":0.0},{"event_name":"Beggar","player_choice":"Ignored","floor":25.0,"damage_taken":0.0},{"event_name":"Addict","player_choice":"Obtained Relic","floor":28.0,"damage_taken":0.0}],"boss_relics":[],"potions_floor_spawned":[3,8,10,12,19,31],"seed_played":"-292175783591152850","killed_by":"Automaton","ascension_level":4,"is_trial":false}