{"gold_per_floor":[13,32,107,119,131,166,185,185,485,485,502,514,514,65,65,170,170,188,188,188,201,25,25,51,51,75,110,124,124,157,175,175,271,271,283,300,260,68,83,112,112,141,141,168,186,186,199,55,55,55],"floor_reached":51,"playtime":2647,"items_purged":["Parasite"],"score":1266,"play_id":"59a4f039-d8bf-4055-9e6c-8111bce56f68","local_time":"20190114215130","is_ascension_mode":true,"campfire_choices":[{"floor":8.0,"key":"REST"},{"floor":13.0,"key":"REST"},{"data":"Strike_B","floor":15.0,"key":"PURGE"},{"data":"Zap","floor":23.0,"key":"PURGE"},{"floor":25.0,"key":"REST"},{"data":"Defragment","floor":29.0,"key":"SMITH"},{"data":"Buffer","floor":32.0,"key":"SMITH"},{"data":"Conserve Battery","floor":41.0,"key":"SMITH"},{"data":"Doom and Gloom","floor":49.0,"key":"SMITH"}],"neow_cost":"NO_GOLD","seed_source_timestamp":0,"circlet_count":0,"master_deck":["AscendersBane","Dualcast+1","White Noise+1","Ball Lightning","Sweeping Beam","Conserve Battery+1","Cold Snap+1","Steam+1","Doom and Gloom+1","Defragment+1","Conserve Battery+1","Bandage Up+1","Core Surge","Doom and Gloom","Barrage+1","Tempest+1","Conserve Battery+1","Steam+1","Compile Driver+1","Stack+1","Hologram+1","Undo+1","Leap+1","Conserve Battery+1","Buffer+1","Capacitor+1","Seek+1","Cold Snap+1","Conserve Battery+1","Reinforced Body+1","Undo+1","Tempest+1"],"special_seed":0,"relics":["Cracked Core","Peace Pipe","Bag of Marbles","Old Coin","Toxic Egg 2","Pandora\u0027s Box","WingedGreaves","Bronze Scales","Thread and Needle","Bag of Preparation","Whetstone","Red Mask","Velvet Choker","Chemical X","Strawberry","Torii","Pocketwatch","Symbiotic Virus","War Paint"],"potions_floor_usage":[],"damage_taken":[{"damage":6.0,"enemies":"Cultist","floor":1.0,"turns":3.0},{"damage":0.0,"enemies":"Small Slimes","floor":2.0,"turns":2.0},{"damage":0.0,"enemies":"2 Louse","floor":4.0,"turns":1.0},{"damage":10.0,"enemies":"Exordium Wildlife","floor":5.0,"turns":5.0},{"damage":28.0,"enemies":"3 Sentries","floor":6.0,"turns":5.0},{"damage":11.0,"enemies":"Lots of Slimes","floor":7.0,"turns":3.0},{"damage":0.0,"enemies":"Large Slime","floor":11.0,"turns":4.0},{"damage":1.0,"enemies":"Looter","floor":12.0,"turns":3.0},{"damage":8.0,"enemies":"The Guardian","floor":16.0,"turns":9.0},{"damage":16.0,"enemies":"3 Byrds","floor":18.0,"turns":4.0},{"damage":15.0,"enemies":"Shell Parasite","floor":21.0,"turns":5.0},{"damage":31.0,"enemies":"Slavers","floor":24.0,"turns":3.0},{"damage":10.0,"enemies":"Gremlin Leader","floor":27.0,"turns":5.0},{"damage":2.0,"enemies":"Snecko","floor":28.0,"turns":6.0},{"damage":0.0,"enemies":"Masked Bandits","floor":30.0,"turns":3.0},{"damage":0.0,"enemies":"Chosen and Byrds","floor":31.0,"turns":4.0},{"damage":6.0,"enemies":"Champ","floor":33.0,"turns":12.0},{"damage":17.0,"enemies":"3 Darklings","floor":35.0,"turns":4.0},{"damage":0.0,"enemies":"Orb Walker","floor":36.0,"turns":5.0},{"damage":0.0,"enemies":"Maw","floor":39.0,"turns":7.0},{"damage":5.0,"enemies":"Nemesis","floor":40.0,"turns":8.0},{"damage":9.0,"enemies":"Reptomancer","floor":42.0,"turns":9.0},{"damage":0.0,"enemies":"Nemesis","floor":44.0,"turns":6.0},{"damage":12.0,"enemies":"Writhing Mass","floor":45.0,"turns":7.0},{"damage":0.0,"enemies":"Sphere and 2 Shapes","floor":47.0,"turns":4.0},{"damage":28,"enemies":"Awakened One","floor":50,"turns":20}],"seed_played":"3220362982821515033","potions_obtained":[{"floor":1.0,"key":"Block Potion"},{"floor":2.0,"key":"LiquidBronze"},{"floor":7.0,"key":"GamblersBrew"},{"floor":16.0,"key":"FearPotion"},{"floor":18.0,"key":"SpeedPotion"},{"floor":24.0,"key":"Poison Potion"},{"floor":28.0,"key":"Fire Potion"},{"floor":30.0,"key":"Ancient Potion"},{"floor":40.0,"key":"Regen Potion"}],"is_trial":false,"path_per_floor":["M","M","?","M","M","E","M","R","T","?","M","M","R","$","R","B",null,"M","?","?","M","$","R","E","R","T","E","M","R","?","M","R","B",null,"M","M","?","$","M","E","R","E","T","E","M","?","M","$","R","B",null],"character_chosen":"DEFECT","items_purchased":["Toxic Egg 2","Conserve Battery+1","Bandage Up+1","Bronze Scales","Leap+1","Chemical X","War Paint"],"campfire_rested":3,"item_purchase_floors":[14,14,14,22,22,38,48],"current_hp_per_floor":[62,62,51,51,41,13,2,24,24,42,42,41,63,63,63,61,69,59,59,59,50,50,50,25,46,46,42,40,40,46,52,52,52,67,55,61,61,61,67,75,75,72,72,78,72,72,72,72,72,50],"gold":55,"neow_bonus":"ONE_RARE_RELIC","is_prod":false,"is_daily":false,"chose_seed":false,"campfire_upgraded":4,"win_rate":0,"timestamp":1547502690,"path_taken":["M","?","?","M","M","E","M","R","T","?","M","M","R","$","R","BOSS","M","?","?","?","$","R","E","R","T","E","M","R","?","M","R","BOSS","M","M","?","$","?","E","R","E","T","E","?","?","?","$","R","BOSS"],"build_version":"2019-01-10","purchased_purges":1,"victory":true,"max_hp_per_floor":[75,75,75,75,75,75,75,75,75,75,75,75,75,72,72,72,72,72,72,72,72,72,72,72,72,72,72,72,72,72,72,72,72,72,72,72,72,72,72,79,79,79,79,79,79,79,79,79,79,79],"card_choices":[{"not_picked":["Loop","Rebound"],"picked":"White Noise","floor":1.0},{"not_picked":["Aggregate","Conserve Battery"],"picked":"Ball Lightning","floor":2.0},{"not_picked":["Redo","Coolheaded"],"picked":"Sweeping Beam","floor":4.0},{"not_picked":["Amplify","Steam"],"picked":"Conserve Battery","floor":5.0},{"not_picked":["Turbo","Barrage"],"picked":"Cold Snap","floor":6.0},{"not_picked":["Coolheaded","Streamline"],"picked":"Steam","floor":7.0},{"not_picked":["Sunder","Streamline"],"picked":"Doom and Gloom","floor":11.0},{"not_picked":["Stack","Rainbow"],"picked":"Defragment","floor":12.0},{"not_picked":["Seek+1","Buffer"],"picked":"Core Surge","floor":16.0},{"not_picked":["Storm","Skim+1"],"picked":"Compile Driver+1","floor":18.0},{"not_picked":["Barrage","Streamline"],"picked":"Undo+1","floor":21.0},{"not_picked":["BootSequence+1","Steam+1"],"picked":"Conserve Battery+1","floor":24.0},{"not_picked":["Turbo+1","Chaos+1"],"picked":"Buffer","floor":27.0},{"not_picked":["Hologram+1","Turbo+1","Rip and Tear"],"picked":"SKIP","floor":28.0},{"not_picked":["Compile Driver","Consume+1"],"picked":"Capacitor+1","floor":30.0},{"not_picked":["Turbo+1","Go for the Eyes","Chill+1"],"picked":"SKIP","floor":31.0},{"not_picked":["All For One","Rainbow+1"],"picked":"Seek+1","floor":33.0},{"not_picked":["Rebound","Hologram+1"],"picked":"Cold Snap+1","floor":35.0},{"not_picked":["Hologram+1","Blizzard+1"],"picked":"Conserve Battery+1","floor":36.0},{"not_picked":["Fission+1","Streamline+1"],"picked":"Reinforced Body+1","floor":39.0},{"not_picked":["All For One","Go for the Eyes","Steam+1"],"picked":"SKIP","floor":40.0},{"not_picked":["Cold Snap","Static Discharge","White Noise+1"],"picked":"SKIP","floor":42.0},{"not_picked":["White Noise+1","Coolheaded+1"],"picked":"Undo+1","floor":44.0},{"not_picked":["Fusion+1","Steam+1","Beam Cell+1"],"picked":"SKIP","floor":45.0},{"not_picked":["Sunder+1","Undo+1"],"picked":"Tempest+1","floor":47.0}],"player_experience":306778,"relics_obtained":[{"floor":6.0,"key":"Bag of Marbles"},{"floor":9.0,"key":"Old Coin"},{"floor":24.0,"key":"Thread and Needle"},{"floor":26.0,"key":"Bag of Preparation"},{"floor":27.0,"key":"Whetstone"},{"floor":30.0,"key":"Red Mask"},{"floor":40.0,"key":"Strawberry"},{"floor":42.0,"key":"Torii"},{"floor":43.0,"key":"Pocketwatch"},{"floor":44.0,"key":"Symbiotic Virus"}],"event_choices":[{"damage_healed":0.0,"max_hp_gain":0.0,"max_hp_loss":0.0,"gold_gain":75.0,"event_name":"World of Goop","player_choice":"Gather Gold","floor":3.0,"gold_loss":0.0,"damage_taken":11.0},{"damage_healed":18.0,"max_hp_gain":0.0,"max_hp_loss":0.0,"gold_gain":0.0,"event_name":"Mushrooms","player_choice":"Healed and dodged fight","floor":10.0,"gold_loss":0.0,"damage_taken":0.0,"cards_obtained":["Parasite"]},{"damage_healed":0.0,"max_hp_gain":0.0,"max_hp_loss":0.0,"gold_gain":0.0,"cards_transformed":["Scrape","Aggregate"],"event_name":"Drug Dealer","player_choice":"Became Test Subject","floor":19.0,"gold_loss":0.0,"damage_taken":0.0,"cards_obtained":["Stack","Hologram"]},{"damage_healed":0.0,"max_hp_gain":0.0,"max_hp_loss":0.0,"gold_gain":0.0,"event_name":"WeMeetAgain","player_choice":"Gave Potion","floor":20.0,"gold_loss":0.0,"damage_taken":0.0,"relics_obtained":["WingedGreaves"]},{"damage_healed":0.0,"max_hp_gain":0.0,"max_hp_loss":0.0,"gold_gain":0.0,"event_name":"Masked Bandits","player_choice":"Fought Bandits","floor":30.0,"gold_loss":0.0,"damage_taken":0.0},{"damage_healed":0.0,"max_hp_gain":0.0,"max_hp_loss":0.0,"gold_gain":0.0,"event_name":"Designer","player_choice":"Upgrade","floor":37.0,"gold_loss":40.0,"damage_taken":0.0,"cards_upgraded":["White Noise"]},{"damage_healed":0.0,"max_hp_gain":0.0,"max_hp_loss":0.0,"gold_gain":0.0,"event_name":"Transmorgrifier","player_choice":"Ignored","floor":46.0,"gold_loss":0.0,"damage_taken":0.0}],"is_beta":false,"boss_relics":[{"not_picked":["Coffee Dripper","Runic Pyramid"],"picked":"Pandora\u0027s Box"},{"not_picked":["Fusion Hammer","Philosopher\u0027s Stone"],"picked":"Velvet Choker"}],"items_purged_floors":[14],"is_endless":false,"potions_floor_spawned":[1,2,7,16,18,24,28,30,33,39,40,44,45],"ascension_level":10}