{"path_per_floor":["M","M","?","M","?","E","$","M","T","E","M","M","M","$","R","B",null,"M","M","?","?","?","M","?","R","T","T","$","?","R","M","R","B",null,"M","$","?","?","?","R","$"],"character_chosen":"THE_SILENT","items_purchased":["Deadly Poison","Juzu Bracelet"],"gold_per_floor":[113,133,133,147,147,174,51,68,92,118,138,153,173,20,20,120,120,131,145,145,145,145,157,82,82,131,131,31,31,31,43,43,141,141,153,28,77,0,0,0,0],"floor_reached":42,"campfire_rested":3,"playtime":2521,"current_hp_per_floor":[70,67,67,69,55,51,51,51,51,34,36,37,39,39,39,21,70,65,63,47,38,38,7,7,29,29,29,29,29,51,46,68,9,75,62,62,7,7,67,67,67],"items_purged":["Strike_G","Defend_G","Strike_G"],"gold":0,"play_id":"207d2e78-5570-4533-8b3c-da34a61e043e","is_prod":false,"is_daily":false,"campfire_rituals":0,"campfire_upgraded":2,"is_hardmode":false,"path_taken":["M","M","?","M","?","E","$","M","T","E","M","M","?","?","R","BOSS","M","M","?","?","?","M","?","R","T","?","$","?","R","M","R","BOSS","M","$","?","?","?","R","?","E"],"build_version":"2018-01-11-PROD2","purchased_purges":3,"victory":false,"master_deck":["Defend_G","Defend_G","Defend_G","Defend_G","Strike_G","Strike_G","Survivor","Neutralize","Bouncing Flask","Backflip","Deadly Poison","Envenom","Dagger Spray","Tools of the Trade","Dagger Spray","Deadly Poison","Venomology","Cloak And Dagger"],"max_hp_per_floor":[70,70,70,70,70,70,70,70,70,70,70,70,70,70,70,70,70,70,70,70,75,75,75,75,75,75,75,75,75,75,75,75,75,75,75,75,77,77,67,67,67],"relics":["Ring of the Snake","Blood Vial","Dodecahedron","Anchor","Omamori","Juzu Bracelet","The Specimen","Nilry\u0027s Codex","War Paint","Singing Bowl","Calipers","Snake Skull","Eternal Feather","Dead Branch","Red Mask"],"campfire_meditates":0,"card_choices":[{"not_picked":["Sucker Punch","Heel Hook"],"picked":"Bouncing Flask"},{"not_picked":["Dagger Throw","Infinite Blades"],"picked":"Backflip"},{"not_picked":["Bane","Deadly Poison"],"picked":"Envenom"},{"not_picked":["Outmaneuver","Heel Hook"],"picked":"Dagger Spray"},{"not_picked":["A Thousand Cuts","Grand Finale"],"picked":"Tools of the Trade"},{"not_picked":["PiercingWail","Deflect"],"picked":"Dagger Spray"},{"not_picked":["Choke","Flying Knee"],"picked":"Deadly Poison"},{"not_picked":["After Image","Storm of Steel"],"picked":"Venomology"},{"not_picked":["Poisoned Stab","Dodge and Roll"],"picked":"Cloak And Dagger"}],"player_experience":223339,"potions_floor_usage":[10,23,31,33,33,35,37,37,37,42,42],"damage_taken":[{"damage":0,"enemies":"Cultist","floor":1,"turns":4},{"damage":3,"enemies":"Small Slimes","floor":2,"turns":4},{"damage":0,"enemies":"Blue Slaver","floor":4,"turns":6},{"damage":6,"enemies":"Lagavulin","floor":6,"turns":6},{"damage":2,"enemies":"Exordium Wildlife","floor":8,"turns":7},{"damage":19,"enemies":"Gremlin Nob","floor":10,"turns":4},{"damage":0,"enemies":"Looter","floor":11,"turns":4},{"damage":1,"enemies":"Lots of Slimes","floor":12,"turns":3},{"damage":0,"enemies":"3 Louse","floor":13,"turns":3},{"damage":20,"enemies":"The Guardian","floor":16,"turns":8},{"damage":5,"enemies":"Spheric Guardian","floor":18,"turns":3},{"damage":4,"enemies":"Shell Parasite","floor":19,"turns":7},{"damage":33,"enemies":"Chosen and Byrds","floor":23,"turns":7},{"damage":7,"enemies":"Snake Plant","floor":31,"turns":4},{"damage":61,"enemies":"Automaton","floor":33,"turns":8},{"damage":13,"enemies":"3 Darklings","floor":35,"turns":5},{"damage":59,"enemies":"Mysterious Sphere","floor":37,"turns":7},{"damage":67,"enemies":"2 Orb Walkers","floor":42,"turns":5}],"event_choices":[{"event_name":"Living Wall","player_choice":"Grow","floor":3,"damage_taken":0},{"event_name":"Shining Light","player_choice":"Entered Light","floor":5,"damage_taken":0},{"event_name":"Cursed Tome","player_choice":"Obtained Book","floor":20,"damage_taken":0},{"event_name":"Forgotten Altar","player_choice":"Shed Blood","floor":21,"damage_taken":0},{"event_name":"The Mausoleum","player_choice":"Yes","floor":22,"damage_taken":0},{"event_name":"Beggar","player_choice":"Gave Gold","floor":24,"damage_taken":0},{"event_name":"Accursed Blacksmith","player_choice":"Rummage","floor":29,"damage_taken":0},{"event_name":"Mysterious Sphere","player_choice":"Fight","floor":37,"damage_taken":0},{"event_name":"Tomb of Lord Red Mask","player_choice":"Paid","floor":38,"damage_taken":0},{"event_name":"The Moai Head","player_choice":"Heal","floor":39,"damage_taken":0}],"boss_relics":[{"not_picked":["Black Star","Runic Dome"],"picked":"The Specimen"},{"not_picked":["Pandora\u0027s Box","Tiny House"],"picked":"Eternal Feather"}],"potions_floor_spawned":[1,4,11,12,13,19,23,33],"seed_played":"-7499565213293314825","killed_by":"2 Orb Walkers","is_trial":false}