{"gold_per_floor":[119,69,69,133,143,143,143,143,166,177,197,197,220,245,257,366,378,408,433,445,467,492,531,543,555,567,579,616,120,134,148,148,252,252,262,262,262,278,278,278,378,31,31,63,75,75,88,103,103,103],"floor_reached":51,"playtime":1782,"items_purged":["Strike_R"],"score":1176,"play_id":"78fdb23b-8cc6-4f85-af69-4a64727c750c","local_time":"20190428084140","is_ascension_mode":true,"campfire_choices":[{"data":"Demon Form","floor":6,"key":"SMITH"},{"data":"Searing Blow","floor":8,"key":"SMITH"},{"data":"Inflame","floor":12,"key":"SMITH"},{"data":"Searing Blow+1","floor":15,"key":"SMITH"},{"data":"Searing Blow+2","floor":24,"key":"SMITH"},{"floor":27,"key":"REST"},{"data":"Searing Blow+3","floor":32,"key":"SMITH"},{"data":"Searing Blow+4","floor":40,"key":"SMITH"},{"floor":46,"key":"REST"},{"floor":49,"key":"REST"}],"neow_cost":"TEN_PERCENT_HP_LOSS","seed_source_timestamp":346866230986341,"circlet_count":0,"master_deck":["Strike_R","Strike_R","Strike_R","Defend_R","Defend_R","Defend_R+1","Bash","Demon Form+1","Searing Blow+5","Inflame+1","Feed","Blood for Blood","Writhe","Clothesline","Limit Break+1","Shockwave","Apotheosis","Injury","Uppercut+1"],"relics":["Burning Blood","FossilizedHelix","Blood Vial","Bronze Scales","MawBank","Snecko Eye","Lantern","Bag of Marbles","Mango","Art of War","Vajra","Sling","Cursed Key","Prayer Wheel","War Paint","Blue Candle","Omamori"],"potions_floor_usage":[18,21,23,23,28,30,30,33,41,50,50,50],"damage_taken":[{"damage":1,"enemies":"Cultist","floor":1,"turns":4},{"damage":2,"enemies":"2 Louse","floor":5,"turns":3},{"damage":0,"enemies":"Small Slimes","floor":10,"turns":3},{"damage":0,"enemies":"Red Slaver","floor":11,"turns":4},{"damage":24,"enemies":"Gremlin Nob","floor":14,"turns":4},{"damage":40,"enemies":"Hexaghost","floor":16,"turns":9},{"damage":16,"enemies":"Spheric Guardian","floor":18,"turns":3},{"damage":13,"enemies":"3 Byrds","floor":19,"turns":3},{"damage":9,"enemies":"Centurion and Healer","floor":21,"turns":5},{"damage":0,"enemies":"Snecko","floor":22,"turns":3},{"damage":33,"enemies":"Gremlin Leader","floor":23,"turns":4},{"damage":7,"enemies":"Book of Stabbing","floor":28,"turns":3},{"damage":7,"enemies":"Sentry and Sphere","floor":30,"turns":4},{"damage":6,"enemies":"Cultist and Chosen","floor":31,"turns":3},{"damage":33,"enemies":"Champ","floor":33,"turns":7},{"damage":0,"enemies":"Orb Walker","floor":35,"turns":2},{"damage":1,"enemies":"3 Shapes","floor":38,"turns":3},{"damage":18,"enemies":"Mind Bloom Boss Battle","floor":41,"turns":4},{"damage":17,"enemies":"Reptomancer","floor":44,"turns":5},{"damage":34,"enemies":"Writhing Mass","floor":45,"turns":3},{"damage":21,"enemies":"3 Darklings","floor":47,"turns":4},{"damage":18,"enemies":"Spire Growth","floor":48,"turns":3},{"damage":50,"enemies":"Time Eater","floor":50,"turns":7}],"seed_played":"-248817231257457849","potions_obtained":[{"floor":5,"key":"Ancient Potion"},{"floor":16,"key":"SteroidPotion"},{"floor":18,"key":"Swift Potion"},{"floor":19,"key":"SkillPotion"},{"floor":21,"key":"Strength Potion"},{"floor":23,"key":"Block Potion"},{"floor":31,"key":"Poison Potion"},{"floor":33,"key":"EssenceOfSteel"},{"floor":47,"key":"Fire Potion"}],"is_trial":false,"path_per_floor":["M","?","$","?","M","R","?","R","T","M","M","R","T","E","R","B",null,"M","M","?","M","M","E","R","?","T","R","E","$","M","M","R","B",null,"M","?","?","M","?","R","?","$","T","E","M","R","M","M","R","B",null],"character_chosen":"IRONCLAD","items_purchased":["Vajra","Sling","EntropicBrew","Apotheosis","War Paint"],"campfire_rested":3,"item_purchase_floors":[29,29,29,42,42],"current_hp_per_floor":[72,72,72,72,72,72,72,72,72,72,72,72,72,54,54,22,60,52,50,50,49,60,35,35,35,49,76,80,80,84,89,89,67,95,106,106,96,103,102,102,93,93,93,84,58,89,76,66,97,59],"gold":103,"neow_bonus":"THREE_RARE_CARDS","is_prod":false,"is_daily":false,"chose_seed":false,"campfire_upgraded":7,"win_rate":0,"timestamp":1556462500,"path_taken":["M","?","$","?","M","R","?","R","T","?","?","R","?","E","R","BOSS","M","M","?","M","M","E","R","?","T","R","E","$","?","M","R","BOSS","M","?","?","M","?","R","?","$","T","E","M","R","?","M","R","BOSS"],"build_version":"2019-04-23","purchased_purges":1,"victory":true,"max_hp_per_floor":[72,72,72,72,72,72,72,72,72,72,72,72,72,72,72,72,72,72,75,75,75,78,78,78,78,92,92,95,95,98,101,101,104,104,107,107,107,107,102,102,105,105,105,105,105,105,105,105,105,109],"card_choices":[{"not_picked":["Offering","Impervious"],"picked":"Demon Form","floor":0},{"not_picked":["Pommel Strike","Battle Trance"],"picked":"Searing Blow","floor":1},{"not_picked":["Pommel Strike","True Grit"],"picked":"Inflame","floor":5},{"not_picked":["Bloodletting","Clash","Reckless Charge"],"picked":"SKIP","floor":10},{"not_picked":["Combust","Cleave","Twin Strike"],"picked":"SKIP","floor":11},{"not_picked":["Second Wind","Carnage","Body Slam"],"picked":"SKIP","floor":14},{"not_picked":["Immolate","Offering"],"picked":"Feed","floor":16},{"not_picked":["Body Slam","Twin Strike"],"picked":"Blood for Blood","floor":18},{"not_picked":["Headbutt+1","Corruption","True Grit"],"picked":"SKIP","floor":19},{"not_picked":["Bloodletting","Spot Weakness","Intimidate+1"],"picked":"SKIP","floor":21},{"not_picked":["Clash","Wild Strike+1"],"picked":"Clothesline","floor":22},{"not_picked":["Corruption+1","Armaments","Infernal Blade+1"],"picked":"SKIP","floor":23},{"not_picked":["Flex","Ghostly Armor","Entrench"],"picked":"SKIP","floor":28},{"not_picked":["Iron Wave","Flex+1","Power Through"],"picked":"SKIP","floor":30},{"not_picked":["Warcry","Armaments","Sever Soul"],"picked":"SKIP","floor":31},{"not_picked":["Brutality","Impervious"],"picked":"Limit Break","floor":33},{"not_picked":["Reckless Charge+1","Spot Weakness"],"picked":"Shockwave","floor":35},{"not_picked":["Spot Weakness+1","Warcry+1","Thunderclap+1"],"picked":"SKIP","floor":38},{"not_picked":["Perfected Strike","Warcry","Reckless Charge+1"],"picked":"SKIP","floor":44},{"not_picked":["Clothesline+1","Twin Strike+1"],"picked":"Uppercut+1","floor":45},{"not_picked":["Infernal Blade+1","Pommel Strike","Double Tap"],"picked":"SKIP","floor":45},{"not_picked":["Havoc","Dark Embrace","Pommel Strike+1"],"picked":"SKIP","floor":47},{"not_picked":["Perfected Strike+1","Warcry","Pommel Strike+1"],"picked":"SKIP","floor":47},{"not_picked":["Havoc","Twin Strike+1","Disarm+1"],"picked":"SKIP","floor":48},{"not_picked":["Power Through","Sever Soul+1","Anger"],"picked":"SKIP","floor":48}],"player_experience":548409,"relics_obtained":[{"floor":9,"key":"Blood Vial"},{"floor":13,"key":"Bronze Scales"},{"floor":14,"key":"MawBank"},{"floor":23,"key":"Bag of Marbles"},{"floor":26,"key":"Mango"},{"floor":28,"key":"Art of War"},{"floor":41,"key":"Prayer Wheel"},{"floor":43,"key":"Blue Candle"},{"floor":44,"key":"Omamori"}],"event_choices":[{"cards_removed":["Strike_R"],"damage_healed":0,"gold_gain":0,"player_choice":"Card Removal","damage_taken":0,"max_hp_gain":0,"max_hp_loss":0,"event_name":"The Cleric","floor":2,"gold_loss":50},{"damage_healed":0,"gold_gain":64,"player_choice":"Gained Gold","damage_taken":0,"max_hp_gain":0,"max_hp_loss":0,"event_name":"Golden Wing","floor":4,"gold_loss":0},{"damage_healed":0,"gold_gain":0,"player_choice":"Gave Potion","damage_taken":0,"relics_obtained":["FossilizedHelix"],"max_hp_gain":0,"max_hp_loss":0,"event_name":"WeMeetAgain","floor":7,"gold_loss":0},{"damage_healed":0,"gold_gain":0,"player_choice":"Opened","damage_taken":0,"relics_obtained":["Lantern"],"max_hp_gain":0,"max_hp_loss":0,"event_name":"The Mausoleum","floor":20,"gold_loss":0,"cards_obtained":["Writhe"]},{"damage_healed":0,"gold_gain":0,"player_choice":"0 cards matched","damage_taken":0,"max_hp_gain":0,"max_hp_loss":0,"event_name":"Match and Keep!","floor":25,"gold_loss":0,"cards_obtained":[]},{"cards_removed":["Defend_R"],"damage_healed":0,"gold_gain":0,"player_choice":"Removed Skill","damage_taken":0,"max_hp_gain":0,"max_hp_loss":0,"event_name":"Falling","floor":36,"gold_loss":0},{"damage_healed":0,"gold_gain":0,"player_choice":"Memory 3","damage_taken":10,"max_hp_gain":0,"max_hp_loss":0,"event_name":"SensoryStone","floor":37,"gold_loss":0},{"damage_healed":0,"gold_gain":0,"player_choice":"Max HP","damage_taken":0,"max_hp_gain":0,"max_hp_loss":5,"event_name":"Winding Halls","floor":39,"gold_loss":0},{"damage_healed":0,"gold_gain":0,"player_choice":"Fight","damage_taken":0,"max_hp_gain":0,"max_hp_loss":0,"event_name":"MindBloom","floor":41,"gold_loss":0}],"is_beta":true,"boss_relics":[{"not_picked":["White Beast Statue","Busted Crown"],"picked":"Snecko Eye"},{"not_picked":["Velvet Choker","Pandora\u0027s Box"],"picked":"Cursed Key"}],"items_purged_floors":[29],"is_endless":false,"potions_floor_spawned":[5,16,18,19,21,23,31,33,35,47],"ascension_level":9}