{"gold_per_floor":[111,111,134,309,165,204,204,59,86,100,65,65,85,85,85,211,211,230,94,110,25,37,84,119,131,169,181,206,232,263,296,308,320],"floor_reached":33,"playtime":784,"items_purged":["Doubt"],"score":387,"play_id":"c06c94ec-4b13-47af-8625-ba2fcfb2334d","local_time":"20190428174611","is_ascension_mode":true,"campfire_choices":[{"data":"Storm","floor":7,"key":"SMITH"},{"data":"White Noise","floor":15,"key":"SMITH"},{"floor":25,"key":"REST"},{"floor":27,"key":"REST"},{"floor":32,"key":"REST"}],"neow_cost":"NONE","seed_source_timestamp":380544223751748,"circlet_count":0,"master_deck":["Strike_B","Strike_B+1","Strike_B","Defend_B","Defend_B","Defend_B","Defend_B","Zap","Dualcast","Ball Lightning+1","Static Discharge+1","Storm+1","White Noise+1","Buffer+1","Normality","Defragment+1","Loop+1"],"relics":["Cracked Core","Pen Nib","Golden Idol","Frozen Egg 2","Whetstone","Bag of Marbles","Cursed Key","MawBank","Boot","Smiling Mask"],"potions_floor_usage":[6,23,24,31,33],"damage_taken":[{"damage":1,"enemies":"2 Louse","floor":1,"turns":2},{"damage":7,"enemies":"Jaw Worm","floor":3,"turns":3},{"damage":11,"enemies":"Gremlin Nob","floor":6,"turns":4},{"damage":10,"enemies":"Small Slimes","floor":10,"turns":2},{"damage":0,"enemies":"2 Fungi Beasts","floor":13,"turns":2},{"damage":34,"enemies":"Hexaghost","floor":16,"turns":6},{"damage":2,"enemies":"Chosen","floor":18,"turns":3},{"damage":0,"enemies":"Spheric Guardian","floor":20,"turns":4},{"damage":40,"enemies":"Slavers","floor":23,"turns":4},{"damage":7,"enemies":"Chosen and Byrds","floor":24,"turns":5},{"damage":12,"enemies":"Cultist and Chosen","floor":28,"turns":4},{"damage":23,"enemies":"Centurion and Healer","floor":29,"turns":4},{"damage":0,"enemies":"Snecko","floor":30,"turns":4},{"damage":19,"enemies":"Snake Plant","floor":31,"turns":1},{"damage":27,"enemies":"Collector","floor":33,"turns":3}],"seed_played":"-6592699023703123246","potions_obtained":[{"floor":1,"key":"Strength Potion"},{"floor":3,"key":"Weak Potion"},{"floor":13,"key":"SmokeBomb"},{"floor":20,"key":"Regen Potion"},{"floor":23,"key":"SkillPotion"},{"floor":30,"key":"Poison Potion"}],"is_trial":false,"path_per_floor":["M","?","M","?","$","E","R","$","T","M","?","?","M","?","R","B",null,"M","$","M","?","?","E","M","R","T","R","M","M","M","M","R","B"],"character_chosen":"DEFECT","items_purchased":["Storm","Whetstone","Buffer+1"],"campfire_rested":3,"item_purchase_floors":[5,8,19],"current_hp_per_floor":[67,67,60,60,60,49,49,49,49,39,56,56,56,56,56,22,57,55,55,55,55,55,27,20,40,40,60,48,25,25,6,26,0],"gold":320,"neow_bonus":"RANDOM_COMMON_RELIC","is_prod":false,"is_daily":false,"chose_seed":false,"campfire_upgraded":2,"win_rate":0,"timestamp":1556495171,"path_taken":["M","?","M","?","$","E","R","$","T","M","?","?","?","?","R","BOSS","M","$","?","?","?","E","M","R","T","R","M","M","?","M","R","BOSS"],"build_version":"2019-04-23","purchased_purges":1,"victory":false,"max_hp_per_floor":[75,69,69,69,69,69,69,69,69,69,69,69,69,69,69,69,69,69,69,69,69,69,69,69,69,69,69,69,69,69,69,69,69],"card_choices":[{"not_picked":["Chill","Compile Driver"],"picked":"Ball Lightning","floor":1},{"not_picked":["Gash","Beam Cell"],"picked":"Static Discharge","floor":3},{"not_picked":["Cold Snap","Redo","Streamline"],"picked":"SKIP","floor":6},{"not_picked":["Stack","All For One"],"picked":"White Noise","floor":10},{"not_picked":["Compile Driver","Beam Cell","Rebound"],"picked":"SKIP","floor":13},{"not_picked":["Gash","Conserve Battery","Stack"],"picked":"SKIP","floor":18},{"not_picked":["Gash+1","Redo","Rebound"],"picked":"SKIP","floor":20},{"not_picked":["Redo+1","BootSequence","Streamline"],"picked":"SKIP","floor":23},{"not_picked":["Redo+1","Coolheaded","Leap"],"picked":"SKIP","floor":24},{"not_picked":["Leap+1","Compile Driver"],"picked":"Defragment+1","floor":28},{"not_picked":["Sweeping Beam","Undo","Gash"],"picked":"SKIP","floor":29},{"not_picked":["Ball Lightning","Consume","Rip and Tear"],"picked":"SKIP","floor":30},{"not_picked":["Rip and Tear","Core Surge"],"picked":"Loop+1","floor":31}],"player_experience":552503,"relics_obtained":[{"floor":6,"key":"Frozen Egg 2"},{"floor":9,"key":"Bag of Marbles"},{"floor":23,"key":"Boot"},{"floor":26,"key":"Smiling Mask"}],"event_choices":[{"damage_healed":0,"gold_gain":0,"player_choice":"Lose Max HP","damage_taken":0,"relics_obtained":["Golden Idol"],"max_hp_gain":0,"max_hp_loss":6,"event_name":"Golden Idol","floor":2,"gold_loss":0},{"damage_healed":0,"gold_gain":175,"player_choice":"AGREE","damage_taken":0,"max_hp_gain":0,"max_hp_loss":0,"event_name":"Liars Game","floor":4,"gold_loss":0,"cards_obtained":["Doubt"]},{"damage_healed":17,"gold_gain":0,"player_choice":"Healed","damage_taken":0,"max_hp_gain":0,"max_hp_loss":0,"event_name":"The Cleric","floor":11,"gold_loss":35},{"damage_healed":0,"gold_gain":0,"player_choice":"Upgraded","damage_taken":0,"max_hp_gain":0,"max_hp_loss":0,"event_name":"Upgrade Shrine","floor":12,"gold_loss":0,"cards_upgraded":["Static Discharge"]},{"cards_removed":["Strike_B"],"damage_healed":0,"gold_gain":0,"player_choice":"Offered Basic","damage_taken":0,"max_hp_gain":0,"max_hp_loss":0,"event_name":"Bonfire Elementals","floor":14,"gold_loss":0},{"damage_healed":0,"gold_gain":0,"player_choice":"Obtained Relic","damage_taken":0,"relics_obtained":["MawBank"],"max_hp_gain":0,"max_hp_loss":0,"event_name":"Addict","floor":21,"gold_loss":85},{"damage_healed":0,"gold_gain":0,"player_choice":"Ignored","damage_taken":0,"max_hp_gain":0,"max_hp_loss":0,"event_name":"Ghosts","floor":22,"gold_loss":0}],"is_beta":true,"boss_relics":[{"not_picked":["Lizard Tail","Coffee Dripper"],"picked":"Cursed Key"}],"items_purged_floors":[5],"is_endless":false,"potions_floor_spawned":[1,3,13,20,23,30],"killed_by":"Collector","ascension_level":9}