{"gold_per_floor":[117,174,174,190,206,206,6,31,31,59,59,69,81,81,81,81],"floor_reached":16,"playtime":462,"items_purged":[],"score":193,"play_id":"8c5fb98f-f46a-4dfa-a83b-adb2a4b40882","local_time":"20190129165123","is_ascension_mode":true,"campfire_choices":[{"data":"Body Slam","floor":6,"key":"SMITH"},{"floor":11,"key":"REST"},{"floor":15,"key":"REST"}],"neow_cost":"NONE","seed_source_timestamp":3022577263720353,"circlet_count":0,"master_deck":["AscendersBane","Strike_R","Strike_R","Strike_R","Strike_R","Strike_R","Defend_R","Defend_R","Defend_R","Defend_R","Bash","Wild Strike","Shockwave","Body Slam+1","Shrug It Off","Ghostly Armor","True Grit","Iron Wave"],"relics":["Burning Blood","PreservedInsect","Darkstone Periapt","Pen Nib","Question Card","Paper Frog","Sundial","Boot"],"potions_floor_usage":[10],"damage_taken":[{"damage":9,"enemies":"Cultist","floor":1,"turns":5},{"damage":12,"enemies":"Jaw Worm","floor":4,"turns":2},{"damage":0,"enemies":"2 Louse","floor":5,"turns":2},{"damage":50,"enemies":"3 Sentries","floor":8,"turns":8},{"damage":16,"enemies":"Gremlin Nob","floor":10,"turns":3},{"damage":11,"enemies":"Lots of Slimes","floor":12,"turns":4},{"damage":3,"enemies":"Looter","floor":13,"turns":3},{"damage":29,"enemies":"The Guardian","floor":16,"turns":6}],"seed_played":"2650156746533404664","potions_obtained":[{"floor":5,"key":"Ancient Potion"},{"floor":13,"key":"SpeedPotion"}],"is_trial":false,"path_per_floor":["M","?","T","M","M","R","$","E","T","E","R","M","M","?","R","B"],"character_chosen":"IRONCLAD","items_purchased":["Pen Nib","Strength Potion"],"campfire_rested":2,"item_purchase_floors":[7,7],"current_hp_per_floor":[65,65,65,59,65,65,65,21,21,11,33,28,31,5,27,0],"gold":81,"neow_bonus":"RANDOM_COMMON_RELIC","is_prod":false,"is_daily":false,"chose_seed":false,"campfire_upgraded":1,"win_rate":0,"timestamp":1548780683,"path_taken":["M","?","?","M","M","R","$","E","T","E","R","?","M","?","R","BOSS"],"build_version":"2019-01-23","purchased_purges":0,"victory":false,"max_hp_per_floor":[75,75,75,75,75,75,75,75,75,75,75,75,75,75,75,75],"card_choices":[{"not_picked":["Armaments","Perfected Strike"],"picked":"Wild Strike","floor":1},{"not_picked":["Armaments","Fire Breathing"],"picked":"Shockwave","floor":4},{"not_picked":["Entrench","Pummel"],"picked":"Body Slam","floor":5},{"not_picked":["Infernal Blade","Clash"],"picked":"Shrug It Off","floor":8},{"not_picked":["Perfected Strike","Armaments","Corruption"],"picked":"Ghostly Armor","floor":10},{"not_picked":["Perfected Strike","Clash","Corruption"],"picked":"True Grit","floor":12},{"not_picked":["Sword Boomerang","Flex","Burning Pact"],"picked":"Iron Wave","floor":13}],"player_experience":487451,"relics_obtained":[{"floor":3,"key":"Darkstone Periapt"},{"floor":8,"key":"Question Card"},{"floor":9,"key":"Paper Frog"},{"floor":10,"key":"Sundial"}],"event_choices":[{"damage_healed":0,"gold_gain":57,"player_choice":"Gained Gold","damage_taken":0,"max_hp_gain":0,"max_hp_loss":0,"event_name":"Golden Wing","floor":2,"gold_loss":0},{"damage_healed":0,"gold_gain":0,"player_choice":"Success","damage_taken":26,"relics_obtained":["Boot"],"max_hp_gain":0,"max_hp_loss":0,"event_name":"Scrap Ooze","floor":14,"gold_loss":0}],"is_beta":false,"boss_relics":[],"items_purged_floors":[],"is_endless":false,"potions_floor_spawned":[5,13],"killed_by":"The Guardian","ascension_level":15}