{"gold_per_floor":[109,119,119,139,156,191,207,265,311,323,354,366,394,434,446,535,547,570,592,624,653,677,689,731,743,809,821,73,73,98,108,108,186,186,203,219,219,219,219,219,231,231,231],"floor_reached":44,"playtime":2549,"items_purged":["Normality"],"score":1260,"play_id":"c7ec1c39-6a8c-4af3-8435-1df6fde165ab","local_time":"20190201205852","is_ascension_mode":true,"campfire_choices":[{"floor":10,"key":"REST"},{"floor":15,"key":"REST"},{"floor":23,"key":"REST"},{"floor":29,"key":"REST"},{"floor":32,"key":"REST"},{"floor":40,"key":"REST"}],"neow_cost":"NONE","seed_source_timestamp":94507994409432,"circlet_count":0,"master_deck":["AscendersBane","Strike_B+1","Strike_B+1","Strike_B+1","Strike_B+1","Defend_B+1","Defend_B+1","Defend_B+1","Defend_B+1","Zap+1","Dualcast+1","Conserve Battery+1","FTL+1","Melter+1","Sunder+1","Core Surge+1","Cold Snap+1","White Noise+1","Coolheaded+1","Cold Snap+1","Echo Form+1","White Noise+1","Sweeping Beam+1","Leap+1","Reboot+1","Coolheaded+1","Reinforced Body+1","Dark Shackles+1","Coolheaded+1","Buffer+1","Beam Cell+1","Glacier+1","Turbo+1"],"relics":["Fusion Hammer","Anchor","Tiny Chest","MawBank","Question Card","Juzu Bracelet","Cursed Key","Pantograph","Omamori","NlothsMask","Frozen Eye","Shuriken","Art of War","Runic Pyramid","Mark of the Bloom"],"potions_floor_usage":[4,6,24,33,33,43,43],"damage_taken":[{"damage":10,"enemies":"2 Louse","floor":1,"turns":3},{"damage":5,"enemies":"Small Slimes","floor":2,"turns":3},{"damage":0,"enemies":"Cultist","floor":4,"turns":4},{"damage":12,"enemies":"Exordium Wildlife","floor":5,"turns":3},{"damage":5,"enemies":"3 Sentries","floor":6,"turns":5},{"damage":5,"enemies":"Exordium Thugs","floor":7,"turns":4},{"damage":16,"enemies":"Gremlin Nob","floor":8,"turns":3},{"damage":0,"enemies":"Gremlin Gang","floor":11,"turns":3},{"damage":0,"enemies":"Looter","floor":13,"turns":3},{"damage":14,"enemies":"Lagavulin","floor":14,"turns":5},{"damage":29,"enemies":"Hexaghost","floor":16,"turns":13},{"damage":0,"enemies":"Spheric Guardian","floor":18,"turns":2},{"damage":2,"enemies":"Chosen","floor":19,"turns":4},{"damage":25,"enemies":"Snake Plant","floor":20,"turns":5},{"damage":3,"enemies":"Centurion and Healer","floor":21,"turns":6},{"damage":17,"enemies":"Snecko","floor":22,"turns":7},{"damage":30,"enemies":"Book of Stabbing","floor":24,"turns":8},{"damage":5,"enemies":"Slavers","floor":30,"turns":5},{"damage":0,"enemies":"3 Cultists","floor":31,"turns":5},{"damage":0,"enemies":"Champ","floor":33,"turns":14},{"damage":0,"enemies":"3 Shapes","floor":35,"turns":5},{"damage":3,"enemies":"3 Darklings","floor":36,"turns":6},{"damage":0,"enemies":"Maw","floor":41,"turns":7},{"damage":34,"enemies":"Awakened One","floor":43,"turns":14}],"seed_played":"96745956643488203","potions_obtained":[{"floor":2,"key":"Regen Potion"},{"floor":4,"key":"SteroidPotion"},{"floor":6,"key":"Poison Potion"},{"floor":11,"key":"Dexterity Potion"},{"floor":13,"key":"SpeedPotion"},{"floor":33,"key":"LiquidBronze"},{"floor":41,"key":"Explosive Potion"}],"is_trial":false,"path_per_floor":["M","M","?","M","M","E","M","E","T","R","M","?","M","E","R","B",null,"M","M","M","M","M","R","E","?","T","?","$","R","E","M","R","B",null,"M","M","T","?","?","R","M","?","B",null],"character_chosen":"DEFECT","items_purchased":["Frozen Eye","FocusPotion","Shuriken","Dark Shackles"],"campfire_rested":6,"item_purchase_floors":[28,28,28,28],"current_hp_per_floor":[54,49,49,61,49,44,39,23,23,44,44,44,44,30,51,22,59,59,57,32,29,12,33,3,3,3,3,3,24,19,19,40,65,70,70,67,67,67,67,67,67,67,33],"gold":231,"neow_bonus":"BOSS_RELIC","is_prod":false,"is_daily":false,"chose_seed":false,"campfire_upgraded":0,"win_rate":0,"timestamp":1549054732,"path_taken":["M","M","?","M","M","E","M","E","T","R","M","?","M","E","R","BOSS","M","M","M","M","M","R","E","?","T","?","$","R","E","M","R","BOSS","M","M","?","?","?","R","M","?","BOSS"],"build_version":"2019-01-23","purchased_purges":1,"victory":true,"max_hp_per_floor":[71,71,71,71,71,71,71,71,71,71,71,71,71,71,71,71,71,71,71,71,71,71,71,71,71,71,71,71,71,71,71,71,71,71,71,71,71,71,71,71,71,71,71],"card_choices":[{"not_picked":["Stack","Compile Driver"],"picked":"Conserve Battery","floor":1},{"not_picked":["Sweeping Beam","Conserve Battery"],"picked":"FTL","floor":2},{"not_picked":["Recycle","Steam Power"],"picked":"Melter","floor":4},{"not_picked":["Ball Lightning","Streamline"],"picked":"Sunder","floor":5},{"not_picked":["Cold Snap","Conserve Battery"],"picked":"Core Surge","floor":6},{"not_picked":["Hello World","Rip and Tear"],"picked":"Cold Snap","floor":7},{"not_picked":["Chaos","Fission"],"picked":"White Noise","floor":8},{"not_picked":["Ball Lightning","Cold Snap"],"picked":"Coolheaded","floor":11},{"not_picked":["Storm","Streamline","Static Discharge"],"picked":"Cold Snap","floor":13},{"not_picked":["Hello World","Recycle","Turbo","Consume"],"picked":"SKIP","floor":14},{"not_picked":["Amplify","Meteor Strike","Biased Cognition"],"picked":"Echo Form","floor":16},{"not_picked":["Leap","Turbo","Go for the Eyes"],"picked":"White Noise+1","floor":18},{"not_picked":["Rebound","Ball Lightning","Stack"],"picked":"Sweeping Beam+1","floor":19},{"not_picked":["Fusion+1","Gash","Reprogram+1"],"picked":"Leap","floor":20},{"not_picked":["Force Field","Ball Lightning","Cold Snap"],"picked":"Reboot","floor":21},{"not_picked":["Leap","Ball Lightning+1","Cold Snap"],"picked":"Coolheaded+1","floor":22},{"not_picked":["White Noise","Storm+1","Fission"],"picked":"Reinforced Body","floor":24},{"not_picked":["Beam Cell","Barrage","Hologram","Rainbow"],"picked":"SKIP","floor":30},{"not_picked":["Loop","Rebound","Go for the Eyes"],"picked":"Coolheaded","floor":31},{"not_picked":["Hyperbeam","Seek","Thunder Strike"],"picked":"Buffer","floor":33},{"not_picked":["Doom and Gloom","Cold Snap","Leap+1"],"picked":"Beam Cell","floor":35},{"not_picked":["Conserve Battery","Turbo","Steam"],"picked":"Glacier","floor":36},{"not_picked":["Reboot","Sunder","Rebound+1"],"picked":"Turbo+1","floor":41}],"player_experience":511726,"relics_obtained":[{"floor":6,"key":"Anchor"},{"floor":8,"key":"Tiny Chest"},{"floor":9,"key":"MawBank"},{"floor":14,"key":"Juzu Bracelet"},{"floor":24,"key":"Pantograph"},{"floor":26,"key":"Omamori"},{"floor":30,"key":"Art of War"}],"event_choices":[{"damage_healed":0,"gold_gain":0,"player_choice":"Ignored","damage_taken":0,"max_hp_gain":0,"max_hp_loss":0,"event_name":"Golden Wing","floor":3,"gold_loss":0},{"damage_healed":0,"gold_gain":0,"player_choice":"Gave Potion","damage_taken":0,"relics_obtained":["Question Card"],"max_hp_gain":0,"max_hp_loss":0,"event_name":"WeMeetAgain","floor":12,"gold_loss":0},{"damage_healed":0,"gold_gain":0,"player_choice":"Simplicity","damage_taken":0,"max_hp_gain":0,"max_hp_loss":0,"event_name":"Back to Basics","floor":25,"gold_loss":0,"cards_upgraded":["Strike_B","Strike_B","Strike_B","Strike_B","Defend_B","Defend_B","Defend_B","Defend_B"]},{"damage_healed":0,"gold_gain":0,"player_choice":"Trade","damage_taken":0,"relics_obtained":["NlothsMask"],"max_hp_gain":0,"max_hp_loss":0,"event_name":"FaceTrader","floor":27,"gold_loss":0},{"damage_healed":0,"gold_gain":0,"player_choice":"Ignored","damage_taken":0,"max_hp_gain":0,"max_hp_loss":0,"event_name":"Mysterious Sphere","floor":38,"gold_loss":0},{"damage_healed":0,"gold_gain":0,"player_choice":"Upgrade","damage_taken":0,"relics_obtained":["Mark of the Bloom"],"max_hp_gain":0,"max_hp_loss":0,"event_name":"MindBloom","floor":39,"gold_loss":0,"cards_upgraded":["Zap","Dualcast","Conserve Battery","FTL","Melter","Sunder","Core Surge","Cold Snap","White Noise","Coolheaded","Cold Snap","Echo Form","Leap","Reboot","Reinforced Body","Dark Shackles","Coolheaded","Buffer","Beam Cell","Glacier"]},{"damage_healed":0,"gold_gain":0,"player_choice":"Took Portal","damage_taken":0,"max_hp_gain":0,"max_hp_loss":0,"event_name":"SecretPortal","floor":42,"gold_loss":0}],"is_beta":false,"boss_relics":[{"not_picked":["Philosopher\u0027s Stone","Busted Crown"],"picked":"Cursed Key"},{"not_picked":["Lizard Tail","Orrery"],"picked":"Runic Pyramid"}],"items_purged_floors":[28],"is_endless":false,"potions_floor_spawned":[2,4,6,11,13,14,20,21,22,33,41],"ascension_level":16}