{"gold_per_floor":[13,27,39,39,51,77,77,96,122,149,167,167,167,177,177,177],"floor_reached":16,"playtime":1288,"items_purged":[],"score":125,"play_id":"c13b88fb-1b0b-40ff-ba16-bcc02baf3242","local_time":"20190108171600","is_ascension_mode":true,"campfire_choices":[{"floor":7,"key":"REST"},{"floor":12,"key":"REST"},{"floor":15,"key":"REST"}],"neow_cost":"NO_GOLD","seed_source_timestamp":1208751961279969,"circlet_count":0,"master_deck":["Defend_G","Defend_G","Defend_G","Defend_G","Defend_G","Strike_G","Strike_G+1","Strike_G+1","Strike_G","Strike_G","Survivor","Neutralize","Corpse Explosion","Outmaneuver","Bane","Flying Knee","Blade Dance","Bouncing Flask","PiercingWail","Catalyst","Leg Sweep","PiercingWail"],"relics":["Ring of the Snake","Ancient Tea Set","Boot","Whetstone"],"potions_floor_usage":[2,6],"damage_taken":[{"damage":0,"enemies":"2 Louse","floor":1,"turns":2},{"damage":1,"enemies":"Small Slimes","floor":2,"turns":4},{"damage":2,"enemies":"Jaw Worm","floor":3,"turns":5},{"damage":7,"enemies":"3 Louse","floor":5,"turns":2},{"damage":20,"enemies":"3 Sentries","floor":6,"turns":5},{"damage":0,"enemies":"2 Fungi Beasts","floor":8,"turns":2},{"damage":24,"enemies":"Gremlin Nob","floor":10,"turns":4},{"damage":18,"enemies":"Exordium Thugs","floor":11,"turns":5},{"damage":8,"enemies":"3 Louse","floor":14,"turns":3},{"damage":55,"enemies":"The Guardian","floor":16,"turns":8}],"seed_played":"7613294754031981676","potions_obtained":[{"floor":1,"key":"PowerPotion"},{"floor":5,"key":"PowerPotion"},{"floor":6,"key":"Ancient Potion"},{"floor":10,"key":"EssenceOfSteel"}],"is_trial":false,"path_per_floor":["M","M","M","?","M","E","R","M","T","E","M","R","?","M","R","B"],"character_chosen":"THE_SILENT","items_purchased":[],"campfire_rested":3,"item_purchase_floors":[],"current_hp_per_floor":[70,69,67,67,60,40,61,61,61,37,19,40,40,32,53,0],"gold":177,"neow_bonus":"THREE_RARE_CARDS","is_prod":false,"is_daily":false,"chose_seed":false,"campfire_upgraded":0,"win_rate":0,"timestamp":1546967760,"path_taken":["M","M","M","?","M","E","R","M","T","E","M","R","?","M","R","BOSS"],"build_version":"2019-01-03v4","purchased_purges":0,"victory":false,"max_hp_per_floor":[70,70,70,70,70,70,70,70,70,70,70,70,70,70,70,70],"card_choices":[{"not_picked":["Tools of the Trade","Die Die Die"],"picked":"Corpse Explosion","floor":0},{"not_picked":["Calculated Gamble","Underhanded Strike"],"picked":"Outmaneuver","floor":1},{"not_picked":["Poisoned Stab","Escape Plan"],"picked":"Bane","floor":2},{"not_picked":["Noxious Fumes","Deflect"],"picked":"Flying Knee","floor":3},{"not_picked":["Cloak And Dagger","Reflex"],"picked":"Blade Dance","floor":5},{"not_picked":["Prepared","All Out Attack"],"picked":"Bouncing Flask","floor":6},{"not_picked":["Slice","Outmaneuver"],"picked":"PiercingWail","floor":8},{"not_picked":["Quick Slash","Backstab"],"picked":"Catalyst","floor":10},{"not_picked":["Infinite Blades","Terror"],"picked":"Leg Sweep","floor":11},{"not_picked":["Heel Hook","Leg Sweep"],"picked":"PiercingWail","floor":14}],"player_experience":78247,"relics_obtained":[{"floor":6,"key":"Ancient Tea Set"},{"floor":9,"key":"Boot"},{"floor":10,"key":"Whetstone"}],"event_choices":[{"damage_healed":0,"gold_gain":0,"player_choice":"Ignored","damage_taken":0,"max_hp_gain":0,"max_hp_loss":0,"event_name":"Liars Game","floor":4,"gold_loss":0},{"damage_healed":0,"gold_gain":0,"player_choice":"Ignored","damage_taken":0,"max_hp_gain":0,"max_hp_loss":0,"event_name":"Golden Wing","floor":13,"gold_loss":0}],"is_beta":false,"boss_relics":[],"items_purged_floors":[],"is_endless":false,"potions_floor_spawned":[1,5,6,10],"killed_by":"The Guardian","ascension_level":2}