{"gold_per_floor":[117,117,133,133,58,58,96,121,146,146,146,166,184,258,258,377,377,401,110,35,59,75,75,115,130,130,177,221,245,245,276,276,402,402,427,440,340,356,46,77,77,112,112,173,173,186,186,201,201,201],"floor_reached":51,"playtime":2574,"items_purged":["Strike_R","Strike_R","Strike_R"],"score":1106,"play_id":"3b61886f-41ab-4b83-8a96-8bde90eb3df7","local_time":"20190111214348","is_ascension_mode":true,"campfire_choices":[{"data":"Defend_R","floor":6,"key":"SMITH"},{"data":"Sever Soul","floor":10,"key":"SMITH"},{"data":"Battle Trance","floor":15,"key":"SMITH"},{"data":"Ghostly Armor","floor":23,"key":"SMITH"},{"data":"Strike_R","floor":32,"key":"PURGE"},{"data":"Master of Strategy","floor":41,"key":"SMITH"},{"data":"Fiend Fire","floor":47,"key":"SMITH"},{"data":"Clash","floor":49,"key":"SMITH"}],"neow_cost":"CURSE","seed_source_timestamp":1482728624351390,"circlet_count":0,"master_deck":["Defend_R","Defend_R","Defend_R","Defend_R+1","Bash","Ghostly Armor+1","Sever Soul+1","Cleave+1","Battle Trance+1","Clash","Clash","Feed","Clash+1","Clash","Shrug It Off","Clothesline+1","Warcry+1","Clash","Sentinel+1","Sentinel+1","Feed+1","Shrug It Off","Fiend Fire+1","True Grit+1","Master of Strategy+1","Clash+1","Sever Soul+1","Dual Wield+1"],"relics":["Burning Blood","Charon\u0027s Ashes","Golden Idol","Omamori","PreservedInsect","Bag of Marbles","Tiny Chest","Orrery","FossilizedHelix","Boot","Peace Pipe","Juzu Bracelet","Question Card","Pen Nib","Mark of Pain","Centennial Puzzle","Bird Faced Urn","Whetstone","Thread and Needle"],"potions_floor_usage":[22,33,36,38,50,50],"damage_taken":[{"damage":8,"enemies":"Small Slimes","floor":1,"turns":4},{"damage":7,"enemies":"Jaw Worm","floor":3,"turns":4},{"damage":20,"enemies":"Gremlin Nob","floor":7,"turns":4},{"damage":3,"enemies":"2 Louse","floor":8,"turns":2},{"damage":6,"enemies":"Lots of Slimes","floor":12,"turns":2},{"damage":6,"enemies":"Looter","floor":13,"turns":2},{"damage":10,"enemies":"Lagavulin","floor":14,"turns":3},{"damage":0,"enemies":"Slime Boss","floor":16,"turns":5},{"damage":30,"enemies":"Shell Parasite","floor":18,"turns":4},{"damage":0,"enemies":"Chosen","floor":21,"turns":3},{"damage":1,"enemies":"3 Cultists","floor":22,"turns":5},{"damage":6,"enemies":"Gremlin Leader","floor":24,"turns":2},{"damage":0,"enemies":"Cultist and Chosen","floor":25,"turns":2},{"damage":0,"enemies":"Slavers","floor":28,"turns":2},{"damage":8,"enemies":"Snake Plant","floor":29,"turns":2},{"damage":8,"enemies":"Book of Stabbing","floor":31,"turns":3},{"damage":62,"enemies":"Champ","floor":33,"turns":9},{"damage":0,"enemies":"3 Shapes","floor":35,"turns":3},{"damage":0,"enemies":"3 Darklings","floor":36,"turns":3},{"damage":0,"enemies":"Sphere and 2 Shapes","floor":38,"turns":3},{"damage":0,"enemies":"Reptomancer","floor":40,"turns":2},{"damage":5,"enemies":"Nemesis","floor":42,"turns":3},{"damage":57,"enemies":"2 Orb Walkers","floor":44,"turns":7},{"damage":0,"enemies":"Transient","floor":46,"turns":5},{"damage":0,"enemies":"Maw","floor":48,"turns":4},{"damage":40,"enemies":"Time Eater","floor":50,"turns":4}],"seed_played":"-4806640425065345495","potions_obtained":[{"floor":1,"key":"FearPotion"},{"floor":3,"key":"SpeedPotion"},{"floor":8,"key":"Explosive Potion"},{"floor":22,"key":"Strength Potion"},{"floor":33,"key":"Swift Potion"},{"floor":42,"key":"SkillPotion"},{"floor":46,"key":"Swift Potion"}],"is_trial":false,"path_per_floor":["M","?","M","?","$","R","E","M","T","R","T","M","M","E","R","B",null,"M","$","?","M","M","R","E","M","T","T","E","M","?","E","R","B",null,"M","M","$","M","$","E","R","E","T","?","?","M","R","M","R","B",null],"character_chosen":"IRONCLAD","items_purchased":["FossilizedHelix","Master of Strategy"],"campfire_rested":0,"item_purchase_floors":[19,39],"current_hp_per_floor":[78,71,70,70,70,70,56,59,59,59,59,59,59,55,55,61,71,47,47,47,53,61,61,61,67,67,67,73,71,71,69,69,13,61,70,79,79,83,83,83,83,83,83,35,75,75,75,75,75,41],"gold":201,"neow_bonus":"ONE_RARE_RELIC","is_prod":false,"is_daily":false,"chose_seed":false,"campfire_upgraded":7,"win_rate":0,"timestamp":1547243028,"path_taken":["M","?","M","?","$","R","E","M","T","R","?","M","?","E","R","BOSS","M","$","?","M","M","R","E","M","T","?","E","M","?","E","R","BOSS","M","M","$","M","$","E","R","E","T","?","?","M","R","M","R","BOSS"],"build_version":"2019-01-10","purchased_purges":3,"victory":true,"max_hp_per_floor":[80,80,80,74,74,74,74,74,74,74,74,74,74,74,74,74,74,74,74,74,74,77,77,77,77,77,77,77,77,77,77,77,77,77,80,83,83,83,83,83,83,83,83,86,75,75,75,75,75,75],"card_choices":[{"not_picked":["Warcry","Spot Weakness"],"picked":"Ghostly Armor","floor":1},{"not_picked":["Iron Wave","Havoc"],"picked":"Sever Soul","floor":3},{"not_picked":["Evolve","Fire Breathing"],"picked":"Cleave","floor":7},{"not_picked":["Blood for Blood","Flex","Carnage"],"picked":"SKIP","floor":8},{"not_picked":["Thunderclap","Clothesline"],"picked":"Battle Trance","floor":12},{"not_picked":["Headbutt","Armaments"],"picked":"Clash","floor":13},{"not_picked":["Wild Strike","Headbutt"],"picked":"Clash","floor":14},{"not_picked":["Offering","Berserk"],"picked":"Feed","floor":16},{"not_picked":["Wild Strike","Intimidate"],"picked":"Clash","floor":17},{"not_picked":["Anger","Twin Strike"],"picked":"Clash","floor":17},{"not_picked":["Rampage","Perfected Strike"],"picked":"Shrug It Off","floor":17},{"not_picked":["Thunderclap","Headbutt"],"picked":"Clothesline+1","floor":18},{"not_picked":["Anger","Impervious"],"picked":"Warcry+1","floor":21},{"not_picked":["Anger","Thunderclap"],"picked":"Clash","floor":22},{"not_picked":["Armaments","Heavy Blade+1"],"picked":"Sentinel+1","floor":24},{"not_picked":["Perfected Strike","Headbutt","Wild Strike"],"picked":"SKIP","floor":25},{"not_picked":["Flex","Thunderclap","Rupture"],"picked":"SKIP","floor":28},{"not_picked":["True Grit","Metallicize","Sword Boomerang"],"picked":"Sentinel+1","floor":29},{"not_picked":["Double Tap","Sever Soul","Juggernaut"],"picked":"Shrug It Off","floor":31},{"not_picked":["Juggernaut","Demon Form","Offering"],"picked":"Fiend Fire","floor":33},{"not_picked":["Rage+1","Flex+1","Clothesline+1","Metallicize+1"],"picked":"SKIP","floor":35},{"not_picked":["Carnage","Feel No Pain","Metallicize+1"],"picked":"True Grit+1","floor":36},{"not_picked":["Corruption+1","Sword Boomerang+1","Clash+1","Whirlwind+1"],"picked":"SKIP","floor":38},{"not_picked":["Twin Strike","Flex+1","Fire Breathing","Second Wind+1"],"picked":"SKIP","floor":40},{"not_picked":["Reckless Charge+1","Feed","Havoc+1","Twin Strike"],"picked":"SKIP","floor":42},{"not_picked":["Thunderclap+1","Rampage","Shrug It Off"],"picked":"Clash+1","floor":44},{"not_picked":["Perfected Strike+1","Anger+1","Cleave+1"],"picked":"Sever Soul+1","floor":46},{"not_picked":["Pummel","Rupture","Power Through"],"picked":"Dual Wield+1","floor":48}],"player_experience":180119,"relics_obtained":[{"floor":7,"key":"Omamori"},{"floor":9,"key":"PreservedInsect"},{"floor":11,"key":"Bag of Marbles"},{"floor":14,"key":"Tiny Chest"},{"floor":24,"key":"Boot"},{"floor":26,"key":"Peace Pipe"},{"floor":27,"key":"Juzu Bracelet"},{"floor":28,"key":"Question Card"},{"floor":31,"key":"Pen Nib"},{"floor":40,"key":"Centennial Puzzle"},{"floor":42,"key":"Bird Faced Urn"},{"floor":43,"key":"Whetstone"},{"floor":44,"key":"Thread and Needle"}],"event_choices":[{"cards_removed":["Pain"],"damage_healed":0,"gold_gain":0,"player_choice":"Card Removal","damage_taken":7,"max_hp_gain":0,"max_hp_loss":0,"event_name":"Golden Wing","floor":2,"gold_loss":0},{"damage_healed":0,"gold_gain":0,"player_choice":"Lose Max HP","damage_taken":0,"relics_obtained":["Golden Idol"],"max_hp_gain":0,"max_hp_loss":6,"event_name":"Golden Idol","floor":4,"gold_loss":0},{"cards_removed":["Strike_R"],"damage_healed":0,"gold_gain":0,"player_choice":"Gave Gold","damage_taken":0,"max_hp_gain":0,"max_hp_loss":0,"event_name":"Beggar","floor":20,"gold_loss":75},{"damage_healed":0,"gold_gain":0,"player_choice":"Copied","damage_taken":0,"max_hp_gain":0,"max_hp_loss":0,"event_name":"Duplicator","floor":30,"gold_loss":0,"cards_obtained":["Feed"]},{"damage_healed":0,"gold_gain":0,"player_choice":"Fight","damage_taken":0,"max_hp_gain":0,"max_hp_loss":0,"event_name":"Mysterious Sphere","floor":44,"gold_loss":0},{"damage_healed":75,"gold_gain":0,"player_choice":"Heal","damage_taken":0,"max_hp_gain":0,"max_hp_loss":11,"event_name":"The Moai Head","floor":45,"gold_loss":0}],"is_beta":false,"boss_relics":[{"not_picked":["Runic Dome","Cursed Key"],"picked":"Orrery"},{"not_picked":["Empty Cage","Black Blood"],"picked":"Mark of Pain"}],"items_purged_floors":[5,37,39],"is_endless":false,"potions_floor_spawned":[1,3,8,22,24,28,31,33,42,46],"ascension_level":5}