{"gold_per_floor":[115,115,24,36,36,36,68,68,119,150,150,5,31,47,47,144,144,163,175,191,191,211,230,210,210,210,227,242,242,253,263,263,358,408,425,425,425,70,85,85,104,119,119,119,119,135,135,150,150,150],"floor_reached":51,"playtime":2330,"items_purged":["Strike_G"],"score":1109,"play_id":"8ed94ca0-c633-45b8-bea4-5cc3188bcad1","local_time":"20190117174112","is_ascension_mode":true,"campfire_choices":[{"data":"Neutralize","floor":6,"key":"SMITH"},{"data":"Crippling Poison","floor":8,"key":"SMITH"},{"data":"Burst","floor":15,"key":"SMITH"},{"floor":25,"key":"REST"},{"floor":29,"key":"REST"},{"data":"Malaise","floor":32,"key":"SMITH"},{"floor":40,"key":"REST"},{"floor":47,"key":"REST"},{"data":"Backflip","floor":49,"key":"SMITH"}],"neow_cost":"NONE","seed_source_timestamp":1027208850887852,"circlet_count":0,"master_deck":["AscendersBane","Defend_G+1","Defend_G+1","Defend_G+1","Defend_G+1","Strike_G+1","Strike_G+1","Strike_G+1","Survivor+1","Neutralize+1","Crippling Poison+1","Distraction+1","Noxious Fumes+1","Slice+1","Flying Knee+1","Sucker Punch+1","Burst+1","Noxious Fumes+1","Deflect+1","Malaise+1","Backstab+1","Backflip+1","Well Laid Plans+1","Backflip+1","PiercingWail+1","Doppelganger+1","Quick Slash+1","Acrobatics+1","Malaise+1","Noxious Fumes+1","Master of Strategy+1","Flash of Steel+1","Parasite","Heel Hook+1","Deflect+1","Backflip+1"],"relics":["Ring of the Snake","NeowsBlessing","Ice Cream","Whetstone","Frozen Egg 2","Mummified Hand","Philosopher\u0027s Stone","Oddly Smooth Stone","StoneCalendar","Tiny House","Singing Bowl","Mark of the Bloom","Molten Egg 2"],"potions_floor_usage":[22,22,30,33,42,46,48,50],"damage_taken":[{"damage":0,"enemies":"Jaw Worm","floor":1,"turns":1},{"damage":0,"enemies":"Cultist","floor":4,"turns":1},{"damage":0,"enemies":"Lagavulin","floor":7,"turns":1},{"damage":17,"enemies":"Gremlin Nob","floor":10,"turns":4},{"damage":20,"enemies":"Lagavulin","floor":13,"turns":5},{"damage":0,"enemies":"2 Louse","floor":14,"turns":2},{"damage":2,"enemies":"Hexaghost","floor":16,"turns":8},{"damage":0,"enemies":"Chosen","floor":18,"turns":5},{"damage":8,"enemies":"3 Byrds","floor":19,"turns":4},{"damage":8,"enemies":"3 Cultists","floor":20,"turns":4},{"damage":6,"enemies":"Chosen and Byrds","floor":22,"turns":5},{"damage":11,"enemies":"Snake Plant","floor":23,"turns":5},{"damage":5,"enemies":"Snecko","floor":27,"turns":5},{"damage":3,"enemies":"Chosen and Byrds","floor":28,"turns":7},{"damage":0,"enemies":"Centurion and Healer","floor":30,"turns":6},{"damage":6,"enemies":"Snake Plant","floor":31,"turns":3},{"damage":35,"enemies":"Champ","floor":33,"turns":16},{"damage":0,"enemies":"3 Shapes","floor":35,"turns":6},{"damage":20,"enemies":"3 Darklings","floor":39,"turns":6},{"damage":0,"enemies":"Writhing Mass","floor":41,"turns":7},{"damage":5,"enemies":"Spire Growth","floor":42,"turns":7},{"damage":32,"enemies":"Transient","floor":46,"turns":5},{"damage":0,"enemies":"Jaw Worm Horde","floor":48,"turns":5},{"damage":4,"enemies":"Awakened One","floor":50,"turns":17}],"seed_played":"6968877341936090914","potions_obtained":[{"floor":10,"key":"Fire Potion"},{"floor":13,"key":"Block Potion"},{"floor":23,"key":"Fire Potion"},{"floor":24,"key":"Explosive Potion"},{"floor":28,"key":"GhostInAJar"},{"floor":31,"key":"Explosive Potion"},{"floor":34,"key":"Ancient Potion"},{"floor":42,"key":"Energy Potion"},{"floor":48,"key":"Regen Potion"}],"is_trial":false,"path_per_floor":["M","?","$","M","?","R","E","R","T","E","?","$","E","M","R","B",null,"M","M","M","T","M","M","?","R","T","M","M","R","M","M","R","B",null,"M","?","?","$","M","R","M","M","T","?","T","M","R","M","R","B",null],"character_chosen":"THE_SILENT","items_purchased":["Noxious Fumes","Slice","Noxious Fumes+1","Noxious Fumes+1","Master of Strategy","Flash of Steel"],"campfire_rested":4,"item_purchase_floors":[3,3,12,38,38,38],"current_hp_per_floor":[63,63,63,63,63,63,63,63,63,46,46,46,26,26,26,24,59,59,51,43,43,37,26,26,47,47,42,39,60,60,54,54,19,62,62,62,62,62,42,64,64,59,59,59,59,27,27,27,27,23],"gold":150,"neow_bonus":"THREE_ENEMY_KILL","is_prod":false,"is_daily":false,"chose_seed":false,"campfire_upgraded":5,"win_rate":0,"timestamp":1547746872,"path_taken":["M","?","$","?","?","R","E","R","T","E","?","$","E","M","R","BOSS","M","M","M","?","M","M","?","R","T","?","M","R","M","M","R","BOSS","M","?","?","$","?","R","M","M","T","?","?","M","R","M","R","BOSS"],"build_version":"2019-01-10","purchased_purges":1,"victory":true,"max_hp_per_floor":[70,70,70,70,70,70,70,70,70,70,70,70,70,70,70,70,70,70,70,70,70,70,70,70,70,70,70,70,70,70,70,70,70,75,75,75,75,75,75,75,75,75,75,75,75,77,77,77,77,77],"card_choices":[{"not_picked":["Underhanded Strike","Escape Plan"],"picked":"Crippling Poison","floor":1},{"not_picked":["Outmaneuver","Dodge and Roll","Underhanded Strike"],"picked":"SKIP","floor":4},{"not_picked":["Infinite Blades","Accuracy"],"picked":"Flying Knee","floor":7},{"not_picked":["Dodge and Roll","Accuracy","Blade Dance"],"picked":"SKIP","floor":10},{"not_picked":["Setup","Flying Knee"],"picked":"Deflect","floor":13},{"not_picked":["Phantasmal Killer","Sucker Punch","Dagger Spray"],"picked":"SKIP","floor":14},{"not_picked":["A Thousand Cuts+1","Envenom+1"],"picked":"Malaise","floor":16},{"not_picked":["Setup","Underhanded Strike","Cloak And Dagger"],"picked":"SKIP","floor":18},{"not_picked":["Dodge and Roll+1","Bouncing Flask"],"picked":"Backstab+1","floor":19},{"not_picked":["Outmaneuver","Sucker Punch"],"picked":"Backflip","floor":20},{"not_picked":["Caltrops+1","Dodge and Roll"],"picked":"Well Laid Plans+1","floor":22},{"not_picked":["Poisoned Stab+1","Outmaneuver","Dagger Spray"],"picked":"SKIP","floor":23},{"not_picked":["Reflex","Storm of Steel"],"picked":"Backflip","floor":27},{"not_picked":["Cloak And Dagger","Blade Dance","Dodge and Roll"],"picked":"SKIP","floor":28},{"not_picked":["Dagger Throw","Bouncing Flask"],"picked":"PiercingWail","floor":30},{"not_picked":["Caltrops+1","Prepared","Dagger Spray+1"],"picked":"SKIP","floor":31},{"not_picked":["After Image+1","A Thousand Cuts+1"],"picked":"Doppelganger","floor":33},{"not_picked":["Prepared","Deflect"],"picked":"Quick Slash","floor":34},{"not_picked":["Dagger Spray","Dash"],"picked":"Acrobatics+1","floor":35},{"not_picked":["Dagger Spray","Deadly Poison","Bouncing Flask"],"picked":"SKIP","floor":39},{"not_picked":["Concentrate","Slice"],"picked":"Heel Hook+1","floor":41},{"not_picked":["Endless Agony","Eviscerate"],"picked":"Deflect","floor":42},{"not_picked":["PiercingWail","Concentrate","Deadly Poison"],"picked":"Singing Bowl","floor":46},{"not_picked":["Blade Dance","Tools of the Trade+1"],"picked":"Backflip","floor":48}],"player_experience":129003,"relics_obtained":[{"floor":7,"key":"Ice Cream"},{"floor":9,"key":"Whetstone"},{"floor":10,"key":"Frozen Egg 2"},{"floor":13,"key":"Mummified Hand"},{"floor":21,"key":"Oddly Smooth Stone"},{"floor":26,"key":"StoneCalendar"},{"floor":43,"key":"Singing Bowl"},{"floor":45,"key":"Molten Egg 2"}],"event_choices":[{"damage_healed":0,"gold_gain":0,"cards_transformed":["Defend_G"],"player_choice":"Transformed","damage_taken":0,"max_hp_gain":0,"max_hp_loss":0,"event_name":"Transmorgrifier","floor":2,"gold_loss":0,"cards_obtained":["Distraction"]},{"damage_healed":0,"gold_gain":0,"player_choice":"Grow","damage_taken":0,"max_hp_gain":0,"max_hp_loss":0,"event_name":"Living Wall","floor":5,"gold_loss":0,"cards_upgraded":["Noxious Fumes"]},{"damage_healed":0,"gold_gain":0,"player_choice":"2 cards matched","damage_taken":0,"max_hp_gain":0,"max_hp_loss":0,"event_name":"Match and Keep!","floor":11,"gold_loss":0,"cards_obtained":["Sucker Punch","Burst"]},{"damage_healed":0,"gold_gain":0,"player_choice":"Bought 1 Potion","damage_taken":0,"max_hp_gain":0,"max_hp_loss":0,"event_name":"The Woman in Blue","floor":24,"gold_loss":0},{"cards_removed":["Strike_G"],"damage_healed":0,"gold_gain":0,"player_choice":"Removed Attack","damage_taken":0,"max_hp_gain":0,"max_hp_loss":0,"event_name":"Falling","floor":36,"gold_loss":0},{"damage_healed":0,"gold_gain":0,"player_choice":"Copied","damage_taken":0,"max_hp_gain":0,"max_hp_loss":0,"event_name":"Duplicator","floor":37,"gold_loss":0,"cards_obtained":["Malaise"]},{"damage_healed":0,"gold_gain":0,"player_choice":"Upgrade","damage_taken":0,"relics_obtained":["Mark of the Bloom"],"max_hp_gain":0,"max_hp_loss":0,"event_name":"MindBloom","floor":44,"gold_loss":0,"cards_upgraded":["Defend_G","Defend_G","Defend_G","Defend_G","Strike_G","Strike_G","Survivor","Distraction","Slice","Sucker Punch","Deflect","Backflip","Backflip","PiercingWail","Doppelganger","Quick Slash","Master of Strategy","Flash of Steel","Deflect"]}],"is_beta":false,"boss_relics":[{"not_picked":["Empty Cage","WristBlade"],"picked":"Philosopher\u0027s Stone"},{"not_picked":["Coffee Dripper","Runic Dome"],"picked":"Tiny House"}],"items_purged_floors":[12],"is_endless":false,"potions_floor_spawned":[10,13,19,23,28,31,39,42,48],"ascension_level":12}