{"gold_per_floor":[116,134,146,163,163,191,203,234,260,270,235,259,275,27,27,125,125,142,154,168,168,178,178,178,189,189,189,189,189,220,233,233,233],"floor_reached":33,"playtime":2102,"items_purged":["Strike_B"],"score":390,"play_id":"b18b70fb-f3b4-4981-8593-26c02607d29a","local_time":"20180818152903","is_ascension_mode":true,"campfire_choices":[{"floor":15,"key":"REST"},{"data":"RitualDagger","floor":24,"key":"SMITH"},{"floor":28,"key":"REST"},{"data":"Defragment","floor":32,"key":"SMITH"}],"neow_cost":"NONE","seed_source_timestamp":167312157926569,"circlet_count":0,"master_deck":["Defend_B+1","Defend_B","Defend_B","Defend_B","Zap","Dualcast","Seek","Glacier","FTL","White Noise","Cold Snap","Defragment+1","Chill","BootSequence","Self Repair","Blind","Biased Cognition","Compile Driver+1","Compile Driver","Necronomicurse","RitualDagger+1","Bite","Bite","Bite","Bite","Bite","Beam Cell"],"relics":["Cracked Core","Singing Bowl","Art of War","Pen Nib","Lantern","Busted Crown","Necronomicon","Matryoshka","Oddly Smooth Stone"],"potions_floor_usage":[4,8,18,20,25,25,30,31],"damage_taken":[{"damage":0,"enemies":"Small Slimes","floor":1,"turns":2},{"damage":0,"enemies":"2 Louse","floor":2,"turns":2},{"damage":0,"enemies":"Cultist","floor":3,"turns":3},{"damage":16,"enemies":"Exordium Wildlife","floor":4,"turns":6},{"damage":7,"enemies":"3 Sentries","floor":6,"turns":11},{"damage":11,"enemies":"Large Slime","floor":7,"turns":4},{"damage":10,"enemies":"Lagavulin","floor":8,"turns":10},{"damage":10,"enemies":"Blue Slaver","floor":10,"turns":3},{"damage":0,"enemies":"Looter","floor":13,"turns":3},{"damage":32,"enemies":"Slime Boss","floor":16,"turns":23},{"damage":0,"enemies":"Shell Parasite","floor":18,"turns":8},{"damage":15,"enemies":"Spheric Guardian","floor":19,"turns":4},{"damage":14,"enemies":"Snecko","floor":20,"turns":7},{"damage":15,"enemies":"Chosen and Byrds","floor":22,"turns":8},{"damage":9,"enemies":"Snake Plant","floor":25,"turns":2},{"damage":19,"enemies":"Slavers","floor":30,"turns":8},{"damage":0,"enemies":"Centurion and Healer","floor":31,"turns":8},{"damage":100,"enemies":"Collector","floor":33,"turns":14}],"seed_played":"6253507718577323255","potions_obtained":[{"floor":1,"key":"Ancient Potion"},{"floor":3,"key":"Weak Potion"},{"floor":7,"key":"Explosive Potion"},{"floor":10,"key":"Ancient Potion"},{"floor":16,"key":"LiquidBronze"},{"floor":18,"key":"Dexterity Potion"},{"floor":25,"key":"FearPotion"},{"floor":30,"key":"Swift Potion"}],"is_trial":false,"path_per_floor":["M","M","M","M","?","E","M","E","T","M","?","T","M","$","R","B",null,"M","M","M","?","M","?","R","M","T","$","R","?","E","M","R"],"character_chosen":"DEFECT","items_purchased":["Self Repair","Blind"],"campfire_rested":2,"item_purchase_floors":[14,14],"current_hp_per_floor":[68,68,68,52,37,30,21,11,11,1,20,20,20,20,43,18,62,69,68,63,47,41,35,35,28,28,28,52,52,60,60,60,0],"gold":233,"neow_bonus":"ONE_RANDOM_RARE_CARD","is_prod":false,"is_daily":false,"chose_seed":false,"campfire_upgraded":2,"win_rate":0,"timestamp":1534627743,"path_taken":["M","M","M","M","?","E","M","E","T","?","?","?","M","?","R","BOSS","M","M","M","?","?","?","R","M","T","?","R","?","E","M","R","BOSS"],"build_version":"2018-08-16","purchased_purges":1,"victory":false,"max_hp_per_floor":[75,75,75,75,75,75,77,77,77,77,77,77,77,77,77,77,77,77,77,79,79,81,81,81,83,83,83,83,58,60,60,60,60],"card_choices":[{"not_picked":["Rip and Tear","Sweeping Beam"],"picked":"Glacier","floor":1},{"not_picked":["Undo","BootSequence"],"picked":"FTL","floor":2},{"not_picked":["Scrape","Barrage","Undo"],"picked":"SKIP","floor":3},{"not_picked":["Hologram","Undo"],"picked":"White Noise","floor":4},{"not_picked":["BootSequence","Compile Driver"],"picked":"Cold Snap","floor":6},{"not_picked":["Streamline","Leap","Hologram"],"picked":"Singing Bowl","floor":7},{"not_picked":["Steam","Capacitor"],"picked":"Defragment","floor":8},{"not_picked":["Core Surge","Ball Lightning"],"picked":"Chill","floor":10},{"not_picked":["Melter","Coolheaded"],"picked":"BootSequence","floor":13},{"not_picked":["Rainbow","Seek"],"picked":"Biased Cognition","floor":16},{"not_picked":[],"picked":"Compile Driver+1","floor":18},{"not_picked":[],"picked":"Compile Driver","floor":19},{"not_picked":["Compile Driver+1"],"picked":"Singing Bowl","floor":20},{"not_picked":["Sweeping Beam"],"picked":"Singing Bowl","floor":22},{"not_picked":["Redo"],"picked":"Singing Bowl","floor":25},{"not_picked":["Meteor Strike"],"picked":"Singing Bowl","floor":30},{"not_picked":[],"picked":"Beam Cell","floor":31}],"player_experience":483117,"relics_obtained":[{"floor":6,"key":"Singing Bowl"},{"floor":8,"key":"Art of War"},{"floor":9,"key":"Pen Nib"},{"floor":12,"key":"Lantern"},{"floor":21,"key":"Necronomicon"},{"floor":26,"key":"Matryoshka"},{"floor":30,"key":"Oddly Smooth Stone"}],"event_choices":[{"event_name":"Shining Light","player_choice":"Entered Light","floor":5,"damage_taken":0},{"event_name":"The Cleric","player_choice":"Healed","floor":11,"damage_taken":0},{"event_name":"Cursed Tome","player_choice":"Obtained Book","floor":21,"damage_taken":0},{"event_name":"Nest","player_choice":"Joined the Cult","floor":23,"damage_taken":0},{"event_name":"Vampires","player_choice":"Became a vampire","floor":29,"damage_taken":0}],"is_beta":true,"boss_relics":[{"not_picked":["Coffee Dripper","FrozenCore"],"picked":"Busted Crown"}],"items_purged_floors":[14],"is_endless":false,"potions_floor_spawned":[1,3,7,10,16,18,25,30],"killed_by":"Collector","ascension_level":6}