{"path_per_floor":["M","?","$","M","?","E","$","R","T","E","R","T","M","?","R","B",null,"M","?","M","?","M","R","M","M","T","R","E","M","T","$","R","B",null,"M","M","?","M","M","R","E","M","T","M","M","M","R","M","R","B"],"character_chosen":"IRONCLAD","items_purchased":["Orichalcum","Ice Cream","Offering"],"gold_per_floor":[216,216,141,158,158,188,44,44,44,76,76,76,95,155,155,251,251,266,266,279,279,291,291,311,322,322,322,349,369,423,69,69,172,172,191,208,208,225,241,241,267,278,348,360,377,389,389,408,408,408],"floor_reached":51,"campfire_rested":6,"playtime":3081,"current_hp_per_floor":[78,78,78,80,80,57,57,57,57,53,77,91,94,80,80,50,83,64,64,55,36,20,49,57,52,52,52,24,28,28,28,59,54,89,81,44,44,50,37,71,39,16,16,28,21,35,72,85,123,48],"items_purged":["Regret"],"gold":408,"score":852,"play_id":"96006629-4dff-4503-86c0-1e275ffc22a0","is_prod":false,"is_daily":false,"is_ascension_mode":true,"campfire_upgraded":3,"path_taken":["M","?","$","M","?","E","$","R","T","E","R","?","?","?","R","BOSS","M","?","?","?","M","R","M","M","T","R","E","M","?","$","R","BOSS","M","?","?","?","M","R","E","M","T","M","M","M","R","M","R","BOSS"],"build_version":"2018-02-22-PROD2","purchased_purges":1,"victory":true,"master_deck":["Strike_R","Strike_R","Strike_R","Strike_R","Defend_R+1","Defend_R+1","Defend_R","Bash+1","Metallicize","Uppercut+1","Offering","Battle Trance","Cleave+1","Impervious","Inflame","Body Slam+1","Inflame+1","Heavy Blade+1","Limit Break","Heavy Blade+1","Offering","Demon Form","Metallicize+1","Inflame+1"],"max_hp_per_floor":[80,80,80,80,80,80,80,80,80,80,80,94,94,94,94,94,94,94,94,94,99,99,99,99,99,99,99,99,99,99,99,101,101,101,103,105,105,107,107,109,111,113,113,115,117,117,119,121,123,123],"relics":["Burning Blood","Bird Faced Urn","Bottled Flame","Orichalcum","Dream Catcher","War Paint","Mango","Frozen Eye","Runic Cube","Sundial","Art of War","Singing Bowl","Ice Cream","Runic Pyramid","Juzu Bracelet","Bottled Tornado"],"card_choices":[{"not_picked":["Bloodletting","Sentinel"],"picked":"Metallicize"},{"not_picked":["Metallicize","Pommel Strike"],"picked":"Uppercut"},{"not_picked":["Carnage","Ghostly Armor"],"picked":"Offering"},{"not_picked":["Havoc","Anger"],"picked":"Battle Trance"},{"not_picked":["Perfected Strike","Pommel Strike"],"picked":"Cleave"},{"not_picked":["Double Tap","Brutality"],"picked":"Impervious"},{"not_picked":["Reckless Charge","Havoc"],"picked":"Inflame"},{"not_picked":["Thunderclap","Hemokinesis"],"picked":"Body Slam"},{"not_picked":["Thunderclap","Sword Boomerang"],"picked":"Inflame"},{"not_picked":["Rupture","Warcry"],"picked":"Heavy Blade"},{"not_picked":["Clothesline","Iron Wave"],"picked":"Limit Break"},{"not_picked":["Pommel Strike","Body Slam"],"picked":"Heavy Blade"},{"not_picked":["Feed","Brutality"],"picked":"Demon Form"},{"not_picked":["Evolve","Twin Strike"],"picked":"Metallicize"},{"not_picked":["Whirlwind","Perfected Strike"],"picked":"Inflame"}],"player_experience":150623,"potions_floor_usage":[6,14,22,28,33,39,42,45,50,50],"damage_taken":[{"damage":0,"enemies":"Small Slimes","floor":1,"turns":3},{"damage":2,"enemies":"2 Louse","floor":4,"turns":3},{"damage":29,"enemies":"Lagavulin","floor":6,"turns":7},{"damage":10,"enemies":"Gremlin Nob","floor":10,"turns":4},{"damage":4,"enemies":"Jaw Worm","floor":13,"turns":2},{"damage":22,"enemies":"3 Sentries","floor":14,"turns":8},{"damage":38,"enemies":"Slime Boss","floor":16,"turns":13},{"damage":25,"enemies":"Spheric Guardian","floor":18,"turns":4},{"damage":19,"enemies":"2 Thieves","floor":20,"turns":4},{"damage":35,"enemies":"Sentry and Sphere","floor":22,"turns":6},{"damage":4,"enemies":"Cultist and Chosen","floor":24,"turns":6},{"damage":17,"enemies":"Centurion and Healer","floor":25,"turns":5},{"damage":38,"enemies":"Slavers","floor":28,"turns":4},{"damage":6,"enemies":"3 Cultists","floor":29,"turns":4},{"damage":17,"enemies":"Champ","floor":33,"turns":6},{"damage":20,"enemies":"3 Shapes","floor":35,"turns":4},{"damage":51,"enemies":"3 Darklings","floor":36,"turns":4},{"damage":8,"enemies":"4 Shapes","floor":38,"turns":3},{"damage":25,"enemies":"Sphere and 2 Shapes","floor":39,"turns":4},{"damage":46,"enemies":"2 Orb Walkers","floor":41,"turns":3},{"damage":41,"enemies":"3 Darklings","floor":42,"turns":5},{"damage":6,"enemies":"4 Shapes","floor":44,"turns":7},{"damage":25,"enemies":"Sphere and 2 Shapes","floor":45,"turns":8},{"damage":0,"enemies":"Maw","floor":46,"turns":5},{"damage":7,"enemies":"4 Shapes","floor":48,"turns":7},{"damage":91,"enemies":"Donu and Deca","floor":50,"turns":7}],"event_choices":[{"event_name":"Big Fish","player_choice":"Box","floor":2,"damage_taken":0},{"event_name":"Living Wall","player_choice":"Grow","floor":5,"damage_taken":0},{"event_name":"Dead Adventurer","player_choice":"Searched \u00272\u0027 times","floor":14,"damage_taken":0},{"event_name":"Bonfire Elementals","player_choice":"BASIC","floor":19,"damage_taken":0},{"event_name":"Forgotten Altar","player_choice":"Shed Blood","floor":21,"damage_taken":0}],"boss_relics":[{"not_picked":["Question Card","Calling Bell"],"picked":"Runic Cube"},{"not_picked":["Orrery","Pandora\u0027s Box"],"picked":"Runic Pyramid"}],"potions_floor_spawned":[1,10,13,16,20,22,24,33,35,36,42,48],"seed_played":"-3069754921713550515","ascension_level":9,"is_trial":false}