{"gold_per_floor":[111,124,124,49,60,60,60,74,99,117,117,117,137,49,49,49],"floor_reached":16,"playtime":611,"items_purged":[],"score":184,"play_id":"d65d3d4c-cd3b-4897-ba9c-85c9d14ef51f","local_time":"20190425210707","is_ascension_mode":true,"campfire_choices":[{"data":"Whirlwind","floor":6,"key":"SMITH"},{"data":"Bash","floor":11,"key":"SMITH"},{"floor":15,"key":"REST"}],"neow_cost":"TEN_PERCENT_HP_LOSS","seed_source_timestamp":794994483705000,"circlet_count":0,"master_deck":["AscendersBane","Strike_R","Strike_R","Strike_R","Strike_R","Defend_R+1","Defend_R+1","Defend_R","Bash+1","Whirlwind+1","Thunderclap","Battle Trance","Reaper","Seeing Red","Immolate"],"special_seed":0,"relics":["Burning Blood","Nunchaku","War Paint","Art of War","Omamori"],"potions_floor_usage":[16,16],"damage_taken":[{"damage":15.0,"enemies":"Small Slimes","floor":1.0,"turns":4.0},{"damage":2,"enemies":"Jaw Worm","floor":2,"turns":3},{"damage":1,"enemies":"Cultist","floor":5,"turns":3},{"damage":11,"enemies":"Exordium Thugs","floor":8,"turns":3},{"damage":5,"enemies":"Blue Slaver","floor":10,"turns":3},{"damage":27,"enemies":"Exordium Wildlife","floor":13,"turns":4},{"damage":84,"enemies":"The Guardian","floor":16,"turns":8}],"seed_played":"-4545052518052871775","potions_obtained":[{"floor":1,"key":"Dexterity Potion"},{"floor":8,"key":"Swift Potion"},{"floor":13,"key":"BloodPotion"}],"is_trial":false,"path_per_floor":["M","M","?","?","M","R","T","M","T","M","R","?","M","$","R","B"],"character_chosen":"IRONCLAD","items_purchased":["Immolate"],"campfire_rested":1,"item_purchase_floors":[14],"current_hp_per_floor":[59,63,56,56,61,61,61,56,56,57,57,57,36,36,56,0],"gold":49,"neow_bonus":"ONE_RARE_RELIC","is_prod":false,"is_daily":false,"chose_seed":false,"campfire_upgraded":2,"win_rate":0,"timestamp":1556222827,"path_taken":["M","M","?","?","M","R","?","M","T","M","R","?","?","?","R","BOSS"],"build_version":"2019-01-23","purchased_purges":0,"victory":false,"max_hp_per_floor":[68,68,68,68,68,68,68,68,68,68,68,68,68,68,68,68],"card_choices":[{"not_picked":["Armaments","Havoc"],"picked":"Whirlwind","floor":1},{"not_picked":["Clothesline","Body Slam"],"picked":"Thunderclap","floor":2},{"not_picked":["Sever Soul","Combust"],"picked":"Battle Trance","floor":5},{"not_picked":["Thunderclap","Seeing Red"],"picked":"Reaper","floor":8},{"not_picked":["Heavy Blade","Twin Strike","Iron Wave"],"picked":"SKIP","floor":10},{"not_picked":["Clash","Iron Wave"],"picked":"Seeing Red","floor":13}],"player_experience":412402,"relics_obtained":[{"floor":7,"key":"War Paint"},{"floor":9,"key":"Art of War"}],"event_choices":[{"cards_removed":["Strike_R"],"damage_healed":0,"gold_gain":0,"player_choice":"Card Removal","damage_taken":7,"max_hp_gain":0,"max_hp_loss":0,"event_name":"Golden Wing","floor":3,"gold_loss":0},{"cards_removed":["Defend_R"],"damage_healed":0,"gold_gain":0,"player_choice":"Card Removal","damage_taken":0,"max_hp_gain":0,"max_hp_loss":0,"event_name":"The Cleric","floor":4,"gold_loss":75},{"damage_healed":0,"gold_gain":0,"player_choice":"Gave Potion","damage_taken":0,"relics_obtained":["Omamori"],"max_hp_gain":0,"max_hp_loss":0,"event_name":"WeMeetAgain","floor":12,"gold_loss":0}],"is_beta":false,"boss_relics":[],"items_purged_floors":[],"is_endless":false,"potions_floor_spawned":[1,8,13],"killed_by":"The Guardian","ascension_level":20}