{"gold_per_floor":[112,112,37,57,76,76,76,96,122,122,122,179,191,191,191,265,265,278,278,203,222,12,12,12],"floor_reached":24,"playtime":793,"items_purged":["Fiend Fire"],"score":349,"play_id":"388bd7ed-e202-4010-8992-38128b5aa124","local_time":"20190201234333","is_ascension_mode":true,"campfire_choices":[{"floor":6,"key":"REST"},{"floor":15,"key":"REST"},{"floor":23,"key":"REST"}],"neow_cost":"NONE","seed_source_timestamp":106154160640574,"circlet_count":0,"master_deck":["AscendersBane","Bash+1","Seeing Red","Iron Wave+1","Spot Weakness","Thunderclap","Flex","Iron Wave","Armaments","Immolate","Armaments","Shrug It Off"],"relics":["Pandora\u0027s Box","Boot","Tiny Chest","Empty Cage","PrismaticShard"],"potions_floor_usage":[12,13,16,21,24],"damage_taken":[{"damage":9,"enemies":"Small Slimes","floor":1,"turns":2},{"damage":13,"enemies":"Jaw Worm","floor":4,"turns":2},{"damage":4,"enemies":"2 Louse","floor":5,"turns":2},{"damage":2,"enemies":"Exordium Wildlife","floor":8,"turns":3},{"damage":16,"enemies":"3 Sentries","floor":12,"turns":6},{"damage":2,"enemies":"Gremlin Gang","floor":13,"turns":4},{"damage":40,"enemies":"Slime Boss","floor":16,"turns":8},{"damage":17,"enemies":"Spheric Guardian","floor":18,"turns":4},{"damage":6,"enemies":"3 Byrds","floor":21,"turns":5},{"damage":66,"enemies":"Book of Stabbing","floor":24,"turns":5}],"seed_played":"925647073640806842","potions_obtained":[{"floor":1,"key":"SpeedPotion"},{"floor":4,"key":"EssenceOfSteel"},{"floor":12,"key":"Poison Potion"},{"floor":13,"key":"Strength Potion"},{"floor":18,"key":"SkillPotion"}],"is_trial":false,"path_per_floor":["M","?","$","M","M","R","$","M","T","?","?","E","M","?","R","B",null,"M","?","?","M","$","R","E"],"character_chosen":"IRONCLAD","items_purchased":["PrismaticShard"],"campfire_rested":3,"item_purchase_floors":[22],"current_hp_per_floor":[59,36,36,23,19,41,41,39,39,57,50,34,32,37,60,20,63,46,46,46,40,40,63,0],"gold":12,"neow_bonus":"BOSS_RELIC","is_prod":false,"is_daily":false,"chose_seed":false,"campfire_upgraded":0,"win_rate":0,"timestamp":1549064613,"path_taken":["M","?","$","M","M","R","$","M","T","?","?","E","?","?","R","BOSS","M","?","?","M","$","R","E"],"build_version":"2019-01-23","purchased_purges":1,"victory":false,"max_hp_per_floor":[75,75,75,75,75,75,75,75,75,75,72,72,72,77,77,77,77,77,77,77,77,77,77,77],"card_choices":[{"not_picked":["Reckless Charge","Perfected Strike","Disarm"],"picked":"SKIP","floor":1},{"not_picked":["Headbutt","Sword Boomerang"],"picked":"Iron Wave","floor":4},{"not_picked":["Twin Strike","Spot Weakness","Havoc"],"picked":"SKIP","floor":5},{"not_picked":["Cleave","Clothesline"],"picked":"Armaments","floor":8},{"not_picked":["Clothesline","Pommel Strike","Infernal Blade"],"picked":"SKIP","floor":12},{"not_picked":["Twin Strike","Power Through","Anger"],"picked":"SKIP","floor":13},{"not_picked":["Berserk","Dark Embrace"],"picked":"Immolate","floor":16},{"not_picked":["Clash","Pummel"],"picked":"Armaments","floor":18},{"not_picked":["Intimidate+1","Headbutt"],"picked":"Shrug It Off","floor":21}],"player_experience":517214,"relics_obtained":[{"floor":9,"key":"Boot"},{"floor":12,"key":"Tiny Chest"}],"event_choices":[{"damage_healed":0,"gold_gain":0,"player_choice":"Entered Light","damage_taken":23,"max_hp_gain":0,"max_hp_loss":0,"event_name":"Shining Light","floor":2,"gold_loss":0,"cards_upgraded":["Iron Wave","Bash"]},{"damage_healed":18,"gold_gain":0,"player_choice":"Healed and dodged fight","damage_taken":0,"max_hp_gain":0,"max_hp_loss":0,"event_name":"Mushrooms","floor":10,"gold_loss":0,"cards_obtained":["Parasite"]},{"cards_removed":["Parasite"],"damage_healed":0,"gold_gain":0,"player_choice":"Card Removal","damage_taken":7,"max_hp_gain":0,"max_hp_loss":0,"event_name":"Golden Wing","floor":11,"gold_loss":0},{"damage_healed":0,"gold_gain":0,"player_choice":"Donut","damage_taken":0,"max_hp_gain":5,"max_hp_loss":0,"event_name":"Big Fish","floor":14,"gold_loss":0},{"damage_healed":0,"gold_gain":0,"player_choice":"Simplicity","damage_taken":0,"max_hp_gain":0,"max_hp_loss":0,"event_name":"Back to Basics","floor":19,"gold_loss":0,"cards_upgraded":[]},{"cards_removed":["Intimidate"],"damage_healed":0,"gold_gain":0,"player_choice":"Gave Gold","damage_taken":0,"max_hp_gain":0,"max_hp_loss":0,"event_name":"Beggar","floor":20,"gold_loss":75}],"is_beta":false,"boss_relics":[{"not_picked":["Astrolabe","Calling Bell"],"picked":"Empty Cage"}],"items_purged_floors":[3],"is_endless":false,"potions_floor_spawned":[1,4,12,13,18],"killed_by":"Book of Stabbing","ascension_level":16}