{"gold_per_floor":[13,13,88,238,248,248,248,248,326,19,30,48,73,73,73,150,150,170,181,181,181,181,181,211,221,270,270,270,270,170,85,85,160,160,176,187,112,112,124,124,124],"floor_reached":41,"playtime":1343,"items_purged":["Doubt","Bash"],"score":820,"play_id":"c39132cb-4e59-4375-9383-065f212d7b06","local_time":"20180910170912","is_ascension_mode":true,"campfire_choices":[{"data":"Immolate","floor":6,"key":"SMITH"},{"data":"Blood for Blood","floor":8,"key":"SMITH"},{"data":"Apotheosis","floor":15,"key":"SMITH"},{"data":"Berserk","floor":23,"key":"SMITH"},{"floor":28,"key":"REST"},{"floor":32,"key":"REST"},{"floor":40,"key":"REST"}],"neow_cost":"NO_GOLD","seed_source_timestamp":2255467538618526,"circlet_count":0,"master_deck":["Defend_R","Defend_R","Defend_R","AscendersBane","Immolate+1","Thunderclap","Blood for Blood+1","Apotheosis+1","Flex","Inflame","Berserk+1","Warcry","Shrug It Off","Bite","Bite","Bite","Bite","Bite","Flame Barrier","Juggernaut","Shrug It Off","Warcry"],"relics":["Burning Blood","Red Skull","Art of War","Gremlin Horn","Ancient Tea Set","Kunai","Busted Crown","MutagenicStrength","Sundial","Omamori","Strawberry","Mercury Hourglass","Self Forming Clay","Sozu"],"potions_floor_usage":[18,19,24,36],"damage_taken":[{"damage":9,"enemies":"Jaw Worm","floor":1,"turns":3},{"damage":0,"enemies":"Small Slimes","floor":5,"turns":1},{"damage":14,"enemies":"2 Louse","floor":11,"turns":2},{"damage":0,"enemies":"Large Slime","floor":12,"turns":3},{"damage":12,"enemies":"Lagavulin","floor":13,"turns":4},{"damage":10,"enemies":"Slime Boss","floor":16,"turns":5},{"damage":0,"enemies":"Spheric Guardian","floor":18,"turns":2},{"damage":24,"enemies":"3 Byrds","floor":19,"turns":3},{"damage":36,"enemies":"Book of Stabbing","floor":24,"turns":3},{"damage":35,"enemies":"Shelled Parasite and Fungi","floor":25,"turns":3},{"damage":65,"enemies":"Collector","floor":33,"turns":9},{"damage":6,"enemies":"3 Shapes","floor":35,"turns":1},{"damage":2,"enemies":"Orb Walker","floor":36,"turns":4},{"damage":72,"enemies":"Transient","floor":39,"turns":6},{"damage":36,"enemies":"Reptomancer","floor":41,"turns":2}],"seed_played":"-2162979925211828631","potions_obtained":[{"floor":12,"key":"Explosive Potion"},{"floor":16,"key":"Fire Potion"},{"floor":19,"key":"FearPotion"},{"floor":33,"key":"Block Potion"}],"is_trial":false,"path_per_floor":["M","?","?","?","M","R","T","R","T","$","M","M","E","?","R","B",null,"M","M","?","T","?","R","E","M","T","?","R","T","$","?","R","B",null,"M","M","?","?","M","R"],"character_chosen":"IRONCLAD","items_purchased":["Apotheosis"],"campfire_rested":3,"item_purchase_floors":[10],"current_hp_per_floor":[65,47,36,36,42,42,42,42,42,42,34,40,34,34,34,30,64,70,52,52,52,52,52,33,19,26,26,43,43,43,43,59,25,51,51,59,59,59,11,28,0],"gold":124,"neow_bonus":"THREE_RARE_CARDS","is_prod":false,"is_daily":false,"chose_seed":false,"campfire_upgraded":4,"win_rate":0,"timestamp":1536595752,"path_taken":["M","?","?","?","M","R","?","R","T","?","M","?","E","?","R","BOSS","M","?","?","?","?","R","E","?","T","?","R","?","$","?","R","BOSS","M","M","?","?","M","R","M"],"build_version":"2018-09-06","purchased_purges":2,"victory":false,"max_hp_per_floor":[75,75,75,75,75,75,75,75,75,75,75,75,75,75,75,75,75,75,75,75,75,52,52,52,52,59,59,59,59,59,59,59,59,59,59,59,59,59,59,59,59],"card_choices":[{"not_picked":["Berserk","Impervious"],"picked":"Immolate","floor":0},{"not_picked":["Dual Wield","Anger"],"picked":"Thunderclap","floor":1},{"not_picked":["Perfected Strike","Warcry"],"picked":"Blood for Blood","floor":5},{"not_picked":["Uppercut","Metallicize"],"picked":"Flex","floor":11},{"not_picked":["Intimidate","Blood for Blood"],"picked":"Inflame","floor":12},{"not_picked":["Fiend Fire","Shrug It Off","Heavy Blade"],"picked":"SKIP","floor":13},{"not_picked":["Fiend Fire","Exhume"],"picked":"Berserk","floor":16},{"not_picked":[],"picked":"Warcry","floor":18},{"not_picked":[],"picked":"Shrug It Off","floor":19},{"not_picked":[],"picked":"Flame Barrier","floor":24},{"not_picked":["Carnage"],"picked":"SKIP","floor":25},{"not_picked":[],"picked":"Juggernaut","floor":33},{"not_picked":[],"picked":"Shrug It Off","floor":35},{"not_picked":["Twin Strike+1"],"picked":"SKIP","floor":36},{"not_picked":[],"picked":"Warcry","floor":39}],"player_experience":334385,"relics_obtained":[{"floor":7,"key":"Art of War"},{"floor":9,"key":"Gremlin Horn"},{"floor":13,"key":"Ancient Tea Set"},{"floor":21,"key":"Sundial"},{"floor":24,"key":"Omamori"},{"floor":26,"key":"Strawberry"},{"floor":29,"key":"Mercury Hourglass"}],"event_choices":[{"event_name":"Scrap Ooze","player_choice":"success","floor":2,"damage_taken":18},{"event_name":"World of Goop","player_choice":"Gather Gold","floor":3,"damage_taken":0},{"event_name":"Liars Game","player_choice":"agreed","floor":4,"damage_taken":0},{"event_name":"Dead Adventurer","player_choice":"Searched \u00271\u0027 times","floor":14,"damage_taken":0},{"event_name":"Drug Dealer","player_choice":"Inject Mutagens","floor":20,"damage_taken":0},{"event_name":"Vampires","player_choice":"Became a vampire","floor":22,"damage_taken":0},{"event_name":"Ghosts","player_choice":"Ignored","floor":27,"damage_taken":0},{"event_name":"Addict","player_choice":"Obtained Relic","floor":31,"damage_taken":0},{"event_name":"Designer","player_choice":"Remove Card","floor":37,"damage_taken":0},{"event_name":"Mysterious Sphere","player_choice":"Ignore","floor":38,"damage_taken":0}],"is_beta":false,"boss_relics":[{"not_picked":["Runic Pyramid","Lizard Tail"],"picked":"Busted Crown"},{"not_picked":["Cursed Key","Pandora\u0027s Box"],"picked":"Sozu"}],"items_purged_floors":[10,30],"is_endless":false,"potions_floor_spawned":[12,16,19,33,36],"killed_by":"Reptomancer","ascension_level":18}