{"gold_per_floor":[11,23,41,41,41,41,41,74,74,74,92,131,131,172,172,295,358,382,382,105,105,105,105,120,135,135,135,148,148,161,161,161,161],"floor_reached":33,"playtime":3904,"items_purged":["Strike_R"],"score":354,"play_id":"eaaaea36-e2db-4ab8-9059-94c9b0aa584b","local_time":"20190426001852","is_ascension_mode":true,"campfire_choices":[{"data":"Bludgeon","floor":6,"key":"SMITH"},{"data":"Bash","floor":10,"key":"SMITH"},{"floor":13,"key":"REST"},{"data":"Inflame","floor":15,"key":"SMITH"},{"data":"Body Slam","floor":23,"key":"SMITH"},{"data":"Armaments","floor":27,"key":"SMITH"},{"data":"Barricade","floor":29,"key":"SMITH"},{"data":"Disarm","floor":32,"key":"SMITH"}],"neow_cost":"NO_GOLD","seed_source_timestamp":2768940058054483,"circlet_count":0,"master_deck":["Strike_R","Strike_R","Defend_R+1","Defend_R","Defend_R","Defend_R","Bash+1","Intimidate","Bludgeon+1","Anger","Disarm+1","Disarm","Flame Barrier","Feed","Inflame+1","Barricade+1","Body Slam+1","Headbutt","Power Through","Inflame+1","Armaments+1","Limit Break"],"relics":["Burning Blood","Bloody Idol","Pear","Bag of Marbles","PreservedInsect","Art of War","Tiny House","Strange Spoon","Mercury Hourglass"],"potions_floor_usage":[12,14,18,18,28,28,33],"damage_taken":[{"damage":5,"enemies":"2 Louse","floor":1,"turns":3},{"damage":7,"enemies":"Jaw Worm","floor":2,"turns":2},{"damage":4,"enemies":"Small Slimes","floor":3,"turns":2},{"damage":21,"enemies":"Lagavulin","floor":8,"turns":6},{"damage":3,"enemies":"Looter","floor":11,"turns":3},{"damage":24,"enemies":"Gremlin Nob","floor":12,"turns":4},{"damage":4,"enemies":"Lagavulin","floor":14,"turns":5},{"damage":16,"enemies":"Hexaghost","floor":16,"turns":12},{"damage":10,"enemies":"3 Byrds","floor":18,"turns":8},{"damage":11,"enemies":"Spheric Guardian","floor":24,"turns":3},{"damage":12,"enemies":"Centurion and Healer","floor":25,"turns":8},{"damage":4,"enemies":"Cultist and Chosen","floor":28,"turns":6},{"damage":18,"enemies":"Chosen and Byrds","floor":30,"turns":8},{"damage":94,"enemies":"Automaton","floor":33,"turns":10}],"seed_played":"-5954831343665439975","potions_obtained":[{"floor":2,"key":"Dexterity Potion"},{"floor":11,"key":"SpeedPotion"},{"floor":12,"key":"BloodPotion"},{"floor":16,"key":"Ancient Potion"},{"floor":17,"key":"Strength Potion"},{"floor":24,"key":"Energy Potion"},{"floor":25,"key":"AttackPotion"},{"floor":30,"key":"Ancient Potion"}],"is_trial":false,"path_per_floor":["M","M","M","?","?","R","$","E","T","R","M","E","R","E","R","B",null,"M","?","$","?","?","R","M","M","T","R","M","R","M","?","R","B"],"character_chosen":"IRONCLAD","items_purchased":["Strange Spoon"],"campfire_rested":1,"item_purchase_floors":[20],"current_hp_per_floor":[80,79,80,60,45,45,45,30,30,30,33,15,42,53,53,43,83,82,82,82,82,82,82,82,84,84,84,95,95,91,91,91,0],"gold":161,"neow_bonus":"TRANSFORM_TWO_CARDS","is_prod":false,"is_daily":false,"chose_seed":false,"campfire_upgraded":7,"win_rate":0,"timestamp":1556255932,"path_taken":["M","M","M","?","?","R","?","E","T","R","M","E","R","E","R","BOSS","M","?","$","?","?","R","M","M","T","R","M","R","M","?","R","BOSS"],"build_version":"2019-01-23","purchased_purges":1,"victory":false,"max_hp_per_floor":[80,80,80,80,90,90,90,90,90,90,90,90,90,90,90,90,95,98,98,98,98,98,98,98,101,101,101,105,105,108,108,108,108],"card_choices":[{"not_picked":["Twin Strike","Warcry"],"picked":"Anger","floor":1},{"not_picked":["Cleave","Flex","Heavy Blade"],"picked":"SKIP","floor":2},{"not_picked":["Second Wind","Perfected Strike"],"picked":"Disarm","floor":3},{"not_picked":["Immolate","Bloodletting"],"picked":"Disarm","floor":8},{"not_picked":["Battle Trance","Pummel"],"picked":"Flame Barrier","floor":11},{"not_picked":["Sentinel","Bloodletting"],"picked":"Feed","floor":12},{"not_picked":["Flex","Anger"],"picked":"Inflame","floor":14},{"not_picked":["Reaper","Offering"],"picked":"Barricade","floor":16},{"not_picked":["Reckless Charge","Seeing Red"],"picked":"Body Slam","floor":17},{"not_picked":["Pommel Strike","Cleave"],"picked":"Headbutt","floor":18},{"not_picked":["Dual Wield","Perfected Strike"],"picked":"Inflame+1","floor":24},{"not_picked":["Thunderclap","Cleave"],"picked":"Armaments","floor":25},{"not_picked":["Heavy Blade","Body Slam"],"picked":"Limit Break","floor":28},{"not_picked":["Perfected Strike","Headbutt","Rupture+1"],"picked":"SKIP","floor":30}],"player_experience":236625,"relics_obtained":[{"floor":8,"key":"Bag of Marbles"},{"floor":12,"key":"PreservedInsect"},{"floor":14,"key":"Art of War"},{"floor":26,"key":"Mercury Hourglass"}],"event_choices":[{"damage_healed":0,"gold_gain":0,"player_choice":"Take Damage","damage_taken":20,"relics_obtained":["Golden Idol"],"max_hp_gain":0,"max_hp_loss":0,"event_name":"Golden Idol","floor":4,"gold_loss":0},{"damage_healed":0,"gold_gain":0,"player_choice":"Success","damage_taken":25,"relics_obtained":["Pear"],"max_hp_gain":0,"max_hp_loss":0,"event_name":"Scrap Ooze","floor":5,"gold_loss":0},{"damage_healed":0,"gold_gain":0,"player_choice":"Ignored","damage_taken":0,"max_hp_gain":0,"max_hp_loss":0,"event_name":"Vampires","floor":19,"gold_loss":0},{"damage_healed":0,"gold_gain":0,"player_choice":"Read","damage_taken":0,"max_hp_gain":0,"max_hp_loss":0,"event_name":"The Library","floor":21,"gold_loss":0,"cards_obtained":["Power Through"]},{"damage_healed":0,"gold_gain":0,"player_choice":"Gave Idol","damage_taken":0,"relics_obtained":["Bloody Idol"],"max_hp_gain":0,"max_hp_loss":0,"event_name":"Forgotten Altar","floor":22,"relics_lost":["Golden Idol"],"gold_loss":0},{"damage_healed":0,"gold_gain":0,"player_choice":"Ignored","damage_taken":0,"max_hp_gain":0,"max_hp_loss":0,"event_name":"The Mausoleum","floor":31,"gold_loss":0}],"is_beta":false,"boss_relics":[{"not_picked":["Runic Pyramid","Lizard Tail"],"picked":"Tiny House"}],"items_purged_floors":[20],"is_endless":false,"potions_floor_spawned":[2,11,12,16,24,25,30],"killed_by":"Automaton","ascension_level":5}