{"path_per_floor":["M","?","M","M","M","R","M","$","T","M","R","M","?","M","R","B",null,"M","M","?","?","M","R","M","E","T","R","M","R","$","M","R","B",null,"M","M"],"character_chosen":"THE_SILENT","items_purchased":["Well Laid Plans","Torii","Acrobatics"],"gold_per_floor":[219,219,233,251,264,264,278,169,216,233,233,251,251,261,261,361,361,361,361,361,361,361,361,361,361,361,361,361,361,1,1,1,1,1,1,1],"floor_reached":37,"campfire_rested":1,"playtime":5916,"current_hp_per_floor":[69,62,55,52,48,48,28,28,28,26,47,42,42,44,44,42,70,70,53,53,53,55,55,53,55,55,55,57,57,57,57,57,58,70,63,65],"items_purged":["Strike_G"],"gold":1,"score":474,"play_id":"7981881a-81c8-45c6-b39e-75496b63d838","local_time":"20180313005859","is_prod":false,"is_daily":false,"is_ascension_mode":true,"campfire_upgraded":6,"timestamp":1520899139,"path_taken":["M","?","M","M","M","R","M","$","T","M","R","M","?","M","R","BOSS","M","M","?","?","?","R","M","E","T","R","M","R","$","M","R","BOSS","M","M","?"],"build_version":"2018-03-09","purchased_purges":1,"victory":false,"master_deck":["Defend_G","Defend_G","Defend_G","Defend_G","Defend_G","Strike_G","Strike_G","Survivor","Neutralize+1","Outmaneuver","Noxious Fumes+1","Blur","Prepared","Backflip","Well Laid Plans","Flying Knee","Backflip","Grand Finale","Setup+1","Backflip+1","Expertise+1","Calculated Gamble+1","Well Laid Plans","Bouncing Flask+1","Acrobatics","Corpse Explosion","Well Laid Plans","Concentrate+1"],"max_hp_per_floor":[70,70,70,70,70,70,70,70,70,70,70,70,70,70,70,70,70,70,70,70,70,70,70,70,70,70,70,70,70,70,70,70,70,70,70,70],"relics":["Ring of the Snake","Blood Vial","Ectoplasm","Darkstone Periapt","Mummified Hand","Torii","Runic Dome"],"card_choices":[{"not_picked":["PiercingWail","Dagger Throw"],"picked":"Outmaneuver"},{"not_picked":["PiercingWail","Dodge and Roll"],"picked":"Noxious Fumes"},{"not_picked":["Sucker Punch","Slice"],"picked":"Blur"},{"not_picked":["Distraction","Dagger Throw"],"picked":"Prepared"},{"not_picked":["Choke","Die Die Die"],"picked":"Backflip"},{"not_picked":["Prepared","Dagger Spray"],"picked":"Flying Knee"},{"not_picked":["Expertise","Poisoned Stab"],"picked":"Backflip"},{"not_picked":["Glass Knife","Bullet Time"],"picked":"Grand Finale"},{"not_picked":["Flechettes","Slice"],"picked":"Setup"},{"not_picked":["Deflect","Poisoned Stab"],"picked":"Backflip"},{"not_picked":["Reflex","Eviscerate"],"picked":"Expertise"},{"not_picked":["Underhanded Strike","Backstab"],"picked":"Calculated Gamble"},{"not_picked":["Crippling Poison","Poisoned Stab"],"picked":"Well Laid Plans"},{"not_picked":["Expertise","Reflex"],"picked":"Bouncing Flask"},{"not_picked":["Envenom","A Thousand Cuts"],"picked":"Corpse Explosion"},{"not_picked":["Slice","Bane"],"picked":"Well Laid Plans"},{"not_picked":["Underhanded Strike","Envenom"],"picked":"Concentrate"}],"player_experience":148799,"potions_floor_usage":[5,14,16,24],"damage_taken":[{"damage":1,"enemies":"Jaw Worm","floor":1,"turns":9},{"damage":7,"enemies":"Small Slimes","floor":3,"turns":6},{"damage":3,"enemies":"2 Louse","floor":4,"turns":4},{"damage":4,"enemies":"Red Slaver","floor":5,"turns":6},{"damage":20,"enemies":"Gremlin Gang","floor":7,"turns":9},{"damage":4,"enemies":"Looter","floor":10,"turns":5},{"damage":7,"enemies":"Exordium Thugs","floor":12,"turns":7},{"damage":0,"enemies":"3 Louse","floor":14,"turns":5},{"damage":4,"enemies":"The Guardian","floor":16,"turns":13},{"damage":0,"enemies":"Chosen","floor":18,"turns":5},{"damage":17,"enemies":"Spheric Guardian","floor":19,"turns":5},{"damage":0,"enemies":"Snake Plant","floor":22,"turns":6},{"damage":4,"enemies":"Slaver and Parasite","floor":24,"turns":6},{"damage":0,"enemies":"Gremlin Leader","floor":25,"turns":9},{"damage":0,"enemies":"Chosen and Byrds","floor":28,"turns":7},{"damage":2,"enemies":"Snake Plant","floor":31,"turns":4},{"damage":1,"enemies":"Collector","floor":33,"turns":8},{"damage":7,"enemies":"3 Darklings","floor":35,"turns":4},{"damage":0,"enemies":"3 Shapes","floor":36,"turns":4},{"damage":70,"enemies":"Mysterious Sphere","floor":37,"turns":5}],"event_choices":[{"event_name":"Golden Wing","player_choice":"Card Removal","floor":2,"damage_taken":0},{"event_name":"The Lab","player_choice":"Got Potions","floor":13,"damage_taken":0},{"event_name":"Back to Basics","player_choice":"Elegance","floor":20,"damage_taken":0},{"event_name":"Drug Dealer","player_choice":"Ignored","floor":21,"damage_taken":0},{"event_name":"Mysterious Sphere","player_choice":"Fight","floor":37,"damage_taken":0}],"boss_relics":[{"not_picked":["Runic Pyramid","Lizard Tail"],"picked":"Ectoplasm"},{"not_picked":["Tiny House","Snecko Eye"],"picked":"Runic Dome"}],"potions_floor_spawned":[3,4,7,12,16,19,31,33,36],"seed_played":"6915015224100108132","killed_by":"Mysterious Sphere","ascension_level":3,"is_trial":false}