{"gold_per_floor":[115,40,40,40,54,54,54,90,90,31,45,45,45,64,64,162,225,241,241,20,46,65,65,28,67,67,100,127,127,127,52,52,52],"floor_reached":33,"playtime":830,"items_purged":[],"score":540,"play_id":"def55a4b-e681-4e95-beb8-c7b0b6aa0053","local_time":"20190427001609","is_ascension_mode":true,"campfire_choices":[{"data":"Flame Barrier","floor":6,"key":"SMITH"},{"data":"Armaments","floor":13,"key":"SMITH"},{"data":"Clash","floor":15,"key":"SMITH"},{"data":"Armaments","floor":23,"key":"SMITH"},{"floor":32,"key":"REST"}],"neow_cost":"CURSE","seed_source_timestamp":3410472276293061,"circlet_count":0,"master_deck":["AscendersBane","Strike_R","Strike_R+1","Strike_R","Strike_R","Defend_R","Defend_R","Defend_R","Bash+1","Cleave","Sever Soul+1","Armaments+1","Flame Barrier+1","Armaments+1","Clash+1","Cleave","Shrug It Off","Anger","Fire Breathing","Rage","Seeing Red"],"relics":["Burning Blood","Meat on the Bone","Golden Idol","Bag of Preparation","Bronze Scales","Shuriken","Tiny House","Red Skull","PreservedInsect","Ancient Tea Set","Paper Frog","Bag of Marbles","Whetstone"],"potions_floor_usage":[8,16,16,33,33],"damage_taken":[{"damage":8,"enemies":"2 Louse","floor":1,"turns":2},{"damage":2,"enemies":"Jaw Worm","floor":5,"turns":3},{"damage":44,"enemies":"Lagavulin","floor":8,"turns":6},{"damage":4,"enemies":"Small Slimes","floor":11,"turns":3},{"damage":0,"enemies":"2 Fungi Beasts","floor":14,"turns":2},{"damage":17,"enemies":"Hexaghost","floor":16,"turns":8},{"damage":13,"enemies":"Chosen","floor":18,"turns":5},{"damage":25,"enemies":"Spheric Guardian","floor":22,"turns":4},{"damage":18,"enemies":"Gremlin Leader","floor":25,"turns":4},{"damage":42,"enemies":"Slavers","floor":27,"turns":3},{"damage":47,"enemies":"Automaton","floor":33,"turns":6}],"seed_played":"-8471854471690332684","potions_obtained":[{"floor":5,"key":"FearPotion"},{"floor":11,"key":"Strength Potion"},{"floor":14,"key":"SkillPotion"},{"floor":17,"key":"Dexterity Potion"}],"is_trial":false,"path_per_floor":["M","?","?","?","M","R","?","E","T","$","M","?","R","M","R","B",null,"M","?","$","T","M","R","$","E","T","E","T","?","?","$","R","B"],"character_chosen":"IRONCLAD","items_purchased":["Armaments","Red Skull","Dexterity Potion","Fire Breathing","Seeing Red"],"campfire_rested":1,"item_purchase_floors":[10,20,20,24,31],"current_hp_per_floor":[66,66,48,48,52,52,52,26,26,26,40,45,45,51,51,52,73,66,66,66,66,47,47,47,47,47,23,23,23,23,23,46,0],"gold":52,"neow_bonus":"TRANSFORM_TWO_CARDS","is_prod":false,"is_daily":false,"chose_seed":false,"campfire_upgraded":4,"win_rate":0,"timestamp":1556320569,"path_taken":["M","?","?","?","M","R","?","E","T","?","M","?","R","M","R","BOSS","M","?","$","?","M","R","$","E","T","E","?","?","?","?","R","BOSS"],"build_version":"2019-01-23","purchased_purges":0,"victory":false,"max_hp_per_floor":[75,75,75,68,68,68,68,68,68,68,68,73,73,73,73,73,78,78,78,78,78,78,78,78,78,78,78,78,78,78,78,78,78],"card_choices":[{"not_picked":["Havoc","Sentinel"],"picked":"Armaments","floor":1},{"not_picked":["Flex","Headbutt"],"picked":"Flame Barrier","floor":5},{"not_picked":["Reckless Charge","Perfected Strike","Barricade"],"picked":"SKIP","floor":8},{"not_picked":["Iron Wave","Sword Boomerang"],"picked":"Clash","floor":11},{"not_picked":["Spot Weakness","True Grit"],"picked":"Cleave","floor":14},{"not_picked":["Armaments","Clash"],"picked":"Shrug It Off","floor":17},{"not_picked":["Flex","Clash","Sword Boomerang"],"picked":"SKIP","floor":18},{"not_picked":["Pummel","Rage"],"picked":"Anger","floor":22},{"not_picked":["Spot Weakness+1","Flex","Dropkick"],"picked":"SKIP","floor":25},{"not_picked":["Entrench","Shockwave"],"picked":"Rage","floor":27}],"player_experience":679995,"relics_obtained":[{"floor":8,"key":"Bronze Scales"},{"floor":9,"key":"Shuriken"},{"floor":21,"key":"PreservedInsect"},{"floor":25,"key":"Ancient Tea Set"},{"floor":26,"key":"Paper Frog"},{"floor":27,"key":"Bag of Marbles"},{"floor":28,"key":"Whetstone"}],"event_choices":[{"cards_removed":["Decay"],"damage_healed":0,"gold_gain":0,"player_choice":"Card Removal","damage_taken":0,"max_hp_gain":0,"max_hp_loss":0,"event_name":"The Cleric","floor":2,"gold_loss":75},{"damage_healed":0,"gold_gain":0,"player_choice":"Success","damage_taken":18,"relics_obtained":["Meat on the Bone"],"max_hp_gain":0,"max_hp_loss":0,"event_name":"Scrap Ooze","floor":3,"gold_loss":0},{"damage_healed":0,"gold_gain":0,"player_choice":"Lose Max HP","damage_taken":0,"relics_obtained":["Golden Idol"],"max_hp_gain":0,"max_hp_loss":7,"event_name":"Golden Idol","floor":4,"gold_loss":0},{"damage_healed":0,"gold_gain":0,"player_choice":"Searched \u00271\u0027 times","damage_taken":0,"relics_obtained":["Bag of Preparation"],"max_hp_gain":0,"max_hp_loss":0,"event_name":"Dead Adventurer","floor":7,"gold_loss":0},{"damage_healed":0,"gold_gain":0,"player_choice":"Donut","damage_taken":0,"max_hp_gain":5,"max_hp_loss":0,"event_name":"Big Fish","floor":12,"gold_loss":0},{"damage_healed":0,"gold_gain":0,"player_choice":"Ignored","damage_taken":0,"max_hp_gain":0,"max_hp_loss":0,"event_name":"N\u0027loth","floor":19,"gold_loss":0},{"damage_healed":0,"gold_gain":0,"player_choice":"Ignored","damage_taken":0,"max_hp_gain":0,"max_hp_loss":0,"event_name":"Vampires","floor":29,"gold_loss":0},{"damage_healed":0,"gold_gain":0,"player_choice":"Ignored","damage_taken":0,"max_hp_gain":0,"max_hp_loss":0,"event_name":"The Mausoleum","floor":30,"gold_loss":0}],"is_beta":false,"boss_relics":[{"not_picked":["Eternal Feather","Ectoplasm"],"picked":"Tiny House"}],"items_purged_floors":[],"is_endless":false,"potions_floor_spawned":[5,11,14,22],"killed_by":"Automaton","ascension_level":19}