{"gold_per_floor":[144,144,194,239,239,239,139,184,184,84,109,154,199,244,244,544,544,589,504,59,104,149,239,284,374,374,419,464,539,156,201,201,501,501,546,546,591,591,217,307,352,352,377,467,512,557,602,647,647,647],"floor_reached":51,"playtime":7333,"items_purged":["Strike_G","Strike_G","Strike_G","Strike_G","Strike_G"],"score":895,"play_id":"25a2b68b-ba5f-4cf1-ace2-21751a0761c2","local_time":"20180722163154","daily_mods":["Allstar","Midas","Lethality"],"is_ascension_mode":false,"campfire_choices":[{"floor":6,"key":"REST"},{"floor":15,"key":"REST"},{"floor":32,"key":"REST"},{"floor":42,"key":"REST"},{"floor":49,"key":"REST"}],"neow_cost":"","seed_source_timestamp":0,"circlet_count":0,"master_deck":["Defend_G","Defend_G","Defend_G","Defend_G","Survivor","Neutralize","Secret Technique","Secret Weapon","Apotheosis+1","Finesse","Secret Weapon","Catalyst","Bouncing Flask","Reflex","Deflect","Blur","Deadly Poison","Well Laid Plans","Dagger Spray","Venomology","Masterful Stab+1","Blur","Terror+1","PiercingWail","Envenom","Acrobatics","Leg Sweep+1","Dash","Noxious Fumes","Escape Plan","Adrenaline","Acrobatics+1","Bane","Escape Plan","Caltrops","Catalyst+1","Catalyst"],"special_seed":17734,"relics":["Ring of the Snake","Pen Nib","Blood Vial","Bronze Scales","Philosopher\u0027s Stone","Omamori","DollysMirror","Tiny Chest","Dream Catcher","Ninja Scroll","Regal Pillow","Toy Ornithopter","Black Star","Art of War","Bag of Preparation","Bag of Marbles","Boot","Oddly Smooth Stone","Orichalcum"],"potions_floor_usage":[21,21,22,23,24,25,25,25,27,28,31,33,35,37,40,41,44,45,46,47,50,50,50],"damage_taken":[{"damage":0,"enemies":"Jaw Worm","floor":1,"turns":2},{"damage":0,"enemies":"2 Louse","floor":4,"turns":2},{"damage":0,"enemies":"Cultist","floor":8,"turns":2},{"damage":2,"enemies":"2 Fungi Beasts","floor":12,"turns":2},{"damage":14,"enemies":"Lots of Slimes","floor":13,"turns":5},{"damage":0,"enemies":"Exordium Wildlife","floor":14,"turns":3},{"damage":0,"enemies":"The Guardian","floor":16,"turns":7},{"damage":7,"enemies":"Shell Parasite","floor":18,"turns":4},{"damage":0,"enemies":"3 Byrds","floor":21,"turns":3},{"damage":7,"enemies":"3 Cultists","floor":22,"turns":4},{"damage":11,"enemies":"Gremlin Leader","floor":23,"turns":6},{"damage":1,"enemies":"Centurion and Healer","floor":24,"turns":8},{"damage":1,"enemies":"Book of Stabbing","floor":25,"turns":4},{"damage":1,"enemies":"Snecko","floor":27,"turns":3},{"damage":0,"enemies":"Slaver and Parasite","floor":28,"turns":4},{"damage":10,"enemies":"Centurion and Healer","floor":31,"turns":7},{"damage":0,"enemies":"Automaton","floor":33,"turns":9},{"damage":11,"enemies":"3 Darklings","floor":35,"turns":5},{"damage":0,"enemies":"3 Shapes","floor":37,"turns":5},{"damage":29,"enemies":"2 Orb Walkers","floor":40,"turns":5},{"damage":0,"enemies":"Spire Growth","floor":41,"turns":4},{"damage":12,"enemies":"Nemesis","floor":44,"turns":5},{"damage":0,"enemies":"Maw","floor":45,"turns":5},{"damage":0,"enemies":"4 Shapes","floor":46,"turns":4},{"damage":2,"enemies":"3 Darklings","floor":47,"turns":4},{"damage":0,"enemies":"Transient","floor":48,"turns":5},{"damage":7,"enemies":"Donu and Deca","floor":50,"turns":7}],"seed_played":"-8213505433300872967","potions_obtained":[{"floor":4,"key":"Weak Potion"},{"floor":13,"key":"GamblersBrew"},{"floor":16,"key":"LiquidBronze"},{"floor":21,"key":"Explosive Potion"},{"floor":25,"key":"Swift Potion"},{"floor":27,"key":"Fire Potion"},{"floor":33,"key":"Swift Potion"},{"floor":40,"key":"Energy Potion"},{"floor":45,"key":"EntropicBrew"}],"is_trial":false,"path_per_floor":["M","?","T","M","?","R","$","M","T","$","T","M","M","M","R","B",null,"M","?","$","M","M","E","M","E","T","M","M","?","$","M","R","B",null,"M","?","M","?","$","E","M","R","T","E","M","M","M","M","R","B"],"character_chosen":"THE_SILENT","items_purchased":["Deflect","DollysMirror","Tiny Chest","Noxious Fumes","Toy Ornithopter","Bane","Art of War"],"campfire_rested":5,"item_purchase_floors":[7,20,20,30,30,39,39],"current_hp_per_floor":[70,70,70,70,70,70,70,70,70,70,70,68,56,58,70,70,70,63,63,63,65,60,51,67,68,68,69,70,63,63,58,70,70,70,59,70,70,70,70,58,63,70,70,58,63,68,70,70,70,66],"gold":647,"neow_bonus":"","is_prod":false,"is_daily":true,"chose_seed":false,"campfire_upgraded":0,"win_rate":0,"timestamp":1532287914,"path_taken":["M","?","?","?","?","R","$","M","T","$","?","M","M","M","R","BOSS","M","?","$","M","M","E","M","E","T","M","?","?","$","M","R","BOSS","M","?","M","?","$","E","M","R","T","E","M","?","M","M","R","BOSS"],"build_version":"2018-07-19v2","purchased_purges":5,"victory":true,"max_hp_per_floor":[70,70,70,70,70,70,70,70,70,70,70,70,70,70,70,70,70,70,70,70,70,70,70,70,70,70,70,70,70,70,70,70,70,70,70,70,70,70,70,70,70,70,70,70,70,70,70,70,70,70],"card_choices":[{"not_picked":["Dagger Throw","Dodge and Roll"],"picked":"Catalyst","floor":1},{"not_picked":["Outmaneuver","Underhanded Strike"],"picked":"Bouncing Flask","floor":4},{"not_picked":["Terror","Footwork"],"picked":"Blur","floor":8},{"not_picked":["Underhanded Strike","Reflex"],"picked":"Deadly Poison","floor":12},{"not_picked":["Slice","Underhanded Strike"],"picked":"Well Laid Plans","floor":13},{"not_picked":["Doppelganger","Underhanded Strike"],"picked":"Dagger Spray","floor":14},{"not_picked":["Unload","Doppelganger"],"picked":"Venomology","floor":16},{"not_picked":["Accuracy","Prepared"],"picked":"Masterful Stab+1","floor":18},{"not_picked":["Distraction","PiercingWail"],"picked":"Terror+1","floor":21},{"not_picked":["Infinite Blades","Quick Slash"],"picked":"PiercingWail","floor":22},{"not_picked":["Backstab","Setup"],"picked":"Envenom","floor":23},{"not_picked":["Backstab","Poisoned Stab+1"],"picked":"Acrobatics","floor":24},{"not_picked":["Underhanded Strike","Infinite Blades"],"picked":"Leg Sweep+1","floor":25},{"not_picked":["Quick Slash","Outmaneuver+1"],"picked":"Dash","floor":27},{"not_picked":["Prepared","Cloak And Dagger","Dodge and Roll+1"],"picked":"SKIP","floor":28},{"not_picked":["PiercingWail","Noxious Fumes"],"picked":"Escape Plan","floor":31},{"not_picked":["Malaise","Envenom"],"picked":"Adrenaline","floor":33},{"not_picked":["Sucker Punch+1","Dodge and Roll"],"picked":"Acrobatics+1","floor":35},{"not_picked":["Dagger Throw+1","Prepared","Dodge and Roll+1"],"picked":"SKIP","floor":37},{"not_picked":["Acrobatics","Well Laid Plans"],"picked":"Escape Plan","floor":40},{"not_picked":["Cloak And Dagger","PiercingWail"],"picked":"Caltrops","floor":41},{"not_picked":["Tools of the Trade","Underhanded Strike+1"],"picked":"Catalyst+1","floor":44},{"not_picked":["Bane+1","Eviscerate+1","Dodge and Roll+1"],"picked":"SKIP","floor":45},{"not_picked":["PiercingWail+1","Slice","Underhanded Strike+1"],"picked":"SKIP","floor":46},{"not_picked":["PiercingWail+1","Dagger Throw","Expertise+1"],"picked":"SKIP","floor":47},{"not_picked":["Flying Knee+1","Eviscerate","Deadly Poison"],"picked":"SKIP","floor":48},{"not_picked":["Backstab","Acrobatics+1"],"picked":"Catalyst","floor":49}],"player_experience":299279,"relics_obtained":[{"floor":3,"key":"Pen Nib"},{"floor":9,"key":"Blood Vial"},{"floor":11,"key":"Bronze Scales"},{"floor":23,"key":"Dream Catcher"},{"floor":25,"key":"Ninja Scroll"},{"floor":26,"key":"Regal Pillow"},{"floor":40,"key":"Bag of Preparation"},{"floor":40,"key":"Bag of Marbles"},{"floor":43,"key":"Boot"},{"floor":44,"key":"Oddly Smooth Stone"},{"floor":44,"key":"Orichalcum"}],"event_choices":[{"event_name":"Living Wall","player_choice":"Grow","floor":2,"damage_taken":0},{"event_name":"Match and Keep!","player_choice":"1 cards matched","floor":5,"damage_taken":0},{"event_name":"Addict","player_choice":"Obtained Relic","floor":19,"damage_taken":0},{"event_name":"FaceTrader","player_choice":"Touch","floor":29,"damage_taken":0},{"event_name":"Winding Halls","player_choice":"Writhe","floor":36,"damage_taken":0},{"event_name":"Falling","player_choice":"Removed Skill","floor":38,"damage_taken":0}],"is_beta":false,"boss_relics":[{"not_picked":["Calling Bell","Empty Cage"],"picked":"Philosopher\u0027s Stone"},{"not_picked":["Orrery","Eternal Feather"],"picked":"Black Star"}],"items_purged_floors":[7,10,20,30,39],"is_endless":false,"potions_floor_spawned":[4,13,16,21,24,25,27,31,33,35,40,45],"ascension_level":0}