{"path_per_floor":["M","?","M","M","M","E","R","?","T","$","M","?","E","M","R","B",null,"M","M","M","$","M","R"],"character_chosen":"THE_SILENT","items_purchased":["Flying Knee","Paper Crane"],"gold_per_floor":[112,112,131,150,162,196,196,196,196,97,114,79,141,152,152,253,253,263,275,292,39,51,51],"floor_reached":24,"campfire_rested":2,"playtime":2144,"current_hp_per_floor":[70,63,51,51,48,34,55,37,37,37,36,53,28,27,48,2,70,67,51,37,37,47,47],"items_purged":["Strike_G"],"gold":51,"play_id":"2ddc8827-f5d1-4a99-9a83-790f1958c980","is_prod":false,"is_daily":false,"campfire_rituals":0,"campfire_upgraded":1,"is_hardmode":false,"path_taken":["M","?","M","?","M","E","R","?","T","$","M","?","E","M","R","BOSS","M","M","M","?","M","R","E"],"build_version":"2018-01-05-BETA1","purchased_purges":1,"victory":false,"master_deck":["Defend_G","Defend_G","Defend_G","Defend_G","Defend_G","Strike_G","Strike_G","Strike_G","Survivor","Neutralize","Dagger Throw","PiercingWail","Sucker Punch","Envenom","Flying Knee","Infinite Blades","Blade Dance","Deadly Poison","Bullet Time","Catalyst","Backflip","Backflip","Footwork"],"max_hp_per_floor":[70,70,70,70,70,70,70,70,70,70,70,70,70,70,70,70,70,70,70,70,70,70,70],"relics":["Ring of the Snake","Gremlin Horn","Singing Bowl","Torii","Tiny Chest","The Specimen","Paper Crane"],"campfire_meditates":0,"card_choices":[{"not_picked":["Dash","Outmaneuver"],"picked":"Dagger Throw"},{"not_picked":["Slice","Sucker Punch"],"picked":"PiercingWail"},{"not_picked":["Underhanded Strike","Escape Plan"],"picked":"Sucker Punch"},{"not_picked":["Blur","Catalyst"],"picked":"Envenom"},{"not_picked":["Blur","Poisoned Stab"],"picked":"Infinite Blades"},{"not_picked":["Underhanded Strike","Flechettes"],"picked":"Blade Dance"},{"not_picked":["Underhanded Strike","Escape Plan"],"picked":"Deadly Poison"},{"not_picked":["Corpse Explosion","Burst"],"picked":"Bullet Time"},{"not_picked":["Slice","Predator"],"picked":"Catalyst"},{"not_picked":["Deadly Poison","Bouncing Flask"],"picked":"Backflip"},{"not_picked":["Deadly Poison","Unload"],"picked":"Backflip"},{"not_picked":["Backstab","Riddle With Holes"],"picked":"Footwork"}],"player_experience":92159,"potions_floor_usage":[6,16,22,24,24],"damage_taken":[{"damage":0,"enemies":"Cultist","floor":1,"turns":5},{"damage":12,"enemies":"Blue Slaver","floor":3,"turns":5},{"damage":0,"enemies":"Small Slimes","floor":4,"turns":4},{"damage":3,"enemies":"2 Fungi Beasts","floor":5,"turns":5},{"damage":14,"enemies":"3 Sentries","floor":6,"turns":12},{"damage":1,"enemies":"Lots of Slimes","floor":11,"turns":5},{"damage":25,"enemies":"Gremlin Nob","floor":13,"turns":5},{"damage":1,"enemies":"Large Slime","floor":14,"turns":6},{"damage":46,"enemies":"The Guardian","floor":16,"turns":11},{"damage":3,"enemies":"Chosen","floor":18,"turns":6},{"damage":16,"enemies":"3 Byrds","floor":19,"turns":7},{"damage":14,"enemies":"Snake Plant","floor":20,"turns":5},{"damage":5,"enemies":"Centurion and Healer","floor":22,"turns":8},{"damage":68,"enemies":"Slavers","floor":24,"turns":6}],"event_choices":[{"event_name":"Golden Wing","player_choice":"Card Removal","floor":2,"damage_taken":0},{"event_name":"Scrap Ooze","player_choice":"success","floor":8,"damage_taken":18},{"event_name":"The Cleric","player_choice":"Healed","floor":12,"damage_taken":0}],"boss_relics":[{"not_picked":["Astrolabe","White Beast Statue"],"picked":"The Specimen"}],"potions_floor_spawned":[4,6,13,16,19,22],"seed_played":"-3692649655918381473","killed_by":"Slavers","is_trial":false}