{"gold_per_floor":[119,119,119,119,84,109,127,127,180,213,213,230,230,256,256,256],"floor_reached":16,"playtime":588,"items_purged":[],"score":209,"play_id":"bcf6a39d-070a-4f46-b0fd-cab737f8ac89","local_time":"20190201182606","is_ascension_mode":true,"campfire_choices":[{"data":"Multi-Cast","floor":8,"key":"SMITH"},{"data":"Cold Snap","floor":11,"key":"SMITH"},{"data":"Compile Driver","floor":13,"key":"SMITH"},{"floor":15,"key":"REST"}],"neow_cost":"NONE","seed_source_timestamp":87313961649538,"circlet_count":0,"master_deck":["AscendersBane","Strike_B","Strike_B","Strike_B","Strike_B","Defend_B","Defend_B","Defend_B","Defend_B","Zap","Dualcast","Multi-Cast+1","Cold Snap+1","Chill","Compile Driver+1","Cold Snap","Skim"],"relics":["Cracked Core","Vajra","Bag of Marbles","Lantern","The Courier"],"potions_floor_usage":[14,16],"damage_taken":[{"damage":10,"enemies":"Cultist","floor":1,"turns":5},{"damage":37,"enemies":"Lagavulin","floor":6,"turns":9},{"damage":0,"enemies":"Small Slimes","floor":7,"turns":3},{"damage":8,"enemies":"3 Sentries","floor":10,"turns":10},{"damage":2,"enemies":"Jaw Worm","floor":12,"turns":2},{"damage":23,"enemies":"Lagavulin","floor":14,"turns":6},{"damage":42,"enemies":"The Guardian","floor":16,"turns":7}],"seed_played":"4750063986538633056","potions_obtained":[{"floor":1,"key":"SteroidPotion"},{"floor":6,"key":"Energy Potion"}],"is_trial":false,"path_per_floor":["M","?","?","?","?","E","M","R","T","E","R","M","R","E","R","B"],"character_chosen":"DEFECT","items_purchased":[],"campfire_rested":1,"item_purchase_floors":[],"current_hp_per_floor":[54,54,59,59,76,39,39,39,39,31,31,29,29,6,28,0],"gold":256,"neow_bonus":"ONE_RANDOM_RARE_CARD","is_prod":false,"is_daily":false,"chose_seed":false,"campfire_upgraded":3,"win_rate":0,"timestamp":1549045566,"path_taken":["M","?","?","?","?","E","M","R","T","E","R","?","R","E","R","BOSS"],"build_version":"2019-01-23","purchased_purges":0,"victory":false,"max_hp_per_floor":[71,71,76,76,76,76,76,76,76,76,76,76,76,76,76,76],"card_choices":[{"not_picked":["Consume","Self Repair"],"picked":"Cold Snap","floor":1},{"not_picked":["Ball Lightning","Static Discharge"],"picked":"Chill","floor":6},{"not_picked":["Force Field","Streamline"],"picked":"Compile Driver","floor":7},{"not_picked":["Streamline","All For One","Hologram"],"picked":"SKIP","floor":10},{"not_picked":["Stack","Reprogram"],"picked":"Cold Snap","floor":12},{"not_picked":["Steam Power","Cold Snap"],"picked":"Skim","floor":14}],"player_experience":506119,"relics_obtained":[{"floor":6,"key":"Vajra"},{"floor":9,"key":"Bag of Marbles"},{"floor":10,"key":"Lantern"},{"floor":14,"key":"The Courier"}],"event_choices":[{"damage_healed":0,"gold_gain":0,"player_choice":"Ignored","damage_taken":0,"max_hp_gain":0,"max_hp_loss":0,"event_name":"Liars Game","floor":2,"gold_loss":0},{"damage_healed":0,"gold_gain":0,"player_choice":"Donut","damage_taken":0,"max_hp_gain":5,"max_hp_loss":0,"event_name":"Big Fish","floor":3,"gold_loss":0},{"damage_healed":0,"gold_gain":0,"player_choice":"Ignored","damage_taken":0,"max_hp_gain":0,"max_hp_loss":0,"event_name":"Golden Idol","floor":4,"gold_loss":0},{"damage_healed":19,"gold_gain":0,"player_choice":"Healed","damage_taken":0,"max_hp_gain":0,"max_hp_loss":0,"event_name":"The Cleric","floor":5,"gold_loss":35}],"is_beta":false,"boss_relics":[],"items_purged_floors":[],"is_endless":false,"potions_floor_spawned":[1,6],"killed_by":"The Guardian","ascension_level":16}