{"path_per_floor":["?","?","?","?","?","?","?","?","?","?","?","?","?","?","?","B",null,"?","?","?","?","?","?","?","?","?","?","?","?","?"],"character_chosen":"IRONCLAD","items_purchased":["Shrug It Off","Bottled Tornado"],"gold_per_floor":[114,129,144,159,174,174,189,189,264,102,117,132,147,147,147,247,247,262,277,277,292,307,367,367,382,432,447,9,9,24],"floor_reached":31,"campfire_rested":0,"playtime":3852,"current_hp_per_floor":[80,75,79,80,80,80,80,80,80,80,80,68,68,73,73,27,85,76,64,64,68,63,23,56,20,20,27,27,27,32],"items_purged":["Strike_R","Strike_R"],"gold":24,"score":282,"play_id":"3cdc077c-c168-4c02-9b98-4042bf898d7d","local_time":"20180303011500","daily_mods":[{"name":"Diverse","description":"Start with 2 cards from another class.","modID":"Diverse","img":{"data":{"file":{"file":{"path":"images/ui/run_mods/diverse.png"},"type":"Internal"},"width":64,"height":64,"format":"RGBA8888","useMipMaps":false,"isPrepared":false},"glTarget":3553,"glHandle":685,"minFilter":"Linear","magFilter":"Linear","uWrap":"ClampToEdge","vWrap":"ClampToEdge"},"positive":true},{"name":"Uncertain Future","description":"The map shows only ?.","modID":"Uncertain Future","img":{"data":{"file":{"file":{"path":"images/ui/run_mods/uncertain_future.png"},"type":"Internal"},"width":64,"height":64,"format":"RGBA8888","useMipMaps":false,"isPrepared":false},"glTarget":3553,"glHandle":679,"minFilter":"Linear","magFilter":"Linear","uWrap":"ClampToEdge","vWrap":"ClampToEdge"},"positive":false},{"name":"Binary","description":"Card rewards contain only 2 cards.","modID":"Binary","img":{"data":{"file":{"file":{"path":"images/ui/run_mods/binary.png"},"type":"Internal"},"width":64,"height":64,"format":"RGBA8888","useMipMaps":false,"isPrepared":false},"glTarget":3553,"glHandle":680,"minFilter":"Linear","magFilter":"Linear","uWrap":"ClampToEdge","vWrap":"ClampToEdge"},"positive":false},{"name":"Vintage","description":"The Merchant\u0027s prices are increased by 25%.","modID":"Vintage","img":{"data":{"file":{"file":{"path":"images/ui/run_mods/vintage.png"},"type":"Internal"},"width":64,"height":64,"format":"RGBA8888","useMipMaps":false,"isPrepared":false},"glTarget":3553,"glHandle":677,"minFilter":"Linear","magFilter":"Linear","uWrap":"ClampToEdge","vWrap":"ClampToEdge"},"positive":false}],"is_prod":false,"is_daily":true,"is_ascension_mode":false,"campfire_upgraded":3,"timestamp":1520032500,"path_taken":["?","?","?","?","?","?","?","?","?","?","?","?","?","?","?","BOSS","?","?","?","?","?","?","?","?","?","?","?","?","?","?"],"build_version":"2018-03-01-PROD1","purchased_purges":2,"victory":false,"master_deck":["Strike_R","Strike_R","Strike_R","Defend_R","Defend_R","Defend_R","Defend_R","Bash","Bouncing Flask","Bouncing Flask","Warcry","Body Slam+1","Sentinel","Spot Weakness","Shockwave+1","Shrug It Off","Shrug It Off","Armaments","Warcry","True Grit+1","Feed","Cleave","Power Through","Iron Wave","Berserk","Clothesline+1","Metallicize"],"max_hp_per_floor":[80,80,80,80,80,80,80,80,80,80,80,80,80,85,85,85,85,88,91,91,91,95,99,99,103,103,103,103,103,106],"relics":["Burning Blood","Question Card","Nloth\u0027s Gift","Tiny Chest","Regal Pillow","Bottled Tornado"],"card_choices":[{"not_picked":["Clash"],"picked":"Warcry"},{"not_picked":["Battle Trance"],"picked":"Body Slam"},{"not_picked":["Body Slam"],"picked":"Sentinel"},{"not_picked":["Battle Trance"],"picked":"Spot Weakness"},{"not_picked":["Clothesline"],"picked":"Shockwave"},{"not_picked":["Wild Strike"],"picked":"Shrug It Off"},{"not_picked":["Combust"],"picked":"Armaments"},{"not_picked":["Heavy Blade"],"picked":"Warcry"},{"not_picked":["Dropkick"],"picked":"True Grit"},{"not_picked":["Bludgeon"],"picked":"Feed"},{"not_picked":["Perfected Strike","Twin Strike"],"picked":"Cleave"},{"not_picked":["Headbutt","Armaments"],"picked":"Power Through"},{"not_picked":["Clothesline","Anger"],"picked":"Iron Wave"},{"not_picked":["Impervious","Clash"],"picked":"Berserk"},{"not_picked":["Wild Strike","Heavy Blade"],"picked":"Clothesline"},{"not_picked":["Sword Boomerang","Clash"],"picked":"Metallicize"}],"player_experience":125600,"potions_floor_usage":[5,16,19,21,22,27,31],"damage_taken":[{"damage":1,"enemies":"Cultist","floor":1,"turns":3},{"damage":11,"enemies":"Jaw Worm","floor":2,"turns":4},{"damage":2,"enemies":"Small Slimes","floor":3,"turns":4},{"damage":4,"enemies":"2 Fungi Beasts","floor":4,"turns":4},{"damage":5,"enemies":"Red Slaver","floor":5,"turns":4},{"damage":4,"enemies":"Looter","floor":7,"turns":3},{"damage":6,"enemies":"Blue Slaver","floor":11,"turns":6},{"damage":18,"enemies":"Gremlin Gang","floor":12,"turns":5},{"damage":6,"enemies":"Red Slaver","floor":13,"turns":5},{"damage":52,"enemies":"Slime Boss","floor":16,"turns":16},{"damage":18,"enemies":"3 Byrds","floor":18,"turns":7},{"damage":21,"enemies":"Chosen","floor":19,"turns":5},{"damage":2,"enemies":"Snecko","floor":21,"turns":5},{"damage":15,"enemies":"Cultist and Chosen","floor":22,"turns":8},{"damage":50,"enemies":"Slavers","floor":23,"turns":12},{"damage":46,"enemies":"Slaver and Parasite","floor":25,"turns":13},{"damage":14,"enemies":"Snake Plant","floor":27,"turns":7},{"damage":4,"enemies":"Centurion and Healer","floor":30,"turns":8},{"damage":41,"enemies":"Cultist and Chosen","floor":31,"turns":7}],"event_choices":[{"event_name":"Big Fish","player_choice":"Donut","floor":14,"damage_taken":0},{"event_name":"N\u0027loth","player_choice":"Traded a Gremlin Horn","floor":20,"damage_taken":0},{"event_name":"The Library","player_choice":"Heal","floor":24,"damage_taken":0}],"boss_relics":[{"not_picked":["Cursed Key","Velvet Choker"],"picked":"Question Card"}],"potions_floor_spawned":[2,3,4,7,13,18,19,25],"seed_played":"-4064848218327866266","killed_by":"Cultist and Chosen","ascension_level":0,"is_trial":false}