{"gold_per_floor":[111,122,122,72,83,111,129,158,183,211,164,164,174,190,190,289,289,303,35,60,74,74,102,102,127,127,156,81,106,6,22,22,22],"floor_reached":33,"playtime":1202,"items_purged":["Strike_B","Defend_B"],"score":497,"play_id":"097f5b5f-b591-4ecb-a1af-b48b627c9d2c","local_time":"20180826005226","is_ascension_mode":true,"campfire_choices":[{"floor":15,"key":"REST"},{"data":"Sunder","floor":24,"key":"SMITH"},{"data":"Sunder","floor":32,"key":"SMITH"}],"neow_cost":"","seed_source_timestamp":473940214577128,"circlet_count":0,"master_deck":["Strike_B","Strike_B+1","Defend_B","Defend_B+1","Defend_B","Zap","Dualcast+1","Sunder+1","Gash","Chill","Go for the Eyes+1","Electrodynamics","Conserve Battery","Go for the Eyes","Gash","Self Repair","Biased Cognition","Sunder+1","Electrodynamics"],"relics":["Cracked Core","Sundial","Bag of Preparation","Lantern","Ancient Tea Set","Whetstone","Snecko Eye","DollysMirror","Red Mask","Pen Nib","Matryoshka","DataDisk","Darkstone Periapt","Strawberry","Juzu Bracelet"],"potions_floor_usage":[6,6,8,14,16,29,31,33,33],"damage_taken":[{"damage":0,"enemies":"Cultist","floor":1,"turns":3},{"damage":0,"enemies":"Small Slimes","floor":2,"turns":3},{"damage":0,"enemies":"2 Louse","floor":5,"turns":1},{"damage":3,"enemies":"3 Sentries","floor":6,"turns":3},{"damage":6,"enemies":"Looter","floor":7,"turns":2},{"damage":13,"enemies":"Lagavulin","floor":8,"turns":5},{"damage":13,"enemies":"3 Sentries","floor":10,"turns":5},{"damage":10,"enemies":"3 Louse","floor":13,"turns":2},{"damage":5,"enemies":"Exordium Wildlife","floor":14,"turns":4},{"damage":8,"enemies":"Hexaghost","floor":16,"turns":8},{"damage":6,"enemies":"Spheric Guardian","floor":18,"turns":3},{"damage":14,"enemies":"Masked Bandits","floor":20,"turns":4},{"damage":0,"enemies":"Chosen","floor":21,"turns":3},{"damage":14,"enemies":"Gremlin Leader","floor":23,"turns":5},{"damage":6,"enemies":"Slavers","floor":25,"turns":2},{"damage":3,"enemies":"Gremlin Leader","floor":27,"turns":5},{"damage":0,"enemies":"Book of Stabbing","floor":29,"turns":3},{"damage":0,"enemies":"Sentry and Sphere","floor":31,"turns":3},{"damage":67,"enemies":"Champ","floor":33,"turns":8}],"seed_played":"-7970499619364362525","potions_obtained":[{"floor":1,"key":"AttackPotion"},{"floor":2,"key":"Explosive Potion"},{"floor":6,"key":"Poison Potion"},{"floor":8,"key":"Poison Potion"},{"floor":13,"key":"PowerPotion"},{"floor":18,"key":"Ancient Potion"},{"floor":20,"key":"LiquidBronze"},{"floor":29,"key":"Block Potion"},{"floor":31,"key":"AttackPotion"}],"is_trial":false,"path_per_floor":["M","M","?","?","M","E","M","E","T","E","$","?","M","M","R","B",null,"M","$","?","M","?","E","R","E","T","E","?","E","$","M","R"],"character_chosen":"DEFECT","items_purchased":["Go for the Eyes","DollysMirror"],"campfire_rested":1,"item_purchase_floors":[11,19],"current_hp_per_floor":[68,68,68,68,68,65,59,46,46,33,33,18,8,3,25,24,62,56,56,49,56,56,49,49,50,50,54,54,61,61,61,61,0],"gold":22,"neow_bonus":"","is_prod":false,"is_daily":false,"chose_seed":false,"campfire_upgraded":2,"win_rate":0,"timestamp":1535266346,"path_taken":["M","M","?","?","?","E","?","E","T","E","$","?","M","?","R","BOSS","M","$","?","M","?","E","R","E","T","E","?","E","$","M","R","BOSS"],"build_version":"2018-08-23v2","purchased_purges":2,"victory":false,"max_hp_per_floor":[75,75,75,75,75,75,75,75,75,75,75,75,75,75,75,75,75,75,75,75,75,75,75,75,75,75,82,82,82,82,82,82,82],"card_choices":[{"not_picked":["Stack","Compile Driver"],"picked":"Sunder","floor":1},{"not_picked":["Coolheaded","Darkness"],"picked":"Gash","floor":2},{"not_picked":["Self Repair","Undo"],"picked":"Chill","floor":5},{"not_picked":["Beam Cell","Doom and Gloom"],"picked":"Go for the Eyes","floor":6},{"not_picked":["Tempest","Stack","Streamline"],"picked":"SKIP","floor":7},{"not_picked":["Redo","Double Energy"],"picked":"Electrodynamics","floor":8},{"not_picked":["Storm","Reprogram"],"picked":"Conserve Battery","floor":10},{"not_picked":["Rebound","Go for the Eyes"],"picked":"Gash","floor":13},{"not_picked":["Chill","Leap"],"picked":"Self Repair","floor":14},{"not_picked":["Fission","Electrodynamics"],"picked":"Biased Cognition","floor":16},{"not_picked":["Self Repair","Capacitor","Rebound"],"picked":"SKIP","floor":18},{"not_picked":["Leap","Heatsinks","Ball Lightning+1"],"picked":"SKIP","floor":21},{"not_picked":["Steam Power","Streamline","Skim+1"],"picked":"SKIP","floor":23},{"not_picked":["Stack","Skim"],"picked":"Electrodynamics","floor":25},{"not_picked":["Lockon","Go for the Eyes","Streamline"],"picked":"SKIP","floor":27},{"not_picked":["Consume","Steam Power","Scrape"],"picked":"SKIP","floor":29},{"not_picked":["Blizzard","Aggregate","Redo+1"],"picked":"SKIP","floor":31}],"player_experience":511689,"relics_obtained":[{"floor":6,"key":"Bag of Preparation"},{"floor":8,"key":"Lantern"},{"floor":9,"key":"Ancient Tea Set"},{"floor":10,"key":"Whetstone"},{"floor":20,"key":"Red Mask"},{"floor":23,"key":"Pen Nib"},{"floor":25,"key":"Matryoshka"},{"floor":26,"key":"DataDisk"},{"floor":26,"key":"Darkstone Periapt"},{"floor":27,"key":"Strawberry"},{"floor":29,"key":"Juzu Bracelet"}],"event_choices":[{"event_name":"Big Fish","player_choice":"Box","floor":3,"damage_taken":0},{"event_name":"The Cleric","player_choice":"Card Removal","floor":4,"damage_taken":0},{"event_name":"Shining Light","player_choice":"Entered Light","floor":12,"damage_taken":0},{"event_name":"Masked Bandits","player_choice":"Fought Bandits","floor":20,"damage_taken":0},{"event_name":"Ghosts","player_choice":"Ignored","floor":22,"damage_taken":0},{"event_name":"Beggar","player_choice":"Gave Gold","floor":28,"damage_taken":0}],"is_beta":true,"boss_relics":[{"not_picked":["Cursed Key","Philosopher\u0027s Stone"],"picked":"Snecko Eye"}],"items_purged_floors":[19,30],"is_endless":false,"potions_floor_spawned":[1,2,6,8,13,18,20,29,31],"killed_by":"Champ","ascension_level":7}