{"path_per_floor":["M","M","$","M","?","E","M","M","T","T","R","M","M","M","R"],"character_chosen":"THE_SILENT","items_purchased":["Terror"],"gold_per_floor":[119,134,66,86,336,365,375,392,392,392,392,402,422,438,438],"floor_reached":16,"campfire_rested":1,"playtime":2316,"current_hp_per_floor":[70,68,68,67,67,35,27,22,22,22,43,45,47,47,47],"items_purged":[],"gold":438,"play_id":"f66e677e-7459-469c-bf75-994ec3aaf3c2","is_prod":false,"is_daily":false,"campfire_rituals":0,"campfire_upgraded":1,"is_hardmode":false,"path_taken":["M","M","$","M","?","E","?","?","T","?","R","M","M","M","R","BOSS"],"build_version":"2018-01-04-PROD1","purchased_purges":0,"victory":false,"master_deck":["Defend_G","Defend_G","Defend_G","Defend_G","Defend_G","Strike_G","Strike_G","Strike_G","Strike_G","Strike_G","Survivor","Neutralize","Well Laid Plans","Escape Plan","Terror","Cloak And Dagger","Regret","After Image","Prepared","Heel Hook","Cloak And Dagger","PiercingWail"],"max_hp_per_floor":[70,70,70,70,70,70,70,70,70,70,70,70,70,70,70],"relics":["Ring of the Snake","Dodecahedron","Ginger","Bird Faced Urn"],"campfire_meditates":0,"card_choices":[{"not_picked":["Acrobatics","Predator"],"picked":"Well Laid Plans"},{"not_picked":["Dash","Dagger Throw"],"picked":"Escape Plan"},{"not_picked":["Masterful Stab","Bane"],"picked":"Cloak And Dagger"},{"not_picked":["Acrobatics","Deflect"],"picked":"After Image"},{"not_picked":["Bouncing Flask","Riddle With Holes"],"picked":"Prepared"},{"not_picked":["Dagger Throw","Slice"],"picked":"Heel Hook"},{"not_picked":["Acrobatics","Backflip"],"picked":"Cloak And Dagger"},{"not_picked":["Flechettes","Skewer"],"picked":"PiercingWail"}],"player_experience":127407,"potions_floor_usage":[13,13,16],"damage_taken":[{"damage":0,"enemies":"2 Louse","floor":1,"turns":4},{"damage":2,"enemies":"Blue Slaver","floor":2,"turns":7},{"damage":1,"enemies":"Cultist","floor":4,"turns":3},{"damage":32,"enemies":"3 Sentries","floor":6,"turns":12},{"damage":8,"enemies":"Lots of Slimes","floor":7,"turns":8},{"damage":5,"enemies":"Gremlin Gang","floor":8,"turns":7},{"damage":2,"enemies":"Exordium Wildlife","floor":12,"turns":4},{"damage":2,"enemies":"Looter","floor":13,"turns":4},{"damage":4,"enemies":"3 Louse","floor":14,"turns":5},{"damage":66,"enemies":"Slime Boss","floor":16,"turns":20}],"event_choices":[{"event_name":"Golden Shrine","player_choice":"Desecrate","floor":5,"damage_taken":0}],"boss_relics":[],"potions_floor_spawned":[1,7,12],"seed_played":"1302731692363987020","killed_by":"Slime Boss","is_trial":false}