{"gold_per_floor":[109,122,2,2,20,48,48,48,73,85,123,160,190,213,225,338,350,381,393,416,279,292,292,323,339,364,395,395,405,228,228],"floor_reached":31,"playtime":2817,"items_purged":["Strike_B","Strike_B","Strike_B"],"score":356,"play_id":"5272f7a2-c592-4952-9cf9-3e09982fd754","local_time":"20190306134658","is_ascension_mode":true,"campfire_choices":[{"data":"Zap","floor":7,"key":"SMITH"},{"data":"Chaos","floor":10,"key":"SMITH"},{"data":"Creative AI","floor":15,"key":"SMITH"},{"floor":23,"key":"REST"}],"neow_cost":"NONE","seed_source_timestamp":174700328288713,"circlet_count":0,"master_deck":["Defend_B","Defend_B","Defend_B","Defend_B","Zap+1","Dualcast+1","Chaos+1","Conserve Battery","Compile Driver","Cold Snap","Steam","Auto Shields","Creative AI+1","Electrodynamics","Steam","Genetic Algorithm","Cold Snap","Redo+1","Storm","Machine Learning","Hologram","Sweeping Beam"],"relics":["Cracked Core","GremlinMask","Lantern","MawBank","Girya","Odd Mushroom","Sozu","Oddly Smooth Stone","Vajra","Blood Vial","Blue Candle"],"potions_floor_usage":[27,29],"damage_taken":[{"damage":8,"enemies":"Small Slimes","floor":1,"turns":3},{"damage":0,"enemies":"Cultist","floor":2,"turns":3},{"damage":0,"enemies":"Jaw Worm","floor":5,"turns":4},{"damage":13,"enemies":"Lagavulin","floor":6,"turns":7},{"damage":1,"enemies":"3 Sentries","floor":11,"turns":10},{"damage":6,"enemies":"The Mushroom Lair","floor":12,"turns":5},{"damage":1,"enemies":"Blue Slaver","floor":13,"turns":2},{"damage":3,"enemies":"3 Louse","floor":14,"turns":2},{"damage":22,"enemies":"Hexaghost","floor":16,"turns":13},{"damage":10,"enemies":"3 Byrds","floor":18,"turns":3},{"damage":11,"enemies":"2 Thieves","floor":20,"turns":5},{"damage":19,"enemies":"Snake Plant","floor":22,"turns":6},{"damage":17,"enemies":"Gremlin Leader","floor":24,"turns":7},{"damage":3,"enemies":"3 Cultists","floor":25,"turns":4},{"damage":7,"enemies":"Slavers","floor":27,"turns":2},{"damage":13,"enemies":"Snecko","floor":29,"turns":7},{"damage":11,"enemies":"Book of Stabbing","floor":31,"turns":5}],"seed_played":"-7711072234017970701","potions_obtained":[{"floor":6,"key":"FearPotion"},{"floor":12,"key":"Swift Potion"},{"floor":13,"key":"Block Potion"}],"is_trial":false,"path_per_floor":["M","M","$","?","M","E","R","?","T","R","E","?","M","M","R","B",null,"M","?","M","$","M","R","E","M","T","E","?","M","$","E"],"character_chosen":"DEFECT","items_purchased":["Cold Snap","Cold Snap","Sweeping Beam"],"campfire_rested":1,"item_purchase_floors":[3,21,30],"current_hp_per_floor":[67,67,67,67,67,54,54,54,54,54,53,47,46,43,43,21,62,52,52,41,41,22,44,27,24,24,19,19,8,8,0],"gold":228,"neow_bonus":"TRANSFORM_CARD","is_prod":false,"is_daily":false,"chose_seed":false,"campfire_upgraded":3,"win_rate":0,"timestamp":1551901618,"path_taken":["M","M","$","?","?","E","R","?","T","R","E","?","M","M","R","BOSS","M","?","M","$","M","R","E","M","T","E","?","M","$","E"],"build_version":"2019-01-23","purchased_purges":3,"victory":false,"max_hp_per_floor":[75,75,75,75,75,75,75,75,75,75,75,75,75,75,75,75,75,75,75,75,75,75,75,75,75,75,75,75,75,75,75],"card_choices":[{"not_picked":["Skim","FTL"],"picked":"Conserve Battery","floor":1},{"not_picked":["Conserve Battery","Double Energy"],"picked":"Compile Driver","floor":2},{"not_picked":["Scrape","Turbo"],"picked":"Steam","floor":5},{"not_picked":["Hyperbeam","Sunder"],"picked":"Auto Shields","floor":11},{"not_picked":["Go for the Eyes","Reprogram","Beam Cell"],"picked":"SKIP","floor":13},{"not_picked":["Redo","Cold Snap"],"picked":"Creative AI","floor":14},{"not_picked":["Reboot","Rainbow"],"picked":"Electrodynamics","floor":16},{"not_picked":["Lockon","Streamline"],"picked":"Steam","floor":18},{"not_picked":["Coolheaded","Go for the Eyes"],"picked":"Genetic Algorithm","floor":20},{"not_picked":["Beam Cell","Genetic Algorithm"],"picked":"Redo+1","floor":22},{"not_picked":["Rebound","Blizzard","Turbo+1"],"picked":"SKIP","floor":24},{"not_picked":["Redo","Ball Lightning"],"picked":"Storm","floor":25},{"not_picked":["Chaos+1","Gash+1"],"picked":"Machine Learning","floor":27},{"not_picked":["Melter","Redo+1"],"picked":"Hologram","floor":29}],"player_experience":518275,"relics_obtained":[{"floor":6,"key":"Lantern"},{"floor":9,"key":"MawBank"},{"floor":11,"key":"Girya"},{"floor":12,"key":"Odd Mushroom"},{"floor":24,"key":"Vajra"},{"floor":26,"key":"Blood Vial"},{"floor":27,"key":"Blue Candle"}],"event_choices":[{"damage_healed":0,"gold_gain":0,"player_choice":"Trade","damage_taken":0,"relics_obtained":["GremlinMask"],"max_hp_gain":0,"max_hp_loss":0,"event_name":"FaceTrader","floor":4,"gold_loss":0},{"damage_healed":0,"gold_gain":0,"player_choice":"Grow","damage_taken":0,"max_hp_gain":0,"max_hp_loss":0,"event_name":"Living Wall","floor":8,"gold_loss":0,"cards_upgraded":["Dualcast"]},{"damage_healed":0,"gold_gain":0,"player_choice":"Fought Mushrooms","damage_taken":0,"max_hp_gain":0,"max_hp_loss":0,"event_name":"Mushrooms","floor":12,"gold_loss":0},{"damage_healed":0,"gold_gain":0,"player_choice":"Opened","damage_taken":0,"relics_obtained":["Oddly Smooth Stone"],"max_hp_gain":0,"max_hp_loss":0,"event_name":"The Mausoleum","floor":19,"gold_loss":0},{"damage_healed":0,"gold_gain":0,"player_choice":"Ignored","damage_taken":0,"max_hp_gain":0,"max_hp_loss":0,"event_name":"Cursed Tome","floor":28,"gold_loss":0}],"is_beta":false,"boss_relics":[{"not_picked":["Calling Bell","Lizard Tail"],"picked":"Sozu"}],"items_purged_floors":[3,21,30],"is_endless":false,"potions_floor_spawned":[6,12,13,14,16,22,27,29],"killed_by":"Book of Stabbing","ascension_level":5}