{"gold_per_floor":[112,62,62,79,79,111,111,125,150,161,174,187,201,233,233,329,329,349,359,459,350,275,33,33,213,236,256,256,291,291,311,311,412,412,429,441,459,476,442,442,66,66,66,84,99,113,113,138,138,138],"floor_reached":51,"playtime":4410,"items_purged":["Injury","Strike_B","Strike_B"],"score":817,"play_id":"40b3a687-4135-4162-98d1-0fde385f469c","local_time":"20180630004439","is_ascension_mode":true,"campfire_choices":[{"data":"Zap","floor":7,"key":"SMITH"},{"floor":15,"key":"REST"},{"data":"Storm","floor":24,"key":"SMITH"},{"floor":30,"key":"REST"},{"data":"Defragment","floor":32,"key":"SMITH"},{"data":"Storm","floor":40,"key":"SMITH"},{"data":"Echo Form","floor":42,"key":"SMITH"},{"floor":49,"key":"REST"}],"neow_cost":"NONE","seed_source_timestamp":1274818245776880,"circlet_count":0,"master_deck":["Defend_B","Defend_B","Defend_B","Defend_B","Zap+1","Dualcast","Defragment+1","Gash","Redo+1","Defragment+1","Conserve Battery+1","Steam Power+1","Steam+1","Cold Snap","Genetic Algorithm+1","Electrodynamics","BootSequence+1","Loop+1","Storm+1","White Noise+1","Capacitor","Fission+1","Coolheaded+1","Echo Form+1","Leap+1","Hologram+1","Coolheaded+1","Consume+1","Storm+1","Creative AI","Madness+1","Madness+1"],"relics":["Cracked Core","NeowsBlessing","Regal Pillow","Toxic Egg 2","Happy Flower","Ancient Tea Set","Sozu","Anchor","Bottled Flame","Mercury Hourglass","Runic Dome","Bottled Lightning","Centennial Puzzle","Bronze Scales"],"potions_floor_usage":[16,19,50],"damage_taken":[{"damage":0,"enemies":"Cultist","floor":1,"turns":1},{"damage":0,"enemies":"2 Louse","floor":4,"turns":1},{"damage":0,"enemies":"3 Sentries","floor":6,"turns":1},{"damage":12,"enemies":"Jaw Worm","floor":8,"turns":2},{"damage":8,"enemies":"Red Slaver","floor":10,"turns":4},{"damage":7,"enemies":"Looter","floor":11,"turns":3},{"damage":0,"enemies":"3 Louse","floor":12,"turns":2},{"damage":3,"enemies":"Large Slime","floor":13,"turns":5},{"damage":12,"enemies":"Lagavulin","floor":14,"turns":6},{"damage":37,"enemies":"Slime Boss","floor":16,"turns":19},{"damage":7,"enemies":"Shell Parasite","floor":18,"turns":5},{"damage":0,"enemies":"3 Byrds","floor":19,"turns":3},{"damage":28,"enemies":"Snake Plant","floor":27,"turns":4},{"damage":0,"enemies":"Book of Stabbing","floor":29,"turns":4},{"damage":22,"enemies":"Sentry and Sphere","floor":31,"turns":4},{"damage":25,"enemies":"Automaton","floor":33,"turns":7},{"damage":4,"enemies":"Orb Walker","floor":35,"turns":3},{"damage":0,"enemies":"3 Darklings","floor":36,"turns":4},{"damage":18,"enemies":"Maw","floor":37,"turns":7},{"damage":0,"enemies":"4 Shapes","floor":38,"turns":2},{"damage":0,"enemies":"Sphere and 2 Shapes","floor":44,"turns":4},{"damage":0,"enemies":"Maw","floor":45,"turns":5},{"damage":0,"enemies":"4 Shapes","floor":46,"turns":3},{"damage":42,"enemies":"Time Eater","floor":50,"turns":5}],"seed_played":"3358703942686793710","potions_obtained":[{"floor":1,"key":"LiquidBronze"},{"floor":4,"key":"Dexterity Potion"},{"floor":10,"key":"Poison Potion"},{"floor":11,"key":"Energy Potion"}],"is_trial":false,"path_per_floor":["M","?","?","M","?","E","R","M","T","M","M","M","M","E","R","B",null,"M","M","?","$","?","$","R","?","T","M","T","E","R","M","R","B",null,"M","M","M","M","$","R","$","R","T","M","M","M","?","T","R","B"],"character_chosen":"DEFECT","items_purchased":["Storm","White Noise+1","Capacitor","Storm","Bottled Lightning"],"campfire_rested":3,"item_purchase_floors":[21,23,23,39,41],"current_hp_per_floor":[75,75,75,75,63,63,63,51,51,43,36,36,33,21,58,21,75,68,68,68,68,68,68,68,47,47,26,26,26,63,41,41,16,75,71,71,53,53,53,53,53,53,53,53,53,53,44,44,75,33],"gold":138,"neow_bonus":"THREE_ENEMY_KILL","is_prod":false,"is_daily":false,"chose_seed":false,"campfire_upgraded":5,"win_rate":0,"timestamp":1530330279,"path_taken":["M","?","?","M","?","E","R","M","T","M","M","M","M","E","R","BOSS","M","M","?","$","?","$","R","?","T","M","?","E","R","M","R","BOSS","M","M","M","M","$","R","$","R","T","?","M","M","?","?","R","BOSS"],"build_version":"2018-06-28","purchased_purges":3,"victory":true,"max_hp_per_floor":[75,75,75,75,75,75,75,75,75,75,75,75,75,75,75,75,75,75,75,75,75,75,75,75,75,75,75,75,75,75,75,75,75,75,75,75,75,75,75,75,75,75,75,75,75,75,75,75,75,75],"card_choices":[{"not_picked":["Heatsinks","Streamline"],"picked":"Defragment","floor":1},{"not_picked":["Consume","Fusion"],"picked":"Gash","floor":4},{"not_picked":["Leap","Sweeping Beam"],"picked":"Redo","floor":6},{"not_picked":["Sweeping Beam","Tempest+1"],"picked":"Defragment","floor":8},{"not_picked":["Reprogram+1","Turbo+1"],"picked":"Conserve Battery+1","floor":10},{"not_picked":["Conserve Battery+1","Sweeping Beam"],"picked":"Steam Power+1","floor":11},{"not_picked":["Rebound","Heatsinks"],"picked":"Steam+1","floor":12},{"not_picked":["Turbo+1","Hello World"],"picked":"Cold Snap","floor":13},{"not_picked":["Rebound","Reprogram+1"],"picked":"Genetic Algorithm+1","floor":14},{"not_picked":["Echo Form","Multi-Cast+1"],"picked":"Electrodynamics","floor":16},{"not_picked":["Barrage","Sweeping Beam+1"],"picked":"BootSequence+1","floor":18},{"not_picked":["Leap+1","BootSequence+1"],"picked":"Loop+1","floor":19},{"not_picked":["Steam+1","Sweeping Beam","Streamline"],"picked":"SKIP","floor":27},{"not_picked":["Compile Driver+1","Ball Lightning"],"picked":"Fission+1","floor":29},{"not_picked":["Rebound+1","Leap+1"],"picked":"Coolheaded+1","floor":31},{"not_picked":["Multi-Cast+1","Reboot+1"],"picked":"Echo Form","floor":33},{"not_picked":["Compile Driver+1","Sweeping Beam"],"picked":"Leap+1","floor":35},{"not_picked":["Rebound+1","Cold Snap"],"picked":"Hologram+1","floor":36},{"not_picked":["Cold Snap+1","Compile Driver"],"picked":"Coolheaded+1","floor":37},{"not_picked":["All For One","Reprogram+1"],"picked":"Consume+1","floor":38},{"not_picked":["Recycle+1","Barrage+1","Coolheaded+1"],"picked":"SKIP","floor":44},{"not_picked":["Coolheaded+1","Loop","Undo+1"],"picked":"SKIP","floor":45},{"not_picked":["Steam+1","Capacitor+1"],"picked":"Creative AI","floor":46}],"player_experience":282678,"relics_obtained":[{"floor":6,"key":"Toxic Egg 2"},{"floor":9,"key":"Happy Flower"},{"floor":14,"key":"Ancient Tea Set"},{"floor":26,"key":"Anchor"},{"floor":28,"key":"Bottled Flame"},{"floor":29,"key":"Mercury Hourglass"},{"floor":43,"key":"Centennial Puzzle"},{"floor":48,"key":"Bronze Scales"}],"event_choices":[{"event_name":"The Cleric","player_choice":"Card Removal","floor":2,"damage_taken":0},{"event_name":"Accursed Blacksmith","player_choice":"Forge","floor":3,"damage_taken":0},{"event_name":"Scrap Ooze","player_choice":"success","floor":5,"damage_taken":12},{"event_name":"Golden Shrine","player_choice":"Pray","floor":20,"damage_taken":0},{"event_name":"Beggar","player_choice":"Gave Gold","floor":22,"damage_taken":0},{"event_name":"Knowing Skull","player_choice":"GOLD GOLD ","floor":25,"damage_taken":0},{"event_name":"Winding Halls","player_choice":"Embrace Madness","floor":47,"damage_taken":0}],"boss_relics":[{"not_picked":["Tiny House","Astrolabe"],"picked":"Sozu"},{"not_picked":["Inserter","Eternal Feather"],"picked":"Runic Dome"}],"items_purged_floors":[21,23,41],"is_endless":false,"potions_floor_spawned":[1,4,10,11,29,31,33,36,38,45,46],"ascension_level":4}