{"gold_per_floor":[115,115,40,52,52,52,71,71,140,165,182,215,215,230,230,230],"floor_reached":16,"playtime":461,"items_purged":["Pain"],"score":190,"play_id":"472a2bfc-cd58-46a4-a972-f2c714eeb2dd","local_time":"20190114202145","is_ascension_mode":true,"campfire_choices":[{"data":"Defragment","floor":6,"key":"SMITH"},{"floor":8,"key":"REST"},{"floor":15,"key":"REST"}],"neow_cost":"CURSE","seed_source_timestamp":1739145822592689,"circlet_count":0,"master_deck":["AscendersBane","Strike_B","Strike_B","Strike_B","Strike_B","Defend_B","Defend_B","Defend_B","Defend_B+1","Zap","Dualcast","Defragment+1","Coolheaded"],"relics":["Cracked Core","Darkstone Periapt","Centennial Puzzle","Question Card"],"potions_floor_usage":[12],"damage_taken":[{"damage":13,"enemies":"2 Louse","floor":1,"turns":2},{"damage":6,"enemies":"Cultist","floor":4,"turns":3},{"damage":8,"enemies":"Small Slimes","floor":7,"turns":2},{"damage":41,"enemies":"Lagavulin","floor":10,"turns":6},{"damage":8,"enemies":"Blue Slaver","floor":11,"turns":3},{"damage":29,"enemies":"3 Sentries","floor":12,"turns":9},{"damage":4,"enemies":"2 Fungi Beasts","floor":14,"turns":3},{"damage":34,"enemies":"Hexaghost","floor":16,"turns":11}],"seed_played":"-4346148235180514302","potions_obtained":[{"floor":4,"key":"Dexterity Potion"},{"floor":10,"key":"Fire Potion"},{"floor":11,"key":"SpeedPotion"},{"floor":14,"key":"Strength Potion"}],"is_trial":false,"path_per_floor":["M","?","$","M","?","R","M","R","T","E","M","E","?","M","R","B"],"character_chosen":"DEFECT","items_purchased":[],"campfire_rested":2,"item_purchase_floors":[],"current_hp_per_floor":[69,69,69,63,68,68,60,88,88,47,39,10,10,6,34,0],"gold":230,"neow_bonus":"TWENTY_PERCENT_HP_BONUS","is_prod":false,"is_daily":false,"chose_seed":false,"campfire_upgraded":1,"win_rate":0,"timestamp":1547497305,"path_taken":["M","?","$","?","?","R","M","R","T","E","M","E","?","M","R","BOSS"],"build_version":"2019-01-10","purchased_purges":1,"victory":false,"max_hp_per_floor":[89,89,89,89,94,94,94,94,94,94,94,94,94,94,94,94],"card_choices":[{"not_picked":["Recycle","Go for the Eyes","Tempest"],"picked":"SKIP","floor":1},{"not_picked":["Lockon","Tempest"],"picked":"Defragment","floor":4},{"not_picked":["Redo","Rebound","Hologram"],"picked":"SKIP","floor":7},{"not_picked":["Hologram","Scrape","Doom and Gloom"],"picked":"SKIP","floor":10},{"not_picked":["Recycle","Rip and Tear","Barrage"],"picked":"SKIP","floor":11},{"not_picked":["Double Energy","Loop","Force Field"],"picked":"SKIP","floor":12},{"not_picked":["Go for the Eyes","Beam Cell","Streamline"],"picked":"Coolheaded","floor":14}],"player_experience":304070,"relics_obtained":[{"floor":9,"key":"Darkstone Periapt"},{"floor":10,"key":"Centennial Puzzle"},{"floor":12,"key":"Question Card"}],"event_choices":[{"damage_healed":0,"gold_gain":0,"player_choice":"Forge","damage_taken":0,"max_hp_gain":0,"max_hp_loss":0,"event_name":"Accursed Blacksmith","floor":2,"gold_loss":0,"cards_upgraded":["Defend_B"]},{"damage_healed":0,"gold_gain":0,"player_choice":"Donut","damage_taken":0,"max_hp_gain":5,"max_hp_loss":0,"event_name":"Big Fish","floor":5,"gold_loss":0},{"damage_healed":0,"gold_gain":0,"player_choice":"Ignored","damage_taken":0,"max_hp_gain":0,"max_hp_loss":0,"event_name":"Golden Wing","floor":13,"gold_loss":0}],"is_beta":false,"boss_relics":[],"items_purged_floors":[3],"is_endless":false,"potions_floor_spawned":[4,10,11,14],"killed_by":"Hexaghost","ascension_level":10}