{"gold_per_floor":[118,118,141,52,52,52,85,85,110,140,157,190,190,25,25,102,102,115,135,151,44,58,58],"floor_reached":23,"playtime":775,"items_purged":[],"score":501,"play_id":"b28663c8-ccd2-49da-8582-8e706e4455f4","local_time":"20190429130058","is_ascension_mode":true,"campfire_choices":[{"data":"Whirlwind","floor":6,"key":"SMITH"},{"data":"Flex","floor":8,"key":"SMITH"},{"data":"Shrug It Off","floor":13,"key":"SMITH"},{"data":"Shrug It Off","floor":15,"key":"SMITH"}],"neow_cost":"NONE","seed_source_timestamp":3164617941470892,"circlet_count":0,"master_deck":["AscendersBane","Strike_R","Strike_R","Strike_R","Defend_R","Defend_R","Defend_R","Bash","Whirlwind+1","Flex+1","Shrug It Off+1","Shrug It Off+1","Impervious","Reaper","Shrug It Off","Pommel Strike+1"],"relics":["Burning Blood","NeowsBlessing","Orichalcum","Happy Flower","Potion Belt","Bronze Scales","Bag of Preparation","Pen Nib","Empty Cage"],"potions_floor_usage":[16,16,22,22,23,23],"damage_taken":[{"damage":0,"enemies":"Cultist","floor":1,"turns":1},{"damage":0,"enemies":"3 Sentries","floor":7,"turns":2},{"damage":0,"enemies":"Lagavulin","floor":10,"turns":1},{"damage":2,"enemies":"Jaw Worm","floor":11,"turns":3},{"damage":22,"enemies":"Gremlin Nob","floor":12,"turns":4},{"damage":16,"enemies":"Slime Boss","floor":16,"turns":7},{"damage":21,"enemies":"Shell Parasite","floor":18,"turns":7},{"damage":7,"enemies":"Chosen","floor":19,"turns":4},{"damage":13,"enemies":"Centurion and Healer","floor":20,"turns":9},{"damage":21,"enemies":"Cultist and Chosen","floor":22,"turns":6},{"damage":58,"enemies":"Gremlin Leader","floor":23,"turns":9}],"seed_played":"-9140844902086299244","potions_obtained":[{"floor":7,"key":"Strength Potion"},{"floor":12,"key":"BloodPotion"},{"floor":16,"key":"Strength Potion"},{"floor":18,"key":"Weak Potion"},{"floor":20,"key":"PowerPotion"}],"is_trial":false,"path_per_floor":["M","?","T","$","$","R","E","R","T","E","M","E","R","$","R","B",null,"M","M","M","$","M","E"],"character_chosen":"IRONCLAD","items_purchased":["Whirlwind","Flex","Pen Nib","Shrug It Off","Energy Potion"],"campfire_rested":0,"item_purchase_floors":[4,4,14,21,21],"current_hp_per_floor":[74,67,67,67,67,67,73,73,73,75,75,59,59,59,59,56,70,55,54,51,51,36,0],"gold":58,"neow_bonus":"THREE_ENEMY_KILL","is_prod":false,"is_daily":false,"chose_seed":false,"campfire_upgraded":4,"win_rate":0,"timestamp":1556539258,"path_taken":["M","?","?","?","$","R","E","R","T","E","M","E","R","$","R","BOSS","M","M","?","$","?","E"],"build_version":"2019-01-23","purchased_purges":0,"victory":false,"max_hp_per_floor":[75,75,75,75,75,75,75,75,75,75,75,75,75,75,75,75,75,75,75,75,75,75,75],"card_choices":[{"not_picked":["Havoc","Hemokinesis","Spot Weakness"],"picked":"SKIP","floor":1},{"not_picked":["Fire Breathing","Second Wind","Wild Strike"],"picked":"SKIP","floor":7},{"not_picked":["Rage","Combust"],"picked":"Shrug It Off","floor":10},{"not_picked":["Clash","Clothesline"],"picked":"Shrug It Off","floor":11},{"not_picked":["Headbutt","Clash"],"picked":"Impervious","floor":12},{"not_picked":["Exhume","Fiend Fire"],"picked":"Reaper","floor":16},{"not_picked":["Cleave","Reckless Charge","Uppercut"],"picked":"SKIP","floor":18},{"not_picked":["Iron Wave+1","Sword Boomerang","Shockwave"],"picked":"SKIP","floor":19},{"not_picked":["Armaments","Fire Breathing+1","Clash"],"picked":"SKIP","floor":20},{"not_picked":["Burning Pact","Flame Barrier"],"picked":"Pommel Strike+1","floor":22}],"player_experience":245459,"relics_obtained":[{"floor":3,"key":"Orichalcum"},{"floor":7,"key":"Happy Flower"},{"floor":9,"key":"Potion Belt"},{"floor":10,"key":"Bronze Scales"},{"floor":12,"key":"Bag of Preparation"}],"event_choices":[{"cards_removed":["Strike_R"],"damage_healed":0,"gold_gain":0,"player_choice":"Card Removal","damage_taken":7,"max_hp_gain":0,"max_hp_loss":0,"event_name":"Golden Wing","floor":2,"gold_loss":0}],"is_beta":false,"boss_relics":[{"not_picked":["White Beast Statue","Orrery"],"picked":"Empty Cage"}],"items_purged_floors":[],"is_endless":false,"potions_floor_spawned":[7,12,16,18,20],"killed_by":"Gremlin Leader","ascension_level":19}