{"gold_per_floor":[156,156,216,276,61,439,439,544,544,544,601,649,736,826,826,1054,1054,1102,154,134,173,206,293,344,449,461,563,575,641,653,755,767,1010,1172,1244,44,98,158,0,81,81,186,186,228,1,103,202,253,253,253,253],"floor_reached":52,"playtime":1093,"items_purged":[],"score":3585,"play_id":"0cbbc532-2b23-4fe5-9a28-473e028db891","local_time":"20190417204507","daily_mods":["Draft","Hoarder","Insanity","Chimera","Specialized","Vintage","ControlledChaos","Allstar","Red Cards","Green Cards","Blue Cards","Colorless Cards","Heirloom","Time Dilation","Flight","DeadlyEvents","Binary","Cursed Run","Elite Swarm","Lethality","Midas","Night Terrors","Terminal","Uncertain Future","Binary"],"is_ascension_mode":true,"campfire_choices":[{"floor":7,"key":"DIG"},{"floor":10,"key":"DIG"},{"floor":15,"key":"DIG"},{"floor":28,"key":"DIG"},{"floor":30,"key":"DIG"},{"floor":32,"key":"DIG"},{"floor":41,"key":"DIG"},{"floor":49,"key":"DIG"}],"neow_cost":"","seed_source_timestamp":0,"circlet_count":0,"master_deck":["Demon Form","Wraith Form v2","Echo Form","AscendersBane","Bash","Survivor","Zap","Strike_R","Strike_G","Strike_B","Defend_R","Defend_G","Defend_B","Backflip","Prepared","Poisoned Stab","Infernal Blade","Poisoned Stab","Conserve Battery","Deflect","Reprogram","Cleave","Mind Blast","Finesse","Havoc","Deadly Poison","Iron Wave","Streamline","Leap","Tactician","Flex","Barrage","Spot Weakness","Flame Barrier","Outmaneuver","Slice","Shrug It Off","Sucker Punch","Streamline","Havoc","Redo","Dagger Throw","Swift Strike","Heavy Blade","Coolheaded+1","Go for the Eyes","Shrug It Off","Pommel Strike","Combust","Prepared","Self Repair","Anger","Flex","Cloak And Dagger","Compile Driver","Deadly Poison","Footwork","Mind Blast","Darkness","Outmaneuver","Scrape","Go for the Eyes","Sweeping Beam","Armaments","Armaments","Armaments","Armaments","Armaments","Armaments","Armaments","Armaments","Armaments","Armaments","Armaments","Armaments","Armaments","Armaments","Armaments","Chill+1","Chill","Chill","Dark Shackles","Dark Shackles","Dark Shackles","Blade Dance","Blade Dance","Blade Dance","Aggregate","Aggregate","Aggregate","Ball Lightning","Ball Lightning","Ball Lightning","Corruption","Corruption","Corruption","Footwork","Footwork","Footwork","Flying Knee","Flying Knee","Flying Knee","Twin Strike","Twin Strike","Twin Strike","Ghostly Armor","Ghostly Armor","Ghostly Armor","Ghostly Armor","Ghostly Armor","Ghostly Armor","Feel No Pain","Feel No Pain","Feel No Pain","Double Energy","Double Energy","Double Energy","Shrug It Off","Shrug It Off","Shrug It Off","Conserve Battery","Conserve Battery+1","Conserve Battery","Parasite","Parasite","Parasite","Flash of Steel","Flash of Steel","Flash of Steel","Apotheosis","Apotheosis","Apotheosis","Quick Slash+1","Quick Slash+1","Quick Slash+1","Deflect+1","Deflect+1","Deflect+1","Redo+1","Redo+1","Redo+1","Conserve Battery+1","Conserve Battery+1","Conserve Battery+1","Steam+1","Steam+1","Steam+1","Hologram+1","Hologram+1","Hologram+1","Shrug It Off+1","Shrug It Off+1","Shrug It Off+1","Doubt","Doubt","Doubt"],"relics":["Snecko Eye","Unceasing Top","Busted Crown","Shovel","Pocketwatch","Thread and Needle","Oddly Smooth Stone","Lee\u0027s Waffle","Old Coin","Potion Belt","Bag of Preparation","Peace Pipe","Calipers","Ice Cream","Kunai","Regal Pillow","Letter Opener","War Paint","Fusion Hammer","Gremlin Horn","Orichalcum","Runic Capacitor","Dodecahedron","Prayer Wheel","Bag of Marbles","MawBank","Molten Egg 2","Ornamental Fan","Dead Branch","Sundial","Omamori","Pear","The Courier","Singing Bowl","DataDisk","Tiny House","Happy Flower","Anchor","PreservedInsect","Ancient Tea Set","Pen Nib","Blood Vial","Vajra","Strawberry","Centennial Puzzle","ClockworkSouvenir","Boot","Mercury Hourglass","Red Mask","Mummified Hand","Blue Candle","Shuriken","Toxic Egg 2","Lantern","Symbiotic Virus","Question Card","FossilizedHelix","Torii"],"potions_floor_usage":[20,51,51,51,51],"damage_taken":[{"damage":0,"enemies":"Small Slimes","floor":1,"turns":1},{"damage":0,"enemies":"Jaw Worm","floor":3,"turns":1},{"damage":0,"enemies":"Cultist","floor":4,"turns":1},{"damage":0,"enemies":"3 Sentries","floor":6,"turns":1},{"damage":0,"enemies":"Gremlin Nob","floor":8,"turns":1},{"damage":0,"enemies":"Exordium Wildlife","floor":11,"turns":1},{"damage":0,"enemies":"Exordium Thugs","floor":12,"turns":1},{"damage":0,"enemies":"Lagavulin","floor":13,"turns":1},{"damage":0,"enemies":"3 Sentries","floor":14,"turns":1},{"damage":0,"enemies":"The Guardian","floor":16,"turns":1},{"damage":0,"enemies":"Shell Parasite","floor":18,"turns":1},{"damage":0,"enemies":"Spheric Guardian","floor":21,"turns":1},{"damage":0,"enemies":"Chosen and Byrds","floor":22,"turns":1},{"damage":0,"enemies":"Slavers","floor":23,"turns":1},{"damage":0,"enemies":"Centurion and Healer","floor":24,"turns":1},{"damage":0,"enemies":"Book of Stabbing","floor":25,"turns":1},{"damage":0,"enemies":"Slavers","floor":27,"turns":2},{"damage":0,"enemies":"Snecko","floor":29,"turns":1},{"damage":0,"enemies":"Book of Stabbing","floor":31,"turns":1},{"damage":0,"enemies":"Automaton","floor":33,"turns":2},{"damage":0,"enemies":"3 Shapes","floor":35,"turns":1},{"damage":0,"enemies":"3 Darklings","floor":37,"turns":1},{"damage":0,"enemies":"Maw","floor":38,"turns":1},{"damage":0,"enemies":"Giant Head","floor":40,"turns":1},{"damage":0,"enemies":"Nemesis","floor":42,"turns":1},{"damage":0,"enemies":"Spire Growth","floor":44,"turns":1},{"damage":0,"enemies":"Reptomancer","floor":46,"turns":1},{"damage":0,"enemies":"Giant Head","floor":47,"turns":1},{"damage":0,"enemies":"Transient","floor":48,"turns":3},{"damage":0,"enemies":"Donu and Deca","floor":50,"turns":4},{"damage":0,"enemies":"Awakened One","floor":51,"turns":6}],"seed_played":"-952524877787252420","potions_obtained":[{"floor":3,"key":"AttackPotion"},{"floor":6,"key":"GamblersBrew"},{"floor":13,"key":"AttackPotion"},{"floor":14,"key":"Strength Potion"},{"floor":20,"key":"Fruit Juice"},{"floor":22,"key":"AttackPotion"}],"is_trial":true,"path_per_floor":["M","?","M","M","$","E","R","E","T","R","M","M","E","E","R","B",null,"M","$","?","M","M","E","M","E","T","E","R","M","R","E","R","B",null,"M","$","M","M","?","E","R","E","T","M","$","E","E","M","R","B","B",null],"character_chosen":"DEFECT","items_purchased":["Lee\u0027s Waffle","Orichalcum","Runic Capacitor","Dodecahedron","Flash of Steel","Apotheosis","Anchor","PreservedInsect","Ancient Tea Set","Pen Nib","Blood Vial","Vajra","Strawberry","Centennial Puzzle","ClockworkSouvenir","Quick Slash+1","Deflect+1","Redo+1","Conserve Battery+1","Steam+1","Hologram+1","Shrug It Off+1"],"campfire_rested":0,"item_purchase_floors":[5,19,19,19,19,19,36,36,36,36,36,36,36,36,36,36,45,45,45,45,45,45],"current_hp_per_floor":[1,1,1,1,7,6,5,4,3,2,1,1,1,1,1,1,1,1,1,5,4,3,2,1,1,1,1,1,10,9,8,7,6,10,9,15,14,13,12,11,10,9,8,7,6,5,4,3,2,1,1],"gold":253,"neow_bonus":"","is_prod":false,"is_daily":false,"chose_seed":true,"campfire_upgraded":0,"win_rate":0,"timestamp":1555530307,"path_taken":["M","?","M","M","$","E","R","E","T","R","M","?","E","?","R","BOSS","M","$","?","M","M","E","M","E","T","E","R","?","R","?","R","BOSS","M","$","M","M","?","E","R","E","T","M","?","?","E","M","R","BOSS","BOSS"],"build_version":"2019-01-23","purchased_purges":0,"victory":true,"max_hp_per_floor":[1,1,1,1,7,6,5,4,3,2,1,1,1,1,1,1,1,1,1,5,4,3,2,1,1,1,1,1,10,9,8,7,6,10,9,15,14,13,12,11,10,9,8,7,6,5,4,3,2,1,1],"card_choices":[{"not_picked":["Reprogram","Stack"],"picked":"Chill","floor":0},{"not_picked":["Panacea","PiercingWail"],"picked":"Dark Shackles","floor":0},{"not_picked":["Whirlwind","Leap"],"picked":"Blade Dance","floor":0},{"not_picked":["Concentrate","Burning Pact"],"picked":"Aggregate","floor":0},{"not_picked":["Whirlwind","Barrage"],"picked":"Ball Lightning","floor":0},{"not_picked":["Perfected Strike","Fire Breathing"],"picked":"Corruption","floor":0},{"not_picked":["Prepared","Clothesline"],"picked":"Footwork","floor":0},{"not_picked":["Blade Dance","Poisoned Stab"],"picked":"Flying Knee","floor":0},{"not_picked":["Sucker Punch","Go for the Eyes"],"picked":"Twin Strike","floor":0},{"not_picked":["Prepared","Heatsinks"],"picked":"Ghostly Armor","floor":0},{"not_picked":["Underhanded Strike","Defragment"],"picked":"Ghostly Armor","floor":0},{"not_picked":["Flex","Redo"],"picked":"Feel No Pain","floor":0},{"not_picked":["Heavy Blade","Eviscerate"],"picked":"Double Energy","floor":0},{"not_picked":["True Grit","Concentrate"],"picked":"Shrug It Off","floor":0},{"not_picked":["All Out Attack","Pommel Strike"],"picked":"Conserve Battery","floor":0}],"player_experience":593087,"relics_obtained":[{"floor":1,"key":"Pocketwatch"},{"floor":3,"key":"Thread and Needle"},{"floor":4,"key":"Oddly Smooth Stone"},{"floor":6,"key":"Old Coin"},{"floor":7,"key":"Potion Belt"},{"floor":8,"key":"Bag of Preparation"},{"floor":9,"key":"Peace Pipe"},{"floor":10,"key":"Calipers"},{"floor":11,"key":"Ice Cream"},{"floor":12,"key":"Kunai"},{"floor":13,"key":"Regal Pillow"},{"floor":14,"key":"Letter Opener"},{"floor":15,"key":"War Paint"},{"floor":18,"key":"Gremlin Horn"},{"floor":21,"key":"Prayer Wheel"},{"floor":22,"key":"Bag of Marbles"},{"floor":23,"key":"MawBank"},{"floor":24,"key":"Molten Egg 2"},{"floor":25,"key":"Ornamental Fan"},{"floor":26,"key":"Dead Branch"},{"floor":27,"key":"Sundial"},{"floor":28,"key":"Omamori"},{"floor":29,"key":"Pear"},{"floor":30,"key":"The Courier"},{"floor":31,"key":"Singing Bowl"},{"floor":32,"key":"DataDisk"},{"floor":35,"key":"Happy Flower"},{"floor":37,"key":"Boot"},{"floor":38,"key":"Mercury Hourglass"},{"floor":40,"key":"Mummified Hand"},{"floor":41,"key":"Blue Candle"},{"floor":42,"key":"Shuriken"},{"floor":43,"key":"Toxic Egg 2"},{"floor":44,"key":"Lantern"},{"floor":46,"key":"Symbiotic Virus"},{"floor":47,"key":"Question Card"},{"floor":48,"key":"FossilizedHelix"},{"floor":49,"key":"Torii"}],"event_choices":[{"damage_healed":0,"gold_gain":0,"player_choice":"Fled","damage_taken":0,"max_hp_gain":0,"max_hp_loss":0,"event_name":"Scrap Ooze","floor":2,"gold_loss":0},{"damage_healed":0,"gold_gain":0,"player_choice":"Bought 1 Potion","damage_taken":0,"max_hp_gain":0,"max_hp_loss":0,"event_name":"The Woman in Blue","floor":20,"gold_loss":0},{"damage_healed":0,"gold_gain":0,"player_choice":"Paid","damage_taken":0,"relics_obtained":["Red Mask"],"max_hp_gain":0,"max_hp_loss":0,"event_name":"Tomb of Lord Red Mask","floor":39,"gold_loss":158}],"is_beta":false,"boss_relics":[{"not_picked":["Ectoplasm","Astrolabe"],"picked":"Fusion Hammer"},{"not_picked":["Empty Cage","White Beast Statue"],"picked":"Tiny House"}],"items_purged_floors":[],"is_endless":false,"potions_floor_spawned":[3,6,13,14,22,23,24,25,29,31,37,38,42,44,48],"ascension_level":20}