{"gold_per_floor":[109,109,109,109,109,109,8,24,24,43,43,78,58,72,72,166,229,250,275,275,4,4,43,43,64,64,64,64,64,82,105,105,105],"floor_reached":33,"playtime":1273,"items_purged":["Injury","Sever Soul+1"],"score":460,"play_id":"6aa06057-a94f-40b0-b020-8f7fd662c0b8","local_time":"20190121152458","is_ascension_mode":true,"campfire_choices":[{"data":"Searing Blow+2","floor":6,"key":"SMITH"},{"data":"Searing Blow+3","floor":11,"key":"SMITH"},{"data":"Searing Blow+4","floor":15,"key":"SMITH"},{"floor":24,"key":"REST"},{"floor":29,"key":"REST"},{"floor":32,"key":"REST"}],"neow_cost":"NONE","seed_source_timestamp":2325351644842302,"circlet_count":0,"master_deck":["AscendersBane","Strike_R","Strike_R","Strike_R+1","Defend_R+1","Defend_R","Defend_R","Defend_R+1","Warcry+1","Searing Blow+5","Sword Boomerang","Pommel Strike","Iron Wave","Shrug It Off","Pommel Strike+1","Armaments","True Grit","True Grit"],"relics":["Astrolabe","Golden Idol","Strawberry","War Paint","Paper Frog","Nunchaku","Tiny House","Happy Flower","Frozen Egg 2","Du-Vu Doll"],"potions_floor_usage":[16,16,17,31,33],"damage_taken":[{"damage":0,"enemies":"Small Slimes","floor":1,"turns":3},{"damage":0,"enemies":"2 Louse","floor":8,"turns":3},{"damage":0,"enemies":"Jaw Worm","floor":10,"turns":3},{"damage":22,"enemies":"3 Sentries","floor":12,"turns":5},{"damage":4,"enemies":"2 Fungi Beasts","floor":14,"turns":2},{"damage":17,"enemies":"Slime Boss","floor":16,"turns":9},{"damage":20,"enemies":"2 Thieves","floor":18,"turns":4},{"damage":12,"enemies":"Chosen","floor":19,"turns":6},{"damage":19,"enemies":"Colosseum Slavers","floor":20,"turns":4},{"damage":22,"enemies":"Slavers","floor":23,"turns":8},{"damage":22,"enemies":"Snake Plant","floor":25,"turns":5},{"damage":22,"enemies":"Centurion and Healer","floor":30,"turns":5},{"damage":12,"enemies":"Shelled Parasite and Fungi","floor":31,"turns":6},{"damage":82,"enemies":"Automaton","floor":33,"turns":8}],"seed_played":"6852922273839946370","potions_obtained":[{"floor":1,"key":"SteroidPotion"},{"floor":10,"key":"GamblersBrew"},{"floor":13,"key":"PowerPotion"},{"floor":16,"key":"FairyPotion"},{"floor":17,"key":"Fruit Juice"},{"floor":18,"key":"Ancient Potion"},{"floor":25,"key":"Dexterity Potion"},{"floor":31,"key":"Poison Potion"}],"is_trial":false,"path_per_floor":["M","?","?","?","T","R","$","M","T","M","R","E","?","M","R","B",null,"M","M","?","$","?","E","R","M","T","$","?","R","M","M","R","B"],"character_chosen":"IRONCLAD","items_purchased":["Pommel Strike","True Grit","Happy Flower"],"campfire_rested":3,"item_purchase_floors":[7,21,21],"current_hp_per_floor":[68,68,68,64,64,64,64,64,64,64,64,42,42,38,38,21,77,57,45,26,26,26,4,31,9,9,9,9,36,14,2,29,0],"gold":105,"neow_bonus":"BOSS_RELIC","is_prod":false,"is_daily":false,"chose_seed":false,"campfire_upgraded":3,"win_rate":0,"timestamp":1548084298,"path_taken":["M","?","?","?","?","R","$","M","T","?","R","E","?","?","R","BOSS","M","M","?","$","?","E","R","M","T","$","?","R","?","M","R","BOSS"],"build_version":"2019-01-17v2","purchased_purges":2,"victory":false,"max_hp_per_floor":[75,75,75,82,82,82,82,82,82,82,82,82,82,82,82,82,92,92,92,92,92,92,92,92,92,92,92,92,92,92,92,92,92],"card_choices":[{"not_picked":["Infernal Blade","Heavy Blade"],"picked":"Sword Boomerang","floor":1},{"not_picked":["Armaments","Second Wind","Pummel"],"picked":"SKIP","floor":8},{"not_picked":["Cleave","Disarm"],"picked":"Iron Wave","floor":10},{"not_picked":["Corruption","Twin Strike","Thunderclap"],"picked":"SKIP","floor":12},{"not_picked":["Clothesline","Intimidate"],"picked":"Shrug It Off","floor":14},{"not_picked":["Reckless Charge","Intimidate"],"picked":"Pommel Strike+1","floor":18},{"not_picked":["Warcry","Twin Strike"],"picked":"Armaments","floor":19},{"not_picked":["Power Through","Sever Soul","Shockwave"],"picked":"SKIP","floor":23},{"not_picked":["Warcry","Armaments","Anger"],"picked":"SKIP","floor":25},{"not_picked":["Blood for Blood","Spot Weakness"],"picked":"True Grit","floor":30},{"not_picked":["Metallicize+1","Clash+1","Offering"],"picked":"SKIP","floor":31}],"player_experience":448062,"relics_obtained":[{"floor":5,"key":"War Paint"},{"floor":9,"key":"Paper Frog"},{"floor":12,"key":"Nunchaku"},{"floor":23,"key":"Frozen Egg 2"},{"floor":26,"key":"Du-Vu Doll"}],"event_choices":[{"damage_healed":0,"gold_gain":0,"player_choice":"Take Wound","damage_taken":0,"relics_obtained":["Golden Idol"],"max_hp_gain":0,"max_hp_loss":0,"event_name":"Golden Idol","floor":2,"gold_loss":0,"cards_obtained":["Injury"]},{"damage_healed":0,"gold_gain":0,"player_choice":"Grow","damage_taken":0,"max_hp_gain":0,"max_hp_loss":0,"event_name":"Living Wall","floor":3,"gold_loss":0,"cards_upgraded":["Searing Blow"]},{"damage_healed":0,"gold_gain":0,"player_choice":"Success","damage_taken":11,"relics_obtained":["Strawberry"],"max_hp_gain":0,"max_hp_loss":0,"event_name":"Scrap Ooze","floor":4,"gold_loss":0},{"damage_healed":0,"gold_gain":0,"player_choice":"Bought 1 Potion","damage_taken":0,"max_hp_gain":0,"max_hp_loss":0,"event_name":"The Woman in Blue","floor":13,"gold_loss":0},{"damage_healed":0,"gold_gain":0,"player_choice":"Fight","damage_taken":0,"max_hp_gain":0,"max_hp_loss":0,"event_name":"Colosseum","floor":20,"gold_loss":0},{"damage_healed":0,"gold_gain":0,"player_choice":"Fled From Nobs","damage_taken":0,"max_hp_gain":0,"max_hp_loss":0,"event_name":"Colosseum","floor":20,"gold_loss":0},{"damage_healed":0,"gold_gain":0,"player_choice":"Ignored","damage_taken":0,"max_hp_gain":0,"max_hp_loss":0,"event_name":"The Mausoleum","floor":22,"gold_loss":0},{"damage_healed":0,"gold_gain":0,"player_choice":"Ignored","damage_taken":0,"max_hp_gain":0,"max_hp_loss":0,"event_name":"Ghosts","floor":28,"gold_loss":0}],"is_beta":false,"boss_relics":[{"not_picked":["White Beast Statue","Runic Pyramid"],"picked":"Tiny House"}],"items_purged_floors":[7,21],"is_endless":false,"potions_floor_spawned":[1,10,12,16,18,23,25,31],"killed_by":"Automaton","ascension_level":15}