{"path_per_floor":["M","?","?","$","?","R","M","E","T","M","R","M","E","M","R","B",null,"M","?","M","M","?","R","E","M","T","R","E","R","?","M","R","B",null,"M","$","M","?","M","R","M","R","T","R","?","M","$","M","R","B"],"character_chosen":"DEFECT","items_purchased":["Apotheosis","Steam Power","Mercury Hourglass"],"gold_per_floor":[117,117,192,3,3,3,19,49,49,59,59,79,114,132,132,229,229,243,243,261,279,229,229,264,282,282,282,317,317,232,243,243,347,347,363,219,234,288,305,305,323,323,379,379,379,398,38,50,50,50],"floor_reached":51,"campfire_rested":10,"playtime":3246,"item_purchase_floors":[],"current_hp_per_floor":[63,63,52,52,52,52,48,48,48,47,69,64,50,49,71,54,75,58,42,38,26,26,48,37,31,31,53,32,54,54,48,70,58,75,74,74,53,38,19,41,41,63,63,75,75,55,55,39,61,18],"items_purged":["Strike_B","Strike_B"],"gold":50,"score":764,"play_id":"d0a71e92-6bf6-4e9a-9a01-53a98193abc3","local_time":"20180607173714","is_prod":false,"is_daily":false,"chose_seed":false,"is_ascension_mode":true,"campfire_upgraded":1,"win_rate":0,"timestamp":1528389434,"campfire_choices":[{"data":"Apotheosis","floor":6.0,"key":"SMITH"},{"floor":11.0,"key":"REST"},{"floor":15.0,"key":"REST"},{"floor":23.0,"key":"REST"},{"floor":27.0,"key":"REST"},{"floor":29.0,"key":"REST"},{"floor":32.0,"key":"REST"},{"floor":40.0,"key":"REST"},{"floor":42.0,"key":"REST"},{"floor":44.0,"key":"REST"},{"floor":49,"key":"REST"}],"path_taken":["M","?","?","?","?","R","M","E","T","M","R","?","E","M","R","BOSS","M","?","M","M","?","R","E","M","T","R","E","R","?","M","R","BOSS","M","$","?","?","M","R","M","R","T","R","?","M","$","M","R","BOSS"],"build_version":"2018-05-31","seed_source_timestamp":0,"purchased_purges":2,"victory":true,"master_deck":["Strike_B","Defend_B","Defend_B","Zap+1","Dualcast","Conserve Battery","Apotheosis+1","Consume","Doom and Gloom","FTL","Hologram","Thunder Strike","Loop","Skim","Chaos","Echo Form","Beam Cell+1","Necronomicurse","Fusion","Double Energy+1","Conserve Battery","Ball Lightning+1","Defragment+1","Echo Form","Amplify","Cold Snap+1","Coolheaded+1","Skim+1","Steam Power","Static Discharge","Seek","Conserve Battery+1","White Noise+1","Aggregate"],"max_hp_per_floor":[75,75,75,75,75,75,75,75,75,75,75,75,75,75,75,75,75,75,75,75,75,75,75,75,75,75,75,75,75,75,75,75,75,75,75,75,75,75,75,75,75,75,75,75,75,75,75,75,75,75],"relics":["Cracked Core","Dream Catcher","Centennial Puzzle","Mummified Hand","Sozu","Necronomicon","Bottled Flame","Torii","Letter Opener","Orichalcum","Astrolabe","Du-Vu Doll","Tiny Chest","Mercury Hourglass"],"card_choices":[{"not_picked":["Beam Cell","Go for the Eyes"],"picked":"Conserve Battery","floor":1.0},{"not_picked":["Redo","Cold Snap"],"picked":"Consume","floor":7.0},{"not_picked":["Darkness","Sunder"],"picked":"Doom and Gloom","floor":8.0},{"not_picked":["Streamline","Rip and Tear"],"picked":"FTL","floor":10.0},{"not_picked":["Rip and Tear","Go for the Eyes"],"picked":"Hologram","floor":11.0},{"not_picked":["Scrape","Consume"],"picked":"Thunder Strike","floor":12.0},{"not_picked":["Beam Cell","Conserve Battery"],"picked":"Loop","floor":13.0},{"not_picked":["Auto Shields","Barrage"],"picked":"Skim","floor":14.0},{"not_picked":["Undo","Sweeping Beam"],"picked":"Chaos","floor":15.0},{"not_picked":["Thunder Strike","Biased Cognition"],"picked":"Echo Form","floor":16.0},{"not_picked":["Sweeping Beam+1","Stack"],"picked":"Beam Cell+1","floor":18.0},{"not_picked":["BootSequence","Barrage"],"picked":"Fusion","floor":20.0},{"not_picked":["Auto Shields","Coolheaded"],"picked":"Double Energy+1","floor":21.0},{"not_picked":["Sweeping Beam","Meteor Strike"],"picked":"Conserve Battery","floor":23.0},{"not_picked":["Beam Cell","Gash"],"picked":"Ball Lightning+1","floor":24.0},{"not_picked":["Sweeping Beam","Rebound","Coolheaded"],"picked":"SKIP","floor":25.0},{"not_picked":["Gash","BootSequence+1","Go for the Eyes"],"picked":"SKIP","floor":28.0},{"not_picked":["Hello World","Ball Lightning"],"picked":"Defragment+1","floor":29.0},{"not_picked":["Hologram+1","Leap+1","Genetic Algorithm"],"picked":"SKIP","floor":31.0},{"not_picked":["Gash","Stack"],"picked":"Echo Form","floor":32.0},{"not_picked":["Reboot","Machine Learning"],"picked":"Amplify","floor":33.0},{"not_picked":["Cold Snap+1","Reprogram+1"],"picked":"Skim+1","floor":35.0},{"not_picked":["Go for the Eyes+1","Beam Cell+1","Ball Lightning"],"picked":"SKIP","floor":37.0},{"not_picked":["Reinforced Body+1","Barrage+1"],"picked":"Static Discharge","floor":38.0},{"not_picked":["Coolheaded","Reinforced Body","Compile Driver"],"picked":"SKIP","floor":39.0},{"not_picked":["Double Energy+1","Barrage+1"],"picked":"Seek","floor":41.0},{"not_picked":["Go for the Eyes","Compile Driver"],"picked":"Conserve Battery+1","floor":42.0},{"not_picked":["Conserve Battery","Fusion+1"],"picked":"White Noise+1","floor":46.0},{"not_picked":["Machine Learning","Barrage+1","Streamline+1"],"picked":"SKIP","floor":48.0},{"not_picked":["Doom and Gloom+1","Compile Driver+1"],"picked":"Aggregate","floor":49}],"player_experience":270574,"potions_floor_usage":[50,50],"damage_taken":[{"damage":12.0,"enemies":"Small Slimes","floor":1.0,"turns":3.0},{"damage":4.0,"enemies":"Jaw Worm","floor":7.0,"turns":2.0},{"damage":0.0,"enemies":"Lagavulin","floor":8.0,"turns":5.0},{"damage":1.0,"enemies":"2 Louse","floor":10.0,"turns":3.0},{"damage":5.0,"enemies":"Blue Slaver","floor":12.0,"turns":3.0},{"damage":14.0,"enemies":"Gremlin Nob","floor":13.0,"turns":3.0},{"damage":1.0,"enemies":"Exordium Wildlife","floor":14.0,"turns":3.0},{"damage":17.0,"enemies":"The Guardian","floor":16.0,"turns":7.0},{"damage":17.0,"enemies":"3 Byrds","floor":18.0,"turns":3.0},{"damage":4.0,"enemies":"Shell Parasite","floor":20.0,"turns":3.0},{"damage":12.0,"enemies":"Snecko","floor":21.0,"turns":4.0},{"damage":11.0,"enemies":"Gremlin Leader","floor":24.0,"turns":6.0},{"damage":6.0,"enemies":"Snake Plant","floor":25.0,"turns":3.0},{"damage":21.0,"enemies":"Slavers","floor":28.0,"turns":3.0},{"damage":6.0,"enemies":"Chosen and Byrds","floor":31.0,"turns":3.0},{"damage":12.0,"enemies":"Collector","floor":33.0,"turns":7.0},{"damage":1.0,"enemies":"Orb Walker","floor":35.0,"turns":3.0},{"damage":21.0,"enemies":"3 Darklings","floor":37.0,"turns":4.0},{"damage":15.0,"enemies":"Mysterious Sphere","floor":38.0,"turns":3.0},{"damage":19.0,"enemies":"Maw","floor":39.0,"turns":5.0},{"damage":0.0,"enemies":"Sphere and 2 Shapes","floor":41.0,"turns":3.0},{"damage":20.0,"enemies":"3 Darklings","floor":46.0,"turns":3.0},{"damage":16.0,"enemies":"Maw","floor":48.0,"turns":3.0},{"damage":43,"enemies":"Awakened One","floor":50,"turns":5}],"relics_obtained":[{"floor":8.0,"key":"Dream Catcher"},{"floor":9.0,"key":"Centennial Puzzle"},{"floor":13.0,"key":"Mummified Hand"},{"floor":19.0,"key":"Necronomicon"},{"floor":24.0,"key":"Bottled Flame"},{"floor":26.0,"key":"Torii"},{"floor":28.0,"key":"Letter Opener"},{"floor":38.0,"key":"Du-Vu Doll"},{"floor":43.0,"key":"Tiny Chest"}],"event_choices":[{"event_name":"Living Wall","player_choice":"Grow","floor":2.0,"damage_taken":0.0},{"event_name":"World of Goop","player_choice":"Gather Gold","floor":3.0,"damage_taken":0.0},{"event_name":"The Cleric","player_choice":"Leave","floor":5.0,"damage_taken":0.0},{"event_name":"Cursed Tome","player_choice":"Obtained Book","floor":19.0,"damage_taken":0.0},{"event_name":"The Joust","player_choice":"Bet on Murderer","floor":22.0,"damage_taken":0.0},{"event_name":"Addict","player_choice":"Obtained Relic","floor":30.0,"damage_taken":0.0},{"event_name":"Mysterious Sphere","player_choice":"Fight","floor":38.0,"damage_taken":0.0}],"boss_relics":[],"items_purged_floors":[],"potions_floor_spawned":[7,13,14,16,20,21,24,31,38,39,41],"seed_played":"-5236090571227077610","ascension_level":2,"potions_obtained":[{"floor":7.0,"key":"Block Potion"},{"floor":13.0,"key":"Dexterity Potion"},{"floor":14.0,"key":"SkillPotion"},{"floor":16.0,"key":"FearPotion"}],"is_trial":false}