{"gold_per_floor":[118,130,130,205,225,225,250,250,250,269,269,269,313,338,338,457,457,476,476,489,489,509,553,553,553],"floor_reached":25,"playtime":1285,"items_purged":[],"score":335,"play_id":"823d0fe0-0e33-480c-ab66-7c553fb06778","local_time":"20190420130949","is_ascension_mode":true,"campfire_choices":[{"data":"Zap","floor":6,"key":"SMITH"},{"data":"1","floor":8,"key":"LIFT"},{"floor":12,"key":"REST"},{"floor":15,"key":"REST"},{"data":"Coolheaded","floor":24,"key":"SMITH"}],"neow_cost":"NONE","seed_source_timestamp":785454865218929,"circlet_count":0,"master_deck":["Zap+1","Dualcast","Sweeping Beam","Gash","Reboot","Gash","Cold Snap","Hologram","Conserve Battery","Coolheaded+1","Hyperbeam","Echo Form","Defragment","Capacitor","Conserve Battery","Ball Lightning","Rebound","J.A.X.","Beam Cell"],"relics":["Cracked Core","Girya","Emotion Chip","Golden Idol","Bag of Preparation","Pandora\u0027s Box","Toxic Egg 2"],"potions_floor_usage":[13,22,25,25],"damage_taken":[{"damage":2,"enemies":"2 Louse","floor":1,"turns":3},{"damage":3,"enemies":"Jaw Worm","floor":2,"turns":4},{"damage":3,"enemies":"Small Slimes","floor":5,"turns":3},{"damage":35,"enemies":"3 Sentries","floor":7,"turns":7},{"damage":4,"enemies":"3 Louse","floor":10,"turns":2},{"damage":1,"enemies":"Gremlin Nob","floor":13,"turns":3},{"damage":1,"enemies":"Blue Slaver","floor":14,"turns":3},{"damage":10,"enemies":"Slime Boss","floor":16,"turns":6},{"damage":18,"enemies":"Chosen","floor":18,"turns":5},{"damage":12,"enemies":"Shell Parasite","floor":20,"turns":3},{"damage":4,"enemies":"3 Cultists","floor":22,"turns":4},{"damage":19,"enemies":"Gremlin Leader","floor":23,"turns":5},{"damage":14,"enemies":"Slavers","floor":25,"turns":1}],"seed_played":"-4463375887143752912","potions_obtained":[{"floor":2,"key":"Swift Potion"},{"floor":10,"key":"EssenceOfSteel"},{"floor":13,"key":"EssenceOfSteel"},{"floor":16,"key":"GamblersBrew"}],"is_trial":false,"path_per_floor":["M","M","?","?","M","R","E","R","T","M","?","R","E","M","R","B",null,"M","?","M","?","M","E","R","E"],"character_chosen":"DEFECT","items_purchased":[],"campfire_rested":2,"item_purchase_floors":[],"current_hp_per_floor":[66,63,68,57,54,54,19,19,19,15,15,37,36,35,57,47,67,49,49,37,37,33,14,14,0],"gold":553,"neow_bonus":"REMOVE_CARD","is_prod":false,"is_daily":false,"chose_seed":false,"campfire_upgraded":2,"win_rate":0,"timestamp":1555783789,"path_taken":["M","M","?","?","M","R","E","R","T","M","?","R","E","M","R","BOSS","M","?","M","?","M","E","R","E"],"build_version":"2019-01-23","purchased_purges":0,"victory":false,"max_hp_per_floor":[75,75,80,80,80,80,80,80,80,80,74,74,74,74,74,74,74,74,74,74,74,74,74,74,74],"card_choices":[{"not_picked":["Coolheaded","Redo"],"picked":"Sweeping Beam","floor":1},{"not_picked":["Chaos","Tempest","Darkness"],"picked":"SKIP","floor":2},{"not_picked":["Consume","Stack"],"picked":"Gash","floor":5},{"not_picked":["Coolheaded","Tempest"],"picked":"Reboot","floor":7},{"not_picked":["Redo","Ball Lightning"],"picked":"Gash","floor":10},{"not_picked":["Reboot","Turbo"],"picked":"Cold Snap","floor":13},{"not_picked":["Go for the Eyes","Recycle"],"picked":"Hologram","floor":14},{"not_picked":["Turbo+1","Stack"],"picked":"Ball Lightning","floor":18},{"not_picked":["Sweeping Beam","Loop+1"],"picked":"Rebound","floor":20},{"not_picked":["Beam Cell","Chaos","Rip and Tear+1"],"picked":"SKIP","floor":22},{"not_picked":["Chaos","Rip and Tear+1"],"picked":"Beam Cell","floor":22},{"not_picked":["Lockon+1","Cold Snap+1","Capacitor+1"],"picked":"SKIP","floor":23}],"player_experience":630550,"relics_obtained":[{"floor":7,"key":"Girya"},{"floor":9,"key":"Emotion Chip"},{"floor":13,"key":"Bag of Preparation"},{"floor":23,"key":"Toxic Egg 2"}],"event_choices":[{"damage_healed":0,"gold_gain":0,"player_choice":"Donut","damage_taken":0,"max_hp_gain":5,"max_hp_loss":0,"event_name":"Big Fish","floor":3,"gold_loss":0},{"damage_healed":0,"gold_gain":75,"player_choice":"Gather Gold","damage_taken":11,"max_hp_gain":0,"max_hp_loss":0,"event_name":"World of Goop","floor":4,"gold_loss":0},{"damage_healed":0,"gold_gain":0,"player_choice":"Lose Max HP","damage_taken":0,"relics_obtained":["Golden Idol"],"max_hp_gain":0,"max_hp_loss":6,"event_name":"Golden Idol","floor":11,"gold_loss":0},{"damage_healed":0,"gold_gain":0,"player_choice":"Ignored","damage_taken":0,"max_hp_gain":0,"max_hp_loss":0,"event_name":"The Mausoleum","floor":19,"gold_loss":0},{"damage_healed":0,"gold_gain":0,"player_choice":"Obtain J.A.X.","damage_taken":0,"max_hp_gain":0,"max_hp_loss":0,"event_name":"Drug Dealer","floor":21,"gold_loss":0,"cards_obtained":["J.A.X."]}],"is_beta":false,"boss_relics":[{"not_picked":["Velvet Choker","Empty Cage"],"picked":"Pandora\u0027s Box"}],"items_purged_floors":[],"is_endless":false,"potions_floor_spawned":[2,10,13,16,18,20],"killed_by":"Slavers","ascension_level":9}