{"path_per_floor":["M","?","?","M","M","E","R","M","T","$","?","E","M","M","R","B",null,"M","$","M","?","?","E","M"],"character_chosen":"IRONCLAD","items_purchased":["Apotheosis","Searing Blow","Panache"],"gold_per_floor":[118,118,293,305,325,390,390,400,426,154,154,183,200,215,215,319,319,336,83,102,102,102,129,141],"floor_reached":25,"campfire_rested":1,"playtime":1892,"current_hp_per_floor":[80,64,64,62,62,59,59,54,54,54,54,24,30,22,46,16,80,62,62,49,49,49,29,12],"items_purged":["Doubt"],"gold":141,"play_id":"165b30df-92e2-4827-9b98-f4d7a6f6167d","is_prod":false,"is_daily":false,"campfire_rituals":0,"campfire_upgraded":1,"is_hardmode":false,"path_taken":["M","?","?","M","M","E","R","M","T","$","?","E","M","M","R","BOSS","M","$","M","?","?","E","M","M"],"build_version":"2018-01-04-PROD1","purchased_purges":1,"victory":false,"master_deck":["Strike_R","Strike_R","Strike_R","Strike_R","Defend_R","Defend_R","Defend_R","Defend_R","Bash","Armaments","Spot Weakness","Cleave","Limit Break","Apotheosis","Entrench","Headbutt","Dual Wield","Double Tap","Searing Blow","Panache","Heavy Blade","Writhe","Spot Weakness","Shrug It Off"],"max_hp_per_floor":[80,80,80,80,80,80,80,80,80,80,80,80,80,80,80,80,80,80,80,80,80,80,80,80],"relics":["Burning Blood","Prayer Wheel","Tiny Chest","Art of War","Juzu Bracelet","Eternal Feather","Regal Pillow","Bronze Scales"],"campfire_meditates":0,"card_choices":[{"not_picked":["Disarm","Perfected Strike"],"picked":"Armaments"},{"not_picked":["Burning Pact","Headbutt"],"picked":"Spot Weakness"},{"not_picked":["Wild Strike","Perfected Strike"],"picked":"Cleave"},{"not_picked":["Entrench","Dual Wield"],"picked":"Limit Break"},{"not_picked":["Exhume","Thunderclap"],"picked":"Entrench"},{"not_picked":["Cleave","Warcry"],"picked":"Headbutt"},{"not_picked":["Havoc","Iron Wave"],"picked":"Dual Wield"},{"not_picked":["Reaper","Dark Embrace"],"picked":"Double Tap"},{"not_picked":["Disarm","Shrug It Off"],"picked":"Heavy Blade"},{"not_picked":["Shockwave","Bloodletting"],"picked":"Spot Weakness"},{"not_picked":["Sever Soul","Sword Boomerang"],"picked":"Shrug It Off"}],"player_experience":155485,"potions_floor_usage":[4,6,12,16,23],"damage_taken":[{"damage":6,"enemies":"Jaw Worm","floor":1,"turns":6},{"damage":8,"enemies":"Small Slimes","floor":4,"turns":3},{"damage":6,"enemies":"Blue Slaver","floor":5,"turns":5},{"damage":9,"enemies":"3 Sentries","floor":6,"turns":8},{"damage":11,"enemies":"Exordium Wildlife","floor":8,"turns":4},{"damage":36,"enemies":"Gremlin Nob","floor":12,"turns":4},{"damage":0,"enemies":"Large Slime","floor":13,"turns":6},{"damage":14,"enemies":"3 Louse","floor":14,"turns":3},{"damage":36,"enemies":"Hexaghost","floor":16,"turns":7},{"damage":24,"enemies":"Chosen","floor":18,"turns":7},{"damage":19,"enemies":"Spheric Guardian","floor":20,"turns":5},{"damage":26,"enemies":"Slavers","floor":23,"turns":5},{"damage":23,"enemies":"Snecko","floor":24,"turns":4},{"damage":13,"enemies":"3 Cultists","floor":25,"turns":2}],"event_choices":[{"event_name":"Shining Light","player_choice":"Entered Light","floor":2,"damage_taken":0},{"event_name":"Liars Game","player_choice":"agreed","floor":3,"damage_taken":0},{"event_name":"Living Wall","player_choice":"Forget","floor":11,"damage_taken":0},{"event_name":"The Mausoleum","player_choice":"Yes","floor":21,"damage_taken":0},{"event_name":"Match and Keep!","player_choice":"0 cards matched","floor":22,"damage_taken":0}],"boss_relics":[{"not_picked":["Ectoplasm","Calling Bell"],"picked":"Eternal Feather"}],"potions_floor_spawned":[1,5,6,12,20],"seed_played":"-7075190717794726007","killed_by":"3 Cultists","is_trial":false}