{"gold_per_floor":[110,35,35,35,51,83,93,93,93,93,112,125,138,62,62,167,167,186,0,0,10,10,10,28,39,89,89,120,20,20,20,20,20],"floor_reached":33,"playtime":2790,"items_purged":["Strike_B","Strike_B"],"score":290,"play_id":"7e7f0957-8e72-405d-bd70-915ac7738e86","local_time":"20181207212025","is_ascension_mode":false,"campfire_choices":[{"data":"Zap","floor":8,"key":"SMITH"},{"data":"Dualcast","floor":10,"key":"SMITH"},{"data":"Fission","floor":15,"key":"SMITH"},{"data":"Doom and Gloom","floor":23,"key":"SMITH"},{"data":"Rainbow","floor":27,"key":"SMITH"},{"data":"Capacitor","floor":32,"key":"SMITH"}],"neow_cost":"NONE","seed_source_timestamp":608702466932706,"circlet_count":0,"master_deck":["Strike_B","Defend_B","Defend_B","Defend_B","Defend_B","Zap+1","Dualcast+1","Compile Driver","Cold Snap","Stack","Conserve Battery","Hologram","Fission+1","Glacier","BootSequence","Rainbow+1","Necronomicurse","Doom and Gloom+1","Darkness","Capacitor+1","Barrage"],"relics":["FrozenCore","NeowsBlessing","NlothsMask","Letter Opener","Necronomicon","Vajra","DataDisk","Nloth\u0027s Gift"],"potions_floor_usage":[16,28],"damage_taken":[{"damage":0,"enemies":"Cultist","floor":1,"turns":1},{"damage":0,"enemies":"2 Louse","floor":5,"turns":1},{"damage":0,"enemies":"Lagavulin","floor":6,"turns":1},{"damage":0,"enemies":"Small Slimes","floor":7,"turns":3},{"damage":1,"enemies":"Red Slaver","floor":11,"turns":3},{"damage":0,"enemies":"Exordium Wildlife","floor":12,"turns":1},{"damage":0,"enemies":"3 Louse","floor":13,"turns":3},{"damage":2,"enemies":"The Guardian","floor":16,"turns":14},{"damage":0,"enemies":"Chosen","floor":18,"turns":5},{"damage":0,"enemies":"2 Thieves","floor":21,"turns":4},{"damage":2,"enemies":"Centurion and Healer","floor":24,"turns":5},{"damage":0,"enemies":"Cultist and Chosen","floor":25,"turns":5},{"damage":2,"enemies":"Book of Stabbing","floor":28,"turns":5},{"damage":41,"enemies":"Automaton","floor":33,"turns":6}],"seed_played":"-49573306934239068","potions_obtained":[{"floor":1,"key":"Strength Potion"},{"floor":12,"key":"Fire Potion"},{"floor":13,"key":"Poison Potion"},{"floor":25,"key":"AttackPotion"}],"is_trial":false,"path_per_floor":["M","$","?","?","M","E","M","R","T","R","M","M","M","$","R","B",null,"M","?","?","M","?","R","M","M","T","R","E","$","?","?","R","B"],"character_chosen":"DEFECT","items_purchased":["BootSequence"],"campfire_rested":0,"item_purchase_floors":[14],"current_hp_per_floor":[75,75,68,68,68,68,68,68,68,68,67,67,67,67,67,65,75,75,75,59,59,59,59,57,57,57,57,55,55,41,41,41,0],"gold":20,"neow_bonus":"THREE_ENEMY_KILL","is_prod":false,"is_daily":false,"chose_seed":false,"campfire_upgraded":6,"win_rate":0,"timestamp":1544235625,"path_taken":["M","?","?","?","M","E","M","R","T","R","?","M","M","?","R","BOSS","M","?","?","M","?","R","M","M","T","R","E","$","?","?","R","BOSS"],"build_version":"2018-12-06","purchased_purges":2,"victory":false,"max_hp_per_floor":[75,75,75,75,75,75,75,75,75,75,75,75,75,75,75,75,75,75,75,75,75,75,75,75,75,75,75,75,75,80,80,80,80],"card_choices":[{"not_picked":["Tempest","Recycle"],"picked":"Compile Driver","floor":1},{"not_picked":["Redo","Chaos"],"picked":"Cold Snap","floor":5},{"not_picked":["Beam Cell","Storm"],"picked":"Stack","floor":6},{"not_picked":["Beam Cell","Leap"],"picked":"Conserve Battery","floor":7},{"not_picked":["Hello World","Go for the Eyes"],"picked":"Hologram","floor":11},{"not_picked":["Conserve Battery","Turbo"],"picked":"Fission","floor":12},{"not_picked":["Conserve Battery","Chaos"],"picked":"Glacier","floor":13},{"not_picked":["Seek","Fission"],"picked":"Rainbow","floor":16},{"not_picked":["Streamline","Aggregate","Gash+1"],"picked":"SKIP","floor":18},{"not_picked":["Cold Snap","Static Discharge"],"picked":"Doom and Gloom","floor":21},{"not_picked":["Genetic Algorithm","Reprogram"],"picked":"Darkness","floor":24},{"not_picked":["Ball Lightning","Redo"],"picked":"Capacitor","floor":25},{"not_picked":["Compile Driver","Fusion"],"picked":"Barrage","floor":28}],"player_experience":378512,"relics_obtained":[{"floor":6,"key":"Letter Opener"},{"floor":20,"key":"Necronomicon"},{"floor":26,"key":"DataDisk"},{"floor":28,"key":"Gremlin Horn"}],"event_choices":[{"cards_removed":["Strike_B"],"damage_healed":0,"gold_gain":0,"player_choice":"Card Removal","damage_taken":7,"max_hp_gain":0,"max_hp_loss":0,"event_name":"Golden Wing","floor":3,"gold_loss":0},{"damage_healed":0,"gold_gain":0,"player_choice":"Trade","damage_taken":0,"relics_obtained":["NlothsMask"],"max_hp_gain":0,"max_hp_loss":0,"event_name":"FaceTrader","floor":4,"gold_loss":0},{"damage_healed":0,"gold_gain":0,"player_choice":"Paid Fearfully","damage_taken":0,"max_hp_gain":0,"max_hp_loss":0,"event_name":"Masked Bandits","floor":19,"gold_loss":186},{"damage_healed":0,"gold_gain":0,"player_choice":"Obtained Book","damage_taken":16,"max_hp_gain":0,"max_hp_loss":0,"event_name":"Cursed Tome","floor":20,"gold_loss":0},{"damage_healed":0,"gold_gain":0,"player_choice":"Opened","damage_taken":0,"relics_obtained":["Vajra"],"max_hp_gain":0,"max_hp_loss":0,"event_name":"The Mausoleum","floor":22,"gold_loss":0},{"damage_healed":0,"gold_gain":0,"player_choice":"Shed Blood","damage_taken":19,"max_hp_gain":5,"max_hp_loss":0,"event_name":"Forgotten Altar","floor":30,"gold_loss":0},{"damage_healed":0,"gold_gain":0,"player_choice":"Traded Relic","damage_taken":0,"relics_obtained":["Nloth\u0027s Gift"],"max_hp_gain":0,"max_hp_loss":0,"event_name":"N\u0027loth","floor":31,"relics_lost":["Gremlin Horn"],"gold_loss":0}],"is_beta":false,"boss_relics":[{"not_picked":["Orrery","Astrolabe"],"picked":"FrozenCore"}],"items_purged_floors":[2,29],"is_endless":false,"potions_floor_spawned":[1,12,13,25],"killed_by":"Automaton","ascension_level":0}