{"path_per_floor":["M","?","M","M","M","?","E","M","T","R","M","E","R","M","R"],"character_chosen":"THE_SILENT","items_purchased":[],"gold_per_floor":[113,113,127,145,157,226,252,262,262,262,278,308,308,318,318,318],"floor_reached":16,"campfire_rested":3,"playtime":749,"current_hp_per_floor":[55,55,55,55,52,52,39,19,19,40,33,27,48,34,55,0],"items_purged":[],"gold":318,"score":165,"play_id":"0b65e357-0721-40eb-b9ae-c850fedc8a50","local_time":"20180410172649","is_prod":false,"is_daily":false,"chose_seed":false,"is_ascension_mode":true,"campfire_upgraded":0,"timestamp":1523402809,"path_taken":["M","?","M","M","M","?","E","M","T","R","M","E","R","M","R","BOSS"],"build_version":"2018-04-10","seed_source_timestamp":920100599738472,"purchased_purges":0,"victory":false,"master_deck":["Defend_G","Defend_G","Defend_G","Defend_G","Defend_G","Strike_G","Strike_G","Strike_G","Strike_G","Survivor","Neutralize","Accuracy","Cloak And Dagger","Dagger Spray","Footwork","Choke","Accuracy","After Image","Distraction","Cloak And Dagger","Blade Dance"],"max_hp_per_floor":[70,70,70,70,70,70,70,70,70,70,70,70,70,70,70,70],"relics":["Orrery","Ornamental Fan","Question Card","Gremlin Horn"],"card_choices":[{"not_picked":["Backflip","Outmaneuver"],"picked":"Accuracy","floor":0},{"not_picked":["Slice","Bane"],"picked":"Cloak And Dagger","floor":0},{"not_picked":["Caltrops","Storm of Steel"],"picked":"Dagger Spray","floor":0},{"not_picked":["Deadly Poison","Flechettes"],"picked":"Footwork","floor":0},{"not_picked":["Acrobatics","Flechettes"],"picked":"Choke","floor":0},{"not_picked":["Skewer","Outmaneuver"],"picked":"Accuracy","floor":5},{"not_picked":["Reflex","Calculated Gamble"],"picked":"After Image","floor":7},{"not_picked":["Poisoned Stab","Deadly Poison"],"picked":"Distraction","floor":8},{"not_picked":["Catalyst","Accuracy","Deflect"],"picked":"Cloak And Dagger","floor":12},{"not_picked":["Calculated Gamble","Well Laid Plans","Concentrate"],"picked":"Blade Dance","floor":14}],"player_experience":291974,"potions_floor_usage":[7,11,12,12],"damage_taken":[{"damage":8,"enemies":"2 Louse","floor":1,"turns":3},{"damage":0,"enemies":"Cultist","floor":3,"turns":4},{"damage":0,"enemies":"Small Slimes","floor":4,"turns":4},{"damage":3,"enemies":"Blue Slaver","floor":5,"turns":5},{"damage":28,"enemies":"Gremlin Nob","floor":7,"turns":6},{"damage":20,"enemies":"3 Louse","floor":8,"turns":6},{"damage":7,"enemies":"Red Slaver","floor":11,"turns":5},{"damage":6,"enemies":"3 Sentries","floor":12,"turns":5},{"damage":14,"enemies":"Exordium Thugs","floor":14,"turns":10},{"damage":72,"enemies":"Slime Boss","floor":16,"turns":11}],"event_choices":[{"event_name":"Wheel of Change","player_choice":"Card Removal","floor":2,"damage_taken":0},{"event_name":"Golden Wing","player_choice":"Gained Gold","floor":6,"damage_taken":0}],"boss_relics":[],"potions_floor_spawned":[5,7,8,11],"seed_played":"-7561943754741809264","killed_by":"Slime Boss","ascension_level":9,"is_trial":false}