{"gold_per_floor":[117,117,117,117,135,175,125,144,144,157,5,26,52,73,73,202,202,218,218,63,84,99,99,133,133,160,160,181,225,24,57,57,57],"floor_reached":33,"playtime":1620,"items_purged":["Strike_B"],"score":416,"play_id":"c7391dc6-9363-4635-8394-71c017e9015a","local_time":"20190109124510","is_ascension_mode":true,"campfire_choices":[{"data":"Fission","floor":15,"key":"SMITH"},{"data":"1","floor":23,"key":"LIFT"},{"data":"2","floor":32,"key":"LIFT"}],"neow_cost":"NONE","seed_source_timestamp":0,"circlet_count":0,"master_deck":["Strike_B","Strike_B","Defend_B","Defend_B","Defend_B+1","Defend_B","Zap","Dualcast+1","Ball Lightning+1","Reprogram","Fission+1","FTL","Sweeping Beam","Ball Lightning","Electrodynamics","Rebound","Capacitor","Ball Lightning","Coolheaded+1","Ball Lightning+1","Defragment","Lockon","Fission+1"],"special_seed":0,"relics":["Cracked Core","NeowsBlessing","Golden Idol","Mango","Meat on the Bone","Sundial","Oddly Smooth Stone","Pen Nib","Fusion Hammer","Girya","Potion Belt","Whetstone","MutagenicStrength","StoneCalendar","DollysMirror","Vajra"],"potions_floor_usage":[21,31,31,33,33,33],"damage_taken":[{"damage":0.0,"enemies":"Small Slimes","floor":1.0,"turns":1.0},{"damage":0.0,"enemies":"Jaw Worm","floor":5.0,"turns":1.0},{"damage":0.0,"enemies":"Lagavulin","floor":6.0,"turns":1.0},{"damage":0.0,"enemies":"2 Louse","floor":8.0,"turns":1.0},{"damage":8.0,"enemies":"Blue Slaver","floor":10.0,"turns":3.0},{"damage":6,"enemies":"Exordium Wildlife","floor":12,"turns":2},{"damage":5,"enemies":"Red Slaver","floor":14,"turns":2},{"damage":19,"enemies":"Slime Boss","floor":16,"turns":6},{"damage":0,"enemies":"Spheric Guardian","floor":18,"turns":3},{"damage":6,"enemies":"Shell Parasite","floor":21,"turns":2},{"damage":0,"enemies":"3 Cultists","floor":22,"turns":2},{"damage":0,"enemies":"Gremlin Leader","floor":24,"turns":4},{"damage":0,"enemies":"Sentry and Sphere","floor":28,"turns":2},{"damage":30,"enemies":"Book of Stabbing","floor":29,"turns":3},{"damage":6,"enemies":"Slavers","floor":31,"turns":2},{"damage":63,"enemies":"Collector","floor":33,"turns":6}],"seed_played":"8312358562470204131","potions_obtained":[{"floor":1.0,"key":"GamblersBrew"},{"floor":6.0,"key":"Poison Potion"},{"floor":12,"key":"AttackPotion"},{"floor":22,"key":"FocusPotion"},{"floor":24,"key":"FearPotion"},{"floor":31,"key":"SkillPotion"}],"is_trial":false,"path_per_floor":["M","?","?","T","M","E","?","M","T","M","$","M","T","M","R","B",null,"M","T","$","M","M","R","E","?","T","?","M","E","$","E","R","B"],"character_chosen":"DEFECT","items_purchased":["Oddly Smooth Stone","Capacitor","DollysMirror"],"campfire_rested":0,"item_purchase_floors":[11,20,30],"current_hp_per_floor":[75,60,42,56,56,56,56,56,56,48,48,54,54,49,49,42,89,89,89,89,83,83,83,83,83,83,83,83,53,53,47,47,0],"gold":57,"neow_bonus":"THREE_ENEMY_KILL","is_prod":false,"is_daily":false,"chose_seed":false,"campfire_upgraded":1,"win_rate":0,"timestamp":1547037910,"path_taken":["M","?","?","?","M","E","?","M","T","M","$","?","?","M","R","BOSS","M","?","$","M","M","R","E","?","T","?","M","E","$","E","R","BOSS"],"build_version":"2019-01-03v4","purchased_purges":1,"victory":false,"max_hp_per_floor":[75,75,75,89,89,89,89,89,89,89,89,89,89,89,89,89,89,89,89,89,89,89,89,89,89,89,89,89,89,89,89,89,89],"card_choices":[{"not_picked":["Melter","Conserve Battery"],"picked":"Ball Lightning","floor":1.0},{"not_picked":["Scrape","Go for the Eyes"],"picked":"Reprogram","floor":5.0},{"not_picked":["Cold Snap","Leap"],"picked":"Fission","floor":6.0},{"not_picked":["Reprogram","Sweeping Beam"],"picked":"FTL","floor":8.0},{"not_picked":["Reinforced Body","Scrape"],"picked":"Sweeping Beam","floor":10.0},{"not_picked":["Aggregate","Gash","Beam Cell"],"picked":"SKIP","floor":12},{"not_picked":["Reinforced Body","Steam Power"],"picked":"Ball Lightning","floor":14},{"not_picked":["Thunder Strike","Meteor Strike"],"picked":"Electrodynamics","floor":16},{"not_picked":["Undo","Gash+1"],"picked":"Rebound","floor":18},{"not_picked":["Reprogram","Go for the Eyes+1"],"picked":"Ball Lightning","floor":21},{"not_picked":["BootSequence","Beam Cell+1"],"picked":"Coolheaded+1","floor":22},{"not_picked":["Sweeping Beam+1","Reboot"],"picked":"Ball Lightning","floor":24},{"not_picked":["Fusion","Barrage"],"picked":"Lockon","floor":28},{"not_picked":["Recycle","Stack","Streamline"],"picked":"SKIP","floor":29},{"not_picked":["Storm+1","Rainbow","Reinforced Body"],"picked":"SKIP","floor":31}],"player_experience":102781,"relics_obtained":[{"floor":4.0,"key":"Mango"},{"floor":6.0,"key":"Meat on the Bone"},{"floor":9.0,"key":"Sundial"},{"floor":13,"key":"Pen Nib"},{"floor":19,"key":"Girya"},{"floor":24,"key":"Potion Belt"},{"floor":26,"key":"Whetstone"},{"floor":29,"key":"StoneCalendar"},{"floor":31,"key":"Vajra"}],"event_choices":[{"damage_healed":0.0,"max_hp_gain":0.0,"max_hp_loss":0.0,"gold_gain":0.0,"event_name":"Shining Light","player_choice":"Entered Light","floor":2.0,"gold_loss":0.0,"damage_taken":15.0,"cards_upgraded":["Defend_B","Dualcast"]},{"damage_healed":0.0,"max_hp_gain":0.0,"max_hp_loss":0.0,"gold_gain":0.0,"event_name":"Golden Idol","player_choice":"Take Damage","floor":3.0,"gold_loss":0.0,"damage_taken":18.0,"relics_obtained":["Golden Idol"]},{"cards_removed":["Strike_B"],"damage_healed":0.0,"max_hp_gain":0.0,"max_hp_loss":0.0,"gold_gain":0.0,"event_name":"The Cleric","player_choice":"Card Removal","floor":7.0,"gold_loss":50.0,"damage_taken":0.0},{"damage_healed":0,"gold_gain":0,"player_choice":"Read","damage_taken":0,"max_hp_gain":0,"max_hp_loss":0,"event_name":"The Library","floor":25,"gold_loss":0,"cards_obtained":["Defragment"]},{"damage_healed":0,"gold_gain":0,"player_choice":"Inject Mutagens","damage_taken":0,"relics_obtained":["MutagenicStrength"],"max_hp_gain":0,"max_hp_loss":0,"event_name":"Drug Dealer","floor":27,"gold_loss":0}],"is_beta":false,"boss_relics":[{"not_picked":["Nuclear Battery","Velvet Choker"],"picked":"Fusion Hammer"}],"items_purged_floors":[20],"is_endless":false,"potions_floor_spawned":[1,6,12,22,24,31],"killed_by":"Collector","ascension_level":2}