{"path_per_floor":["M","?","$","T","M","R","E","R","T","?","T","?","E","M","R","B",null,"M","M","M","?","$","E","R","$","T","E","?","?","R","?","R","B",null,"M","?","?","$","M","E","R","E","T","?","R","M","M","M","R","B"],"character_chosen":"IRONCLAD","items_purchased":["Rupture","Offering","Battle Trance","Shrug It Off"],"gold_per_floor":[109,109,34,87,98,98,132,132,187,137,162,162,197,213,213,318,318,331,341,357,272,37,68,68,68,91,122,122,22,22,22,22,121,121,134,134,134,45,56,83,83,111,111,0,0,13,31,43,43,43],"floor_reached":51,"campfire_rested":2,"playtime":3695,"current_hp_per_floor":[80,73,73,73,79,79,80,80,80,80,80,62,61,64,64,32,80,75,77,63,63,63,21,21,21,21,23,23,23,62,62,62,49,80,52,72,72,72,71,42,80,79,79,79,79,75,70,76,76,13],"items_purged":["Defend_R"],"gold":43,"play_id":"95a0de67-c830-4628-b98f-dcca14911f47","is_prod":false,"is_daily":false,"campfire_rituals":0,"campfire_upgraded":7,"is_hardmode":false,"path_taken":["M","?","$","?","M","R","E","R","T","?","?","?","E","M","R","BOSS","M","M","M","?","$","E","R","$","T","E","?","?","R","?","R","BOSS","M","?","?","$","M","E","R","E","T","?","R","M","M","M","R","BOSS"],"build_version":"2018-01-11-PROD2","purchased_purges":1,"victory":true,"master_deck":["Defend_R","Defend_R","Bash","Seeing Red","Twin Strike","Pommel Strike","Hemokinesis","Limit Break","Headbutt","Flex","Rupture","Offering","Headbutt","Limit Break","J.A.X.","Double Tap","Pommel Strike","Immolate","Pummel","Pummel","Battle Trance","Shrug It Off","Heavy Blade","Spot Weakness","Armaments"],"max_hp_per_floor":[80,80,80,80,80,80,80,80,80,80,80,80,80,80,80,80,80,80,80,80,80,80,80,80,80,80,80,80,80,80,80,80,80,80,80,80,80,80,80,80,80,80,80,80,80,80,80,80,80,80],"relics":["Burning Blood","NeowsBlessing","Whetstone","Molten Egg","Tiny Chest","Vajra","War Paint","Regal Pillow","Mark of Pain","Ancient Tea Set","Omamori","Toxic Egg","Unceasing Top","Astrolabe","Letter Opener","Juzu Bracelet","Red Mask"],"campfire_meditates":0,"card_choices":[{"not_picked":["Armaments","Iron Wave"],"picked":"Seeing Red"},{"not_picked":["Sever Soul","Rupture"],"picked":"Twin Strike"},{"not_picked":["Uppercut","Rupture"],"picked":"Pommel Strike"},{"not_picked":["Blood for Blood","Uppercut"],"picked":"Hemokinesis"},{"not_picked":["Brutality","Impervious"],"picked":"Limit Break"},{"not_picked":["Anger","Carnage"],"picked":"Headbutt"},{"not_picked":["Warcry","Uppercut"],"picked":"Flex"},{"not_picked":["Pummel","Sword Boomerang"],"picked":"Headbutt"},{"not_picked":["Burning Pact","Blood for Blood"],"picked":"Limit Break"},{"not_picked":["Brutality","Limit Break"],"picked":"Double Tap"},{"not_picked":["Burning Pact","Shockwave"],"picked":"Pummel"},{"not_picked":["Twin Strike","Body Slam"],"picked":"Heavy Blade"},{"not_picked":["Reckless Charge","Carnage"],"picked":"Spot Weakness"},{"not_picked":["Dropkick","Perfected Strike"],"picked":"Armaments"}],"player_experience":207766,"potions_floor_usage":[16,27,47,48,48,50],"damage_taken":[{"damage":0,"enemies":"Cultist","floor":1,"turns":1},{"damage":0,"enemies":"Jaw Worm","floor":5,"turns":1},{"damage":0,"enemies":"Gremlin Nob","floor":7,"turns":1},{"damage":7,"enemies":"Lagavulin","floor":13,"turns":5},{"damage":3,"enemies":"2 Louse","floor":14,"turns":1},{"damage":38,"enemies":"Hexaghost","floor":16,"turns":6},{"damage":11,"enemies":"2 Thieves","floor":18,"turns":3},{"damage":4,"enemies":"3 Byrds","floor":19,"turns":4},{"damage":20,"enemies":"Snake Plant","floor":20,"turns":3},{"damage":48,"enemies":"Slavers","floor":23,"turns":4},{"damage":4,"enemies":"Gremlin Leader","floor":27,"turns":5},{"damage":19,"enemies":"Champ","floor":33,"turns":4},{"damage":34,"enemies":"3 Shapes","floor":35,"turns":3},{"damage":7,"enemies":"3 Darklings","floor":39,"turns":3},{"damage":35,"enemies":"Nemesis","floor":40,"turns":4},{"damage":7,"enemies":"2 Orb Walkers","floor":42,"turns":1},{"damage":10,"enemies":"4 Shapes","floor":46,"turns":2},{"damage":11,"enemies":"Sphere and 2 Shapes","floor":47,"turns":3},{"damage":0,"enemies":"3 Darklings","floor":48,"turns":2},{"damage":69,"enemies":"Time Eater","floor":50,"turns":5}],"event_choices":[{"event_name":"Golden Wing","player_choice":"Card Removal","floor":2,"damage_taken":0},{"event_name":"The Cleric","player_choice":"Card Removal","floor":10,"damage_taken":0},{"event_name":"Scrap Ooze","player_choice":"success","floor":12,"damage_taken":18},{"event_name":"Addict","player_choice":"Obtained Relic","floor":21,"damage_taken":0},{"event_name":"Vampires","player_choice":"Ignored","floor":28,"damage_taken":0},{"event_name":"Drug Dealer","player_choice":"Got JAXXED","floor":29,"damage_taken":0},{"event_name":"Beggar","player_choice":"Ignored","floor":31,"damage_taken":0},{"event_name":"Winding Halls","player_choice":"Writhe","floor":36,"damage_taken":0},{"event_name":"Tomb of Lord Red Mask","player_choice":"Paid","floor":44,"damage_taken":0}],"boss_relics":[{"not_picked":["Snecko Eye","Eternal Feather"],"picked":"Mark of Pain"},{"not_picked":["White Beast Statue","Velvet Choker"],"picked":"Astrolabe"}],"potions_floor_spawned":[5,7,13,18,20,33,35,46,47,48],"seed_played":"-3122252862629126439","is_trial":false}