{"gold_per_floor":[117,217,236,250,250,250,283,283,283,300,318,335,355,355],"floor_reached":14,"playtime":430,"items_purged":[],"score":188,"play_id":"b6140e1c-ab70-414b-b4eb-31df293bffe9","local_time":"20190430172654","is_ascension_mode":true,"campfire_choices":[{"data":"Armaments","floor":6,"key":"SMITH"},{"floor":8,"key":"REST"}],"neow_cost":"NONE","seed_source_timestamp":3731934442698226,"circlet_count":0,"master_deck":["AscendersBane","Strike_R","Strike_R","Strike_R","Strike_R","Strike_R","Defend_R","Defend_R","Defend_R","Defend_R","Bash","Armaments+1","Feed","Inflame","Rage","Body Slam","Thunderclap"],"relics":["Burning Blood","Mummified Hand","Blue Candle"],"potions_floor_usage":[7,12,14],"damage_taken":[{"damage":9,"enemies":"2 Louse","floor":1,"turns":3},{"damage":6,"enemies":"Cultist","floor":3,"turns":3},{"damage":7,"enemies":"Jaw Worm","floor":4,"turns":3},{"damage":60,"enemies":"Lagavulin","floor":7,"turns":6},{"damage":31,"enemies":"Lots of Slimes","floor":10,"turns":6},{"damage":6,"enemies":"Blue Slaver","floor":11,"turns":5},{"damage":15,"enemies":"Exordium Wildlife","floor":12,"turns":2},{"damage":4,"enemies":"Looter","floor":13,"turns":4},{"damage":30,"enemies":"Gremlin Nob","floor":14,"turns":3}],"seed_played":"-3077683342523792611","potions_obtained":[{"floor":4,"key":"BloodPotion"},{"floor":11,"key":"Explosive Potion"},{"floor":12,"key":"Block Potion"}],"is_trial":false,"path_per_floor":["M","?","M","M","?","R","E","R","T","M","M","M","M","E"],"character_chosen":"IRONCLAD","items_purchased":[],"campfire_rested":1,"item_purchase_floors":[],"current_hp_per_floor":[72,72,72,71,71,71,25,49,49,27,27,21,23,0],"gold":355,"neow_bonus":"TEN_PERCENT_HP_BONUS","is_prod":false,"is_daily":false,"chose_seed":false,"campfire_upgraded":1,"win_rate":0,"timestamp":1556641614,"path_taken":["M","?","?","M","?","R","E","R","T","M","M","?","M","E"],"build_version":"2019-01-23","purchased_purges":0,"victory":false,"max_hp_per_floor":[82,82,82,82,82,82,82,82,82,85,85,88,88,88],"card_choices":[{"not_picked":["Warcry","Clothesline"],"picked":"Armaments","floor":1},{"not_picked":["Warcry","Pommel Strike","Corruption"],"picked":"SKIP","floor":3},{"not_picked":["Blood for Blood","Havoc","Corruption"],"picked":"SKIP","floor":4},{"not_picked":["Flex","Fire Breathing"],"picked":"Feed","floor":7},{"not_picked":["True Grit","Burning Pact"],"picked":"Inflame","floor":10},{"not_picked":["Fire Breathing","Cleave"],"picked":"Rage","floor":11},{"not_picked":["Havoc","Perfected Strike"],"picked":"Body Slam","floor":12},{"not_picked":["Clothesline","Wild Strike"],"picked":"Thunderclap","floor":13}],"player_experience":739180,"relics_obtained":[{"floor":7,"key":"Mummified Hand"},{"floor":9,"key":"Blue Candle"}],"event_choices":[{"damage_healed":0,"gold_gain":100,"player_choice":"Gold","damage_taken":0,"max_hp_gain":0,"max_hp_loss":0,"event_name":"Wheel of Change","floor":2,"gold_loss":0},{"damage_healed":0,"gold_gain":0,"player_choice":"Ignored","damage_taken":0,"max_hp_gain":0,"max_hp_loss":0,"event_name":"Purifier","floor":5,"gold_loss":0}],"is_beta":false,"boss_relics":[],"items_purged_floors":[],"is_endless":false,"potions_floor_spawned":[4,11,12],"killed_by":"Gremlin Nob","ascension_level":20}