{"gold_per_floor":[117,67,67,67,91,91,91,91,91,115,115,128,128,147,147,273,273,296,316,316,336,336,336,372,372,396,95,95,133,133,151,151,282,282,295,295,115,115,135,135,135,149,222,222,555,75,105,116,116,116],"floor_reached":50,"playtime":2644,"items_purged":["Strike_G+1"],"score":724,"play_id":"2eaa8784-1beb-44db-b807-320ef55f0028","local_time":"20180914204024","is_ascension_mode":true,"campfire_choices":[{"floor":6,"key":"REST"},{"data":"Predator","floor":8,"key":"SMITH"},{"data":"Neutralize","floor":11,"key":"SMITH"},{"floor":15,"key":"DIG"},{"floor":23,"key":"REST"},{"floor":25,"key":"REST"},{"floor":30,"key":"REST"},{"floor":32,"key":"REST"},{"floor":40,"key":"REST"},{"floor":47,"key":"DIG"},{"floor":49,"key":"DIG"}],"neow_cost":"CURSE","seed_source_timestamp":24256078107857,"circlet_count":0,"master_deck":["Defend_G+1","Defend_G+1","Defend_G+1","Defend_G+1","Defend_G+1","Strike_G+1","Strike_G+1","Survivor","Neutralize+1","AscendersBane","Predator+1","Flying Knee","Deadly Poison","Footwork","Adrenaline","Backstab","Dodge and Roll","Burst","Footwork","Footwork","Adrenaline","Dagger Throw+1","Secret Technique","Apotheosis","Quick Slash","Flying Knee+1","Bouncing Flask","Metamorphosis","Cloak And Dagger+1"],"relics":["Ring of the Snake","Calipers","Blood Vial","Shovel","Tingsha","WristBlade","Enchiridion","Dodecahedron","Regal Pillow","Oddly Smooth Stone","Juzu Bracelet","The Specimen","Philosopher\u0027s Stone","Pantograph","Strawberry","Tiny Chest","Mercury Hourglass"],"potions_floor_usage":[16,18,21,21,24,33],"damage_taken":[{"damage":4,"enemies":"2 Louse","floor":1,"turns":3},{"damage":0,"enemies":"Cultist","floor":5,"turns":3},{"damage":0,"enemies":"Small Slimes","floor":10,"turns":2},{"damage":0,"enemies":"Looter","floor":12,"turns":3},{"damage":6,"enemies":"2 Fungi Beasts","floor":14,"turns":3},{"damage":44,"enemies":"The Guardian","floor":16,"turns":13},{"damage":0,"enemies":"Shell Parasite","floor":18,"turns":5},{"damage":11,"enemies":"Spheric Guardian","floor":19,"turns":3},{"damage":3,"enemies":"Cultist and Chosen","floor":21,"turns":6},{"damage":25,"enemies":"Book of Stabbing","floor":24,"turns":6},{"damage":50,"enemies":"Gremlin Leader","floor":29,"turns":9},{"damage":11,"enemies":"Centurion and Healer","floor":31,"turns":12},{"damage":55,"enemies":"Automaton","floor":33,"turns":15},{"damage":10,"enemies":"3 Shapes","floor":35,"turns":5},{"damage":19,"enemies":"3 Darklings","floor":39,"turns":6},{"damage":8,"enemies":"Spire Growth","floor":42,"turns":8},{"damage":10,"enemies":"Reptomancer","floor":48,"turns":5},{"damage":78,"enemies":"Donu and Deca","floor":50,"turns":8}],"seed_played":"6810257561424406528","potions_obtained":[{"floor":10,"key":"GhostInAJar"},{"floor":12,"key":"Energy Potion"},{"floor":18,"key":"AttackPotion"},{"floor":19,"key":"FearPotion"},{"floor":21,"key":"SteroidPotion"},{"floor":29,"key":"EssenceOfSteel"}],"is_trial":false,"path_per_floor":["M","?","?","?","M","R","$","R","T","M","R","M","T","M","R","B",null,"M","M","?","M","?","R","E","R","T","$","$","E","R","M","R","B",null,"M","?","$","?","M","R","?","M","T","?","?","$","R","M","R"],"character_chosen":"THE_SILENT","items_purchased":["Oddly Smooth Stone","Juzu Bracelet","Apotheosis","Bouncing Flask","Strawberry","Metamorphosis"],"campfire_rested":6,"item_purchase_floors":[27,27,37,46,46,46],"current_hp_per_floor":[59,59,52,35,35,56,56,56,56,58,58,60,60,56,56,14,56,58,49,49,48,32,53,30,51,51,51,51,3,39,30,66,13,56,48,48,48,48,31,67,67,61,61,61,61,68,68,60,60,0],"gold":116,"neow_bonus":"ONE_RARE_RELIC","is_prod":false,"is_daily":false,"chose_seed":false,"campfire_upgraded":2,"win_rate":0,"timestamp":1536954024,"path_taken":["M","?","?","?","M","R","$","R","T","M","R","M","?","M","R","BOSS","M","M","?","?","?","R","E","R","T","?","$","E","R","M","R","BOSS","M","?","$","?","M","R","?","M","T","?","?","$","R","M","R","BOSS"],"build_version":"2018-09-06","purchased_purges":1,"victory":false,"max_hp_per_floor":[70,70,70,70,70,70,70,70,70,70,70,70,70,70,70,70,70,70,70,70,70,70,70,70,70,70,70,70,70,70,70,70,70,70,70,70,70,70,70,70,70,70,70,70,70,77,77,77,77,77],"card_choices":[{"not_picked":["Quick Slash","Poisoned Stab"],"picked":"Predator","floor":1},{"not_picked":["Underhanded Strike","Expertise"],"picked":"Flying Knee","floor":5},{"not_picked":["Blade Dance","Reflex"],"picked":"Deadly Poison","floor":10},{"not_picked":["Deflect","Outmaneuver"],"picked":"Footwork","floor":12},{"not_picked":["Bane","Dagger Throw","Masterful Stab"],"picked":"SKIP","floor":14},{"not_picked":["Bullet Time","Burst"],"picked":"Adrenaline","floor":16},{"not_picked":["Poisoned Stab","Dagger Spray+1"],"picked":"Backstab","floor":18},{"not_picked":["Deadly Poison","Footwork","Noxious Fumes"],"picked":"SKIP","floor":19},{"not_picked":["Bane","Underhanded Strike"],"picked":"Dodge and Roll","floor":21},{"not_picked":["Deflect","Poisoned Stab"],"picked":"Burst","floor":24},{"not_picked":["Caltrops","Prepared"],"picked":"Footwork","floor":29},{"not_picked":["Reflex","Sucker Punch+1"],"picked":"Footwork","floor":31},{"not_picked":["Night Terror","Die Die Die"],"picked":"Adrenaline","floor":33},{"not_picked":["Poisoned Stab+1","Flechettes"],"picked":"Dagger Throw+1","floor":35},{"not_picked":["Good Instincts","Madness"],"picked":"Secret Technique","floor":36},{"not_picked":["Slice","Accuracy"],"picked":"Quick Slash","floor":39},{"not_picked":["Dodge and Roll+1","Crippling Poison+1"],"picked":"Flying Knee+1","floor":42},{"not_picked":["Finisher","Dodge and Roll+1"],"picked":"Cloak And Dagger+1","floor":48}],"player_experience":354101,"relics_obtained":[{"floor":9,"key":"Blood Vial"},{"floor":13,"key":"Shovel"},{"floor":15,"key":"Tingsha"},{"floor":22,"key":"Enchiridion"},{"floor":24,"key":"Dodecahedron"},{"floor":26,"key":"Regal Pillow"},{"floor":29,"key":"The Specimen"},{"floor":43,"key":"Pantograph"},{"floor":47,"key":"Tiny Chest"},{"floor":49,"key":"Mercury Hourglass"}],"event_choices":[{"event_name":"The Cleric","player_choice":"Card Removal","floor":2,"damage_taken":0},{"event_name":"Golden Wing","player_choice":"Card Removal","floor":3,"damage_taken":0},{"event_name":"Golden Idol","player_choice":"Take Damage","floor":4,"damage_taken":0},{"event_name":"Back to Basics","player_choice":"Simplicity","floor":20,"damage_taken":0},{"event_name":"Cursed Tome","player_choice":"Obtained Book","floor":22,"damage_taken":0},{"event_name":"SensoryStone","player_choice":"Memory 1","floor":36,"damage_taken":0},{"event_name":"Falling","player_choice":"Removed Attack","floor":38,"damage_taken":0},{"event_name":"Mysterious Sphere","player_choice":"Ignore","floor":41,"damage_taken":0},{"event_name":"Tomb of Lord Red Mask","player_choice":"Ignored","floor":44,"damage_taken":0},{"event_name":"The Moai Head","player_choice":"Gave Idol","floor":45,"damage_taken":0}],"is_beta":false,"boss_relics":[{"not_picked":["Velvet Choker","Busted Crown"],"picked":"WristBlade"},{"not_picked":["White Beast Statue","Lizard Tail"],"picked":"Philosopher\u0027s Stone"}],"items_purged_floors":[46],"is_endless":false,"potions_floor_spawned":[10,12,18,19,21,29],"killed_by":"Donu and Deca","ascension_level":10}