{"gold_per_floor":[110,124,137,137,30,58,58,75,75,75,100,100,119,119,119,215,215,228,99,99,99,118,146,177,177,177,192,220,18,38,58,58,58],"floor_reached":33,"playtime":1777,"items_purged":["Bullet Time"],"score":488,"play_id":"cec6df41-aa93-440b-87a5-a7ca5e91cdd0","local_time":"20190116151833","is_ascension_mode":true,"campfire_choices":[{"floor":7,"key":"REST"},{"floor":10,"key":"REST"},{"data":"Leg Sweep","floor":12,"key":"SMITH"},{"data":"Sucker Punch","floor":15,"key":"SMITH"},{"floor":25,"key":"REST"},{"floor":32,"key":"REST"}],"neow_cost":"NONE","seed_source_timestamp":1892445213785078,"circlet_count":0,"master_deck":["AscendersBane","Defend_G","Defend_G","Defend_G","Defend_G","Defend_G","Strike_G","Strike_G","Strike_G+1","Strike_G+1","Survivor+1","Neutralize","Sucker Punch+1","Deflect","Terror","Dash","Leg Sweep+1","Quick Slash","Blur","Dash","Sucker Punch+1","Footwork+1","Dodge and Roll","All Out Attack+1","Dash","Backflip+1","Parasite","Dagger Spray+1","Leg Sweep+1","Slice","Noxious Fumes"],"relics":["Ring of the Snake","NeowsBlessing","Whetstone","Boot","Mummified Hand","WingedGreaves","Cursed Key","Strawberry","Singing Bowl","Question Card","Centennial Puzzle","Vajra"],"potions_floor_usage":[6,6,6,16,22,23,23,31,31],"damage_taken":[{"damage":0,"enemies":"Cultist","floor":1,"turns":1},{"damage":0,"enemies":"Jaw Worm","floor":2,"turns":1},{"damage":0,"enemies":"Small Slimes","floor":3,"turns":1},{"damage":60,"enemies":"Gremlin Nob","floor":6,"turns":7},{"damage":4,"enemies":"Blue Slaver","floor":8,"turns":4},{"damage":11,"enemies":"3 Sentries","floor":11,"turns":9},{"damage":0,"enemies":"2 Fungi Beasts","floor":13,"turns":4},{"damage":19,"enemies":"The Guardian","floor":16,"turns":15},{"damage":9,"enemies":"Chosen","floor":18,"turns":5},{"damage":2,"enemies":"Spheric Guardian","floor":22,"turns":6},{"damage":2,"enemies":"Gremlin Leader","floor":23,"turns":8},{"damage":31,"enemies":"Slavers","floor":24,"turns":7},{"damage":0,"enemies":"Centurion and Healer","floor":27,"turns":13},{"damage":38,"enemies":"Gremlin Leader","floor":28,"turns":10},{"damage":0,"enemies":"Snake Plant","floor":30,"turns":5},{"damage":0,"enemies":"Shelled Parasite and Fungi","floor":31,"turns":7},{"damage":35,"enemies":"Collector","floor":33,"turns":11}],"seed_played":"-7774573963084754874","potions_obtained":[{"floor":2,"key":"EntropicBrew"},{"floor":6,"key":"SkillPotion"},{"floor":11,"key":"Swift Potion"},{"floor":16,"key":"Ancient Potion"},{"floor":22,"key":"Explosive Potion"},{"floor":28,"key":"GhostInAJar"},{"floor":30,"key":"GhostInAJar"}],"is_trial":false,"path_per_floor":["M","M","M","?","$","E","R","M","T","R","E","R","M","?","R","B",null,"M","$","?","?","M","E","E","R","T","M","E","$","M","M","R","B"],"character_chosen":"THE_SILENT","items_purchased":["Dash","Leg Sweep","Dodge and Roll","Vajra","Slice"],"campfire_rested":4,"item_purchase_floors":[5,5,19,29,29],"current_hp_per_floor":[63,63,63,49,49,4,25,21,21,42,31,31,31,24,24,5,54,45,45,45,45,43,48,17,40,40,40,2,2,2,4,27,0],"gold":58,"neow_bonus":"THREE_ENEMY_KILL","is_prod":false,"is_daily":false,"chose_seed":false,"campfire_upgraded":2,"win_rate":0,"timestamp":1547651913,"path_taken":["M","M","?","?","$","E","R","M","T","R","E","R","M","?","R","BOSS","M","$","?","?","M","E","E","R","T","?","E","$","M","M","R","BOSS"],"build_version":"2019-01-10","purchased_purges":1,"victory":false,"max_hp_per_floor":[70,70,70,70,70,70,70,70,70,70,70,70,70,70,70,70,70,70,70,70,70,70,77,77,77,77,77,77,77,77,79,79,79],"card_choices":[{"not_picked":["Dagger Throw","PiercingWail"],"picked":"Sucker Punch","floor":1},{"not_picked":["Sucker Punch","Heel Hook"],"picked":"Deflect","floor":2},{"not_picked":["Crippling Poison","Setup"],"picked":"Terror","floor":3},{"not_picked":["After Image","Setup"],"picked":"Quick Slash","floor":6},{"not_picked":["Acrobatics","Backflip"],"picked":"Blur","floor":8},{"not_picked":["Sucker Punch","Phantasmal Killer"],"picked":"Dash","floor":11},{"not_picked":["Flying Knee","Dagger Spray"],"picked":"Sucker Punch","floor":13},{"not_picked":["Burst","Venomology"],"picked":"Bullet Time","floor":16},{"not_picked":["PiercingWail","Choke"],"picked":"Footwork+1","floor":18},{"not_picked":["Riddle With Holes","Poisoned Stab"],"picked":"All Out Attack+1","floor":22},{"not_picked":["Predator","Prepared"],"picked":"Dash","floor":23},{"not_picked":["Bane","Choke"],"picked":"Backflip+1","floor":24},{"not_picked":["Expertise","Outmaneuver+1","Blade Dance"],"picked":"Dagger Spray+1","floor":27},{"not_picked":["Quick Slash","Bouncing Flask+1","Terror"],"picked":"Leg Sweep+1","floor":28},{"not_picked":["Slice","Underhanded Strike","Quick Slash+1"],"picked":"Noxious Fumes","floor":30},{"not_picked":["All Out Attack","Heel Hook","Sucker Punch","Noxious Fumes"],"picked":"Singing Bowl","floor":31}],"player_experience":357285,"relics_obtained":[{"floor":6,"key":"Whetstone"},{"floor":9,"key":"Boot"},{"floor":11,"key":"Mummified Hand"},{"floor":23,"key":"Strawberry"},{"floor":24,"key":"Singing Bowl"},{"floor":26,"key":"Question Card"},{"floor":28,"key":"Centennial Puzzle"}],"event_choices":[{"damage_healed":0,"gold_gain":0,"player_choice":"Entered Light","damage_taken":14,"max_hp_gain":0,"max_hp_loss":0,"event_name":"Shining Light","floor":4,"gold_loss":0,"cards_upgraded":["Survivor","Sucker Punch"]},{"damage_healed":0,"gold_gain":0,"player_choice":"Success","damage_taken":7,"relics_obtained":["WingedGreaves"],"max_hp_gain":0,"max_hp_loss":0,"event_name":"Scrap Ooze","floor":14,"gold_loss":0},{"damage_healed":0,"gold_gain":0,"player_choice":"Ignored","damage_taken":0,"max_hp_gain":0,"max_hp_loss":0,"event_name":"Vampires","floor":20,"gold_loss":0},{"cards_removed":["Strike_G"],"damage_healed":0,"gold_gain":0,"player_choice":"Offered Basic","damage_taken":0,"max_hp_gain":0,"max_hp_loss":0,"event_name":"Bonfire Elementals","floor":21,"gold_loss":0}],"is_beta":false,"boss_relics":[{"not_picked":["Orrery","Tiny House"],"picked":"Cursed Key"}],"items_purged_floors":[19],"is_endless":false,"potions_floor_spawned":[2,6,11,16,22,28,30],"killed_by":"Collector","ascension_level":11}