{"gold_per_floor":[109,30,30,0,0,29,29,59,59,91,101,101,118,138,138,234,234,254,254,254,272,272,300,313,313,313,331,331,430,441,441],"floor_reached":31,"playtime":1340,"items_purged":[],"score":436,"play_id":"f576780b-2586-467f-95d8-3333cba021f9","local_time":"20190113155801","is_ascension_mode":true,"campfire_choices":[{"data":"Stack","floor":7,"key":"SMITH"},{"data":"FTL","floor":12,"key":"SMITH"},{"floor":15,"key":"REST"},{"floor":25,"key":"REST"},{"floor":28,"key":"REST"}],"neow_cost":"NONE","seed_source_timestamp":1636038003171145,"circlet_count":0,"master_deck":["Strike_B","Strike_B","Defend_B","Defend_B","Defend_B","Defend_B","Zap","Dualcast","Go for the Eyes","Beam Cell+1","Rebound","Stack+1","FTL+1","Stack","Beam Cell","Reboot","Steam Power+1","Blizzard","Conserve Battery","FTL","Gash","Pain","Hologram","Genetic Algorithm+1"],"relics":["Cracked Core","NeowsBlessing","Shuriken","Incense Burner","Blue Candle","Pocketwatch","Cursed Key","Vajra","Dodecahedron"],"potions_floor_usage":[23,23,27,31],"damage_taken":[{"damage":0,"enemies":"Small Slimes","floor":1,"turns":1},{"damage":0,"enemies":"Lagavulin","floor":6,"turns":1},{"damage":0,"enemies":"3 Sentries","floor":8,"turns":1},{"damage":20,"enemies":"Lagavulin","floor":10,"turns":4},{"damage":0,"enemies":"Cultist","floor":11,"turns":2},{"damage":0,"enemies":"2 Louse","floor":13,"turns":2},{"damage":3,"enemies":"Large Slime","floor":14,"turns":5},{"damage":21,"enemies":"The Guardian","floor":16,"turns":10},{"damage":0,"enemies":"Chosen","floor":18,"turns":3},{"damage":0,"enemies":"Spheric Guardian","floor":21,"turns":3},{"damage":44,"enemies":"Gremlin Leader","floor":23,"turns":9},{"damage":14,"enemies":"Cultist and Chosen","floor":24,"turns":5},{"damage":37,"enemies":"Centurion and Healer","floor":27,"turns":7},{"damage":22,"enemies":"Snake Plant","floor":30,"turns":4},{"damage":7,"enemies":"Sentry and Sphere","floor":31,"turns":4}],"seed_played":"-7532911894398740032","potions_obtained":[{"floor":1,"key":"SkillPotion"},{"floor":13,"key":"SkillPotion"},{"floor":14,"key":"Regen Potion"},{"floor":16,"key":"FairyPotion"},{"floor":24,"key":"Regen Potion"},{"floor":27,"key":"GamblersBrew"},{"floor":30,"key":"EssenceOfSteel"}],"is_trial":false,"path_per_floor":["M","$","?","?","?","E","R","E","T","E","M","R","M","M","R","B",null,"M","?","?","M","?","E","M","R","T","M","R","?","M","M"],"character_chosen":"DEFECT","items_purchased":["Beam Cell","Rebound"],"campfire_rested":3,"item_purchase_floors":[2,2],"current_hp_per_floor":[68,68,61,61,61,61,61,61,61,41,41,41,41,38,60,39,66,66,66,66,66,66,22,8,30,30,7,29,29,7,0],"gold":441,"neow_bonus":"THREE_ENEMY_KILL","is_prod":false,"is_daily":false,"chose_seed":false,"campfire_upgraded":2,"win_rate":0,"timestamp":1547395081,"path_taken":["M","$","?","?","?","E","R","E","T","E","M","R","?","M","R","BOSS","M","?","?","?","?","E","M","R","T","M","R","?","M","M"],"build_version":"2019-01-10","purchased_purges":0,"victory":false,"max_hp_per_floor":[75,75,75,75,75,75,75,75,75,75,75,75,75,75,75,75,75,75,75,75,75,75,75,75,75,75,75,75,75,75,75],"card_choices":[{"not_picked":["Blizzard","Coolheaded"],"picked":"Go for the Eyes","floor":1},{"not_picked":["Reprogram","Cold Snap"],"picked":"Stack","floor":6},{"not_picked":["Sunder","Redo","Fusion"],"picked":"SKIP","floor":8},{"not_picked":["Force Field","Recycle","Lockon"],"picked":"SKIP","floor":10},{"not_picked":["Darkness","White Noise"],"picked":"FTL","floor":11},{"not_picked":["Coolheaded","Turbo"],"picked":"Stack","floor":13},{"not_picked":["Stack","Go for the Eyes"],"picked":"Beam Cell","floor":14},{"not_picked":["Amplify","Biased Cognition"],"picked":"Reboot","floor":16},{"not_picked":["Heatsinks","Redo"],"picked":"Steam Power+1","floor":18},{"not_picked":["Cold Snap+1","Sweeping Beam"],"picked":"Conserve Battery","floor":21},{"not_picked":["Chaos","Multi-Cast"],"picked":"FTL","floor":23},{"not_picked":["Go for the Eyes+1","Barrage"],"picked":"Gash","floor":24},{"not_picked":["Redo","Turbo+1"],"picked":"Hologram","floor":27},{"not_picked":["Loop+1","Streamline"],"picked":"Genetic Algorithm+1","floor":30}],"player_experience":244282,"relics_obtained":[{"floor":6,"key":"Shuriken"},{"floor":8,"key":"Incense Burner"},{"floor":9,"key":"Blue Candle"},{"floor":10,"key":"Pocketwatch"},{"floor":23,"key":"Vajra"},{"floor":26,"key":"Dodecahedron"}],"event_choices":[{"cards_removed":["Strike_B"],"damage_healed":0,"gold_gain":0,"player_choice":"Card Removal","damage_taken":7,"max_hp_gain":0,"max_hp_loss":0,"event_name":"Golden Wing","floor":3,"gold_loss":0},{"damage_healed":0,"gold_gain":0,"player_choice":"Left Gold","damage_taken":0,"max_hp_gain":0,"max_hp_loss":0,"event_name":"World of Goop","floor":4,"gold_loss":30},{"damage_healed":0,"gold_gain":0,"player_choice":"Forge","damage_taken":0,"max_hp_gain":0,"max_hp_loss":0,"event_name":"Accursed Blacksmith","floor":5,"gold_loss":0,"cards_upgraded":["Beam Cell"]},{"damage_healed":0,"gold_gain":0,"player_choice":"Ignored","damage_taken":0,"max_hp_gain":0,"max_hp_loss":0,"event_name":"Ghosts","floor":19,"gold_loss":0},{"damage_healed":0,"gold_gain":0,"cards_transformed":["Strike_B"],"player_choice":"Transformed","damage_taken":0,"max_hp_gain":0,"max_hp_loss":0,"event_name":"Transmorgrifier","floor":20,"gold_loss":0,"cards_obtained":["Blizzard"]},{"damage_healed":0,"gold_gain":0,"player_choice":"Ignored","damage_taken":0,"max_hp_gain":0,"max_hp_loss":0,"event_name":"Vampires","floor":22,"gold_loss":0},{"damage_healed":0,"gold_gain":99,"player_choice":"Stole From Cult","damage_taken":0,"max_hp_gain":0,"max_hp_loss":0,"event_name":"Nest","floor":29,"gold_loss":0}],"is_beta":false,"boss_relics":[{"not_picked":["Nuclear Battery","Empty Cage"],"picked":"Cursed Key"}],"items_purged_floors":[],"is_endless":false,"potions_floor_spawned":[1,13,14,16,24,27,30],"killed_by":"Sentry and Sphere","ascension_level":7}