{"path_per_floor":["M","M","?","?","M","?","R","E","T","$","R","$","E","?","R","B",null,"M","M","?","M","?","R","E","R","T","?"],"character_chosen":"DEFECT","items_purchased":["Magnetism"],"gold_per_floor":[119,130,130,130,145,145,145,174,222,35,35,35,68,68,68,168,168,181,191,106,125,125,125,158,158,181,210,210],"floor_reached":28,"campfire_rested":5,"playtime":1382,"current_hp_per_floor":[65,52,45,27,27,27,49,34,34,34,56,56,39,24,46,6,75,59,47,47,19,19,41,19,41,41,9,0],"items_purged":[],"gold":210,"score":242,"play_id":"5b8615d9-23fb-4718-bbdf-942389e0c9a9","local_time":"20180426181824","is_prod":false,"is_daily":false,"chose_seed":false,"is_ascension_mode":false,"campfire_upgraded":0,"timestamp":1524788304,"path_taken":["M","M","?","?","?","?","R","E","T","?","R","$","E","?","R","BOSS","M","M","?","M","?","R","E","R","T","?","M"],"build_version":"2018-04-26","seed_source_timestamp":80479170595332,"purchased_purges":1,"victory":false,"master_deck":["Strike_B","Strike_B","Strike_B+1","Defend_B","Defend_B","Defend_B","Defend_B","Zap","Dualcast","Cold Snap+1","Flux Capacitor+1","White Noise","Magnetism","Darkness","All For One","Beam Cell","Defragment","Blizzard+1","Sweeping Beam+1","Glacier"],"max_hp_per_floor":[75,75,75,75,75,75,75,75,75,75,75,75,75,75,75,75,75,75,75,75,75,75,75,75,75,75,75,75],"relics":["Cracked Core","Omamori","Orichalcum","Juzu Bracelet","Pen Nib","Sozu","Question Card","Bag of Marbles","Blood Vial","Red Mask"],"card_choices":[{"not_picked":["Leap","Hologram"],"picked":"Cold Snap","floor":1},{"not_picked":["Force Field","Coolheaded"],"picked":"Flux Capacitor","floor":5},{"not_picked":["Axe Kick","Beam Cell"],"picked":"White Noise","floor":8},{"not_picked":["Melter","Hello World"],"picked":"Darkness","floor":13},{"not_picked":["Rainbow","Biased Cognition"],"picked":"All For One","floor":16},{"not_picked":["Coolheaded","Skim"],"picked":"Beam Cell","floor":18},{"not_picked":["Blaster","Coolheaded"],"picked":"Defragment","floor":19},{"not_picked":["Buffer","Go for the Eyes","Hologram"],"picked":"Blizzard","floor":21},{"not_picked":["Hello World","Reprogram","Storm"],"picked":"Sweeping Beam","floor":24},{"not_picked":["Hologram","Sweeping Beam","Capacitor"],"picked":"Glacier","floor":27}],"player_experience":332558,"potions_floor_usage":[8,24],"damage_taken":[{"damage":10,"enemies":"Small Slimes","floor":1,"turns":3},{"damage":13,"enemies":"2 Louse","floor":2,"turns":3},{"damage":0,"enemies":"Cultist","floor":5,"turns":4},{"damage":15,"enemies":"3 Sentries","floor":8,"turns":10},{"damage":17,"enemies":"Gremlin Nob","floor":13,"turns":5},{"damage":40,"enemies":"The Guardian","floor":16,"turns":11},{"damage":16,"enemies":"3 Byrds","floor":18,"turns":7},{"damage":12,"enemies":"Shell Parasite","floor":19,"turns":4},{"damage":28,"enemies":"Centurion and Healer","floor":21,"turns":9},{"damage":34,"enemies":"Book of Stabbing","floor":24,"turns":5},{"damage":34,"enemies":"Masked Bandits","floor":27,"turns":4},{"damage":14,"enemies":"Slaver and Parasite","floor":28,"turns":3}],"event_choices":[{"event_name":"Golden Wing","player_choice":"Card Removal","floor":3,"damage_taken":0},{"event_name":"Scrap Ooze","player_choice":"success","floor":4,"damage_taken":18},{"event_name":"Living Wall","player_choice":"Grow","floor":6,"damage_taken":0},{"event_name":"Shining Light","player_choice":"Entered Light","floor":14,"damage_taken":0},{"event_name":"Addict","player_choice":"Obtained Relic","floor":20,"damage_taken":0},{"event_name":"Forgotten Altar","player_choice":"Smashed Altar","floor":22,"damage_taken":0},{"event_name":"Masked Bandits","player_choice":"Fought over 181 gold","floor":27,"damage_taken":0}],"boss_relics":[{"not_picked":["Velvet Choker","Eternal Feather"],"picked":"Sozu"}],"potions_floor_spawned":[2,16,18,19,24],"seed_played":"-6333000945891986282","killed_by":"Slaver and Parasite","ascension_level":0,"is_trial":false}