{"gold_per_floor":[115,9,9,19,32,65,65,98,121,133,133,153,23,23,23,100,100,120,220,233,307,321,321,350,364,387,387,387,413,413,36,36,109,109,123,123,178,190,200,200,200,200,200,213,213,223,223,0,0,0],"floor_reached":51,"playtime":2241,"items_purged":["Pain","Strike_R"],"score":1286,"play_id":"8b57a0a6-71f6-4fbc-b750-a83e67a82786","local_time":"20190422225149","is_ascension_mode":true,"campfire_choices":[{"floor":7.0,"key":"REST"},{"floor":15.0,"key":"REST"},{"data":"Body Slam","floor":23.0,"key":"SMITH"},{"floor":27.0,"key":"REST"},{"floor":32.0,"key":"REST"},{"data":"Limit Break","floor":40,"key":"SMITH"},{"data":"Entrench","floor":42,"key":"SMITH"},{"data":"Seeing Red","floor":45,"key":"SMITH"},{"data":"Whirlwind","floor":47,"key":"SMITH"},{"data":"Exhume","floor":49,"key":"SMITH"}],"neow_cost":"NONE","seed_source_timestamp":3057835745994346,"circlet_count":0,"master_deck":["AscendersBane","Strike_R","Strike_R","Strike_R","Defend_R","Defend_R","Defend_R","Defend_R","Bash","Seeing Red+1","Spot Weakness","Twin Strike","Impervious","Whirlwind+1","Shrug It Off","Flame Barrier","Limit Break+1","Body Slam+1","Shrug It Off","Spot Weakness+1","Entrench+1","Impervious","Exhume+1","Bloodletting+1"],"special_seed":0,"relics":["Burning Blood","Bronze Scales","Art of War","Oddly Smooth Stone","Lantern","WarpedTongs","Runic Pyramid","Champion Belt","Shuriken","The Courier","Bag of Marbles","Potion Belt","Ginger","Ornamental Fan","DollysMirror","Juzu Bracelet","Busted Crown","Unceasing Top","Pear","Happy Flower"],"potions_floor_usage":[33,33,37,50,50,50,50],"damage_taken":[{"damage":1.0,"enemies":"Cultist","floor":1.0,"turns":4.0},{"damage":14.0,"enemies":"Small Slimes","floor":4.0,"turns":3.0},{"damage":8.0,"enemies":"2 Louse","floor":5.0,"turns":3.0},{"damage":53.0,"enemies":"Gremlin Nob","floor":6.0,"turns":4.0},{"damage":35.0,"enemies":"3 Sentries","floor":8.0,"turns":6.0},{"damage":10.0,"enemies":"Lots of Slimes","floor":10.0,"turns":2.0},{"damage":6.0,"enemies":"Large Slime","floor":12.0,"turns":3.0},{"damage":16.0,"enemies":"Slime Boss","floor":16.0,"turns":6.0},{"damage":0.0,"enemies":"3 Byrds","floor":18.0,"turns":3.0},{"damage":26.0,"enemies":"Colosseum Slavers","floor":19.0,"turns":4.0},{"damage":19.0,"enemies":"Colosseum Nobs","floor":19.0,"turns":3.0},{"damage":5.0,"enemies":"Shell Parasite","floor":20.0,"turns":5.0},{"damage":6.0,"enemies":"Cultist and Chosen","floor":22.0,"turns":5.0},{"damage":8.0,"enemies":"Slavers","floor":24.0,"turns":4.0},{"damage":16.0,"enemies":"Centurion and Healer","floor":25.0,"turns":6.0},{"damage":18.0,"enemies":"Gremlin Leader","floor":29.0,"turns":5.0},{"damage":38,"enemies":"Collector","floor":33,"turns":9},{"damage":0,"enemies":"3 Darklings","floor":35,"turns":4},{"damage":10,"enemies":"2 Orb Walkers","floor":37,"turns":4},{"damage":0,"enemies":"3 Shapes","floor":38,"turns":6},{"damage":0,"enemies":"Sphere and 2 Shapes","floor":39,"turns":7},{"damage":0,"enemies":"Maw","floor":44,"turns":5},{"damage":0,"enemies":"3 Darklings","floor":46,"turns":4},{"damage":4,"enemies":"Time Eater","floor":50,"turns":6}],"seed_played":"-853986094291341257","potions_obtained":[{"floor":4.0,"key":"Dexterity Potion"},{"floor":6.0,"key":"LiquidBronze"},{"floor":8.0,"key":"Energy Potion"},{"floor":16.0,"key":"Strength Potion"},{"floor":19.0,"key":"Energy Potion"},{"floor":25.0,"key":"SpeedPotion"},{"floor":33,"key":"PowerPotion"},{"floor":37,"key":"BloodPotion"},{"floor":39,"key":"Regen Potion"},{"floor":46,"key":"LiquidBronze"}],"is_trial":false,"path_per_floor":["M","$","?","M","M","E","R","E","T","M","?","M","$","?","R","B",null,"M","?","M","T","M","R","E","M","T","R","?","E","T","$","R","B",null,"M","?","?","M","M","R","?","R","T","M","R","M","R","$","R","B",null],"character_chosen":"IRONCLAD","items_purchased":["Fruit Juice","SpeedPotion","DollysMirror","Juzu Bracelet","Happy Flower","Dexterity Potion","Energy Potion"],"campfire_rested":4,"item_purchase_floors":[2,13,31,31,48,48,48],"current_hp_per_floor":[73,78,78,70,68,21,45,16,16,12,12,12,12,12,36,26,67,73,40,41,41,41,41,39,29,29,53,53,41,41,41,65,33,68,74,74,70,76,80,80,76,76,86,86,86,86,86,86,86,86],"gold":0,"neow_bonus":"RANDOM_COMMON_RELIC","is_prod":false,"is_daily":false,"chose_seed":false,"campfire_upgraded":6,"win_rate":0,"timestamp":1555969909,"path_taken":["M","?","?","M","M","E","R","E","T","M","?","?","$","?","R","BOSS","M","?","M","?","M","R","E","?","T","R","?","E","?","?","R","BOSS","M","?","?","M","M","R","?","R","T","M","R","M","R","$","R","BOSS"],"build_version":"2019-01-23","purchased_purges":2,"victory":true,"max_hp_per_floor":[75,80,80,80,80,80,80,80,80,80,80,80,80,80,80,80,80,80,80,80,80,80,80,80,80,80,80,80,80,80,80,80,80,80,80,80,80,80,80,80,76,76,86,86,86,86,86,86,86,86],"card_choices":[{"not_picked":["True Grit","Sword Boomerang"],"picked":"Seeing Red","floor":1.0},{"not_picked":["Thunderclap","Cleave"],"picked":"Spot Weakness","floor":4.0},{"not_picked":["Power Through","Headbutt"],"picked":"Twin Strike","floor":5.0},{"not_picked":["True Grit","Second Wind"],"picked":"Impervious","floor":6.0},{"not_picked":["Searing Blow","Havoc"],"picked":"Whirlwind","floor":8.0},{"not_picked":["Pommel Strike","Pummel"],"picked":"Shrug It Off","floor":10.0},{"not_picked":["Wild Strike","Shrug It Off"],"picked":"Flame Barrier","floor":12.0},{"not_picked":["Dark Embrace","Exhume"],"picked":"Limit Break","floor":16.0},{"not_picked":["Blood for Blood","Cleave"],"picked":"Body Slam","floor":18.0},{"not_picked":["Headbutt","Disarm","Battle Trance"],"picked":"SKIP","floor":20.0},{"not_picked":["Body Slam","Armaments"],"picked":"Shrug It Off","floor":22.0},{"not_picked":["Body Slam+1","Clash+1"],"picked":"Spot Weakness+1","floor":24.0},{"not_picked":["Clothesline","Sword Boomerang"],"picked":"Entrench","floor":25.0},{"not_picked":["Power Through","Feel No Pain","Headbutt"],"picked":"SKIP","floor":29.0},{"not_picked":["Limit Break","Dark Embrace"],"picked":"Exhume","floor":33},{"not_picked":["Headbutt+1"],"picked":"SKIP","floor":35},{"not_picked":[],"picked":"Bloodletting+1","floor":38},{"not_picked":["Second Wind+1"],"picked":"SKIP","floor":39},{"not_picked":["Fire Breathing"],"picked":"SKIP","floor":44},{"not_picked":["Wild Strike"],"picked":"SKIP","floor":46}],"player_experience":624456,"relics_obtained":[{"floor":6.0,"key":"Art of War"},{"floor":8.0,"key":"Oddly Smooth Stone"},{"floor":9.0,"key":"Lantern"},{"floor":19.0,"key":"Champion Belt"},{"floor":19.0,"key":"Shuriken"},{"floor":21.0,"key":"The Courier"},{"floor":24.0,"key":"Bag of Marbles"},{"floor":26.0,"key":"Potion Belt"},{"floor":29.0,"key":"Ginger"},{"floor":30.0,"key":"Ornamental Fan"},{"floor":37,"key":"Unceasing Top"},{"floor":43,"key":"Pear"}],"event_choices":[{"damage_healed":0.0,"max_hp_gain":0.0,"max_hp_loss":0.0,"gold_gain":0.0,"event_name":"The Cleric","player_choice":"Leave","floor":3.0,"gold_loss":0.0,"damage_taken":0.0},{"damage_healed":0.0,"max_hp_gain":0.0,"max_hp_loss":0.0,"gold_gain":0.0,"event_name":"Accursed Blacksmith","player_choice":"Rummage","floor":11.0,"gold_loss":0.0,"damage_taken":0.0,"relics_obtained":["WarpedTongs"],"cards_obtained":["Pain"]},{"damage_healed":0.0,"max_hp_gain":0.0,"max_hp_loss":0.0,"gold_gain":0.0,"event_name":"Dead Adventurer","player_choice":"Searched \u00270\u0027 times","floor":14.0,"gold_loss":0.0,"damage_taken":0.0},{"damage_healed":0.0,"max_hp_gain":0.0,"max_hp_loss":0.0,"gold_gain":0.0,"event_name":"Colosseum","player_choice":"Fight","floor":19.0,"gold_loss":0.0,"damage_taken":0.0},{"damage_healed":0.0,"max_hp_gain":0.0,"max_hp_loss":0.0,"gold_gain":0.0,"event_name":"Colosseum","player_choice":"Fought Nobs","floor":19.0,"gold_loss":0.0,"damage_taken":0.0},{"damage_healed":0.0,"max_hp_gain":0.0,"max_hp_loss":0.0,"gold_gain":0.0,"event_name":"Ghosts","player_choice":"Ignored","floor":28.0,"gold_loss":0.0,"damage_taken":0.0},{"cards_removed":["Strike_R"],"damage_healed":0,"gold_gain":0,"player_choice":"Purged","damage_taken":0,"max_hp_gain":0,"max_hp_loss":0,"event_name":"Purifier","floor":36,"gold_loss":0},{"damage_healed":0,"gold_gain":0,"player_choice":"Fight","damage_taken":0,"max_hp_gain":0,"max_hp_loss":0,"event_name":"Mysterious Sphere","floor":37,"gold_loss":0},{"damage_healed":0,"gold_gain":0,"player_choice":"Max HP","damage_taken":0,"max_hp_gain":0,"max_hp_loss":4,"event_name":"Winding Halls","floor":41,"gold_loss":0}],"is_beta":false,"boss_relics":[{"not_picked":["Empty Cage","Astrolabe"],"picked":"Runic Pyramid"},{"not_picked":["Orrery","White Beast Statue"],"picked":"Busted Crown"}],"items_purged_floors":[13,31],"is_endless":false,"potions_floor_spawned":[4,6,8,16,18,19,25,33,37,39,46],"ascension_level":17}