{"gold_per_floor":[111,37,37,55,65,16,16,28,82,109,121,133,174,186,198,312,324,353,390,402,434,465,477,507,519,531,642,665,232,232,40,40,136,136,151,164,164,180,197,197,216,140,140,140,151,151,151,168,168,168],"floor_reached":50,"playtime":3445,"items_purged":[],"score":527,"play_id":"22b8ad0d-fc41-4aa8-96d4-dd9a9b8db9b7","local_time":"20190923214006","is_ascension_mode":false,"campfire_choices":[{"data":"Noxious Fumes","floor":7.0,"key":"SMITH"},{"floor":12.0,"key":"REST"},{"data":"Deadly Poison","floor":15.0,"key":"SMITH"},{"floor":23.0,"key":"REST"},{"floor":25.0,"key":"REST"},{"floor":30.0,"key":"REST"},{"data":"Catalyst","floor":32.0,"key":"SMITH"},{"floor":40.0,"key":"REST"},{"data":"After Image","floor":44.0,"key":"SMITH"},{"floor":46.0,"key":"REST"},{"data":"Noxious Fumes","floor":49.0,"key":"SMITH"}],"neow_cost":"NONE","seed_source_timestamp":0,"circlet_count":0,"master_deck":["Strike_G","Strike_G","Strike_G+1","Strike_G+1","Strike_G","Defend_G","Defend_G","Defend_G","Defend_G","Survivor","Neutralize","Poisoned Stab","Noxious Fumes+1","Bane","Deadly Poison+1","Deadly Poison+1","Flying Knee","Blur","After Image+1","Terror","Dagger Spray","Flying Knee","Poisoned Stab","Catalyst+1","Deadly Poison","Bullet Time","Deadly Poison","Outmaneuver+1","Slice+1","Flying Knee+1","Deadly Poison+1","Noxious Fumes+1","Writhe"],"special_seed":0,"relics":["Ring of the Snake","Whetstone","Tiny Chest","MawBank","Bronze Scales","Runic Pyramid","Red Mask","Meat on the Bone","Membership Card","Potion Belt","Sundial","FossilizedHelix","White Beast Statue","Ornamental Fan"],"potions_floor_usage":[50,50],"damage_taken":[{"damage":0.0,"enemies":"2 Louse","floor":1.0,"turns":3.0},{"damage":0.0,"enemies":"Cultist","floor":4.0,"turns":3.0},{"damage":4.0,"enemies":"Small Slimes","floor":5.0,"turns":4.0},{"damage":4.0,"enemies":"Exordium Thugs","floor":8.0,"turns":4.0},{"damage":21.0,"enemies":"Lagavulin","floor":10.0,"turns":5.0},{"damage":0.0,"enemies":"Gremlin Nob","floor":13.0,"turns":3.0},{"damage":30.0,"enemies":"Slime Boss","floor":16.0,"turns":8.0},{"damage":17.0,"enemies":"2 Thieves","floor":18.0,"turns":4.0},{"damage":27.0,"enemies":"Masked Bandits","floor":19.0,"turns":5.0},{"damage":0.0,"enemies":"3 Byrds","floor":21.0,"turns":3.0},{"damage":17.0,"enemies":"Sentry and Sphere","floor":22.0,"turns":4.0},{"damage":5.0,"enemies":"Centurion and Healer","floor":24.0,"turns":5.0},{"damage":0.0,"enemies":"Chosen and Byrds","floor":28.0,"turns":6.0},{"damage":67.0,"enemies":"Automaton","floor":33.0,"turns":7.0},{"damage":5.0,"enemies":"Orb Walker","floor":35.0,"turns":4.0},{"damage":41.0,"enemies":"3 Darklings","floor":36.0,"turns":4.0},{"damage":0.0,"enemies":"Spire Growth","floor":38.0,"turns":4.0},{"damage":13.0,"enemies":"Writhing Mass","floor":39.0,"turns":5.0},{"damage":38.0,"enemies":"Jaw Worm Horde","floor":41.0,"turns":5.0},{"damage":33.0,"enemies":"Spire Growth","floor":45.0,"turns":5.0},{"damage":0.0,"enemies":"Transient","floor":48.0,"turns":5.0},{"damage":84,"enemies":"Time Eater","floor":50,"turns":8}],"seed_played":"7719574574518553959","potions_obtained":[{"floor":4.0,"key":"Poison Potion"},{"floor":5.0,"key":"Regen Potion"},{"floor":8.0,"key":"Fire Potion"},{"floor":21.0,"key":"Poison Potion"},{"floor":22.0,"key":"SkillPotion"},{"floor":24.0,"key":"Poison Potion"},{"floor":28.0,"key":"FearPotion"},{"floor":35.0,"key":"Regen Potion"},{"floor":36.0,"key":"SkillPotion"},{"floor":38.0,"key":"Weak Potion"},{"floor":39.0,"key":"GamblersBrew"},{"floor":41.0,"key":"Strength Potion"}],"is_trial":false,"path_per_floor":["M","$","?","M","M","$","R","M","T","E","?","R","E","$","R","B",null,"M","?","?","M","M","R","M","R","T","?","M","$","R","$","R","B",null,"M","M","?","M","M","R","M","$","T","R","M","R","?","M","R","B"],"character_chosen":"THE_SILENT","items_purchased":["Noxious Fumes","Deadly Poison","Membership Card","Potion Belt","Sundial","Fruit Juice","FossilizedHelix","GhostInAJar","Poison Potion","FairyPotion"],"campfire_rested":6,"item_purchase_floors":[2,6,29,29,29,29,31,31,42,42],"current_hp_per_floor":[70,70,70,70,66,66,66,62,62,41,41,62,62,62,62,40,70,53,26,26,26,9,30,25,46,46,46,46,51,73,73,73,18,75,70,41,41,41,40,62,48,48,48,48,27,49,68,68,68,0],"gold":168,"neow_bonus":"RANDOM_COMMON_RELIC","is_prod":false,"is_daily":false,"chose_seed":false,"campfire_upgraded":5,"win_rate":0,"timestamp":1569267606,"path_taken":["M","$","?","M","?","$","R","M","T","E","?","R","E","?","R","BOSS","M","?","?","M","?","R","M","R","T","?","M","$","R","$","R","BOSS","M","M","?","M","M","R","M","$","T","R","M","R","?","M","R","BOSS"],"build_version":"2019-07-17","purchased_purges":0,"victory":false,"max_hp_per_floor":[70,70,70,70,70,70,70,70,70,70,70,70,70,70,70,70,70,70,70,70,70,70,70,70,70,70,70,70,75,75,75,75,75,75,75,75,75,75,75,75,75,75,75,75,75,75,75,75,75,75],"card_choices":[{"not_picked":["Heel Hook","Distraction"],"picked":"Poisoned Stab","floor":1.0},{"not_picked":["Outmaneuver","Choke"],"picked":"Deadly Poison","floor":4.0},{"not_picked":["Dagger Throw","Distraction"],"picked":"Bane","floor":5.0},{"not_picked":["Outmaneuver","Dodge and Roll"],"picked":"Deadly Poison","floor":8.0},{"not_picked":["Dash","Poisoned Stab"],"picked":"Flying Knee","floor":10.0},{"not_picked":["Eviscerate","Tools of the Trade"],"picked":"Blur","floor":13.0},{"not_picked":["Envenom","Glass Knife"],"picked":"After Image","floor":16.0},{"not_picked":["Poisoned Stab","Prepared"],"picked":"Terror","floor":18.0},{"not_picked":["Terror","Sucker Punch"],"picked":"Dagger Spray","floor":19.0},{"not_picked":["Sucker Punch+1","Prepared"],"picked":"Flying Knee","floor":21.0},{"not_picked":["Eviscerate","Flying Knee"],"picked":"Poisoned Stab","floor":22.0},{"not_picked":["Night Terror","Outmaneuver+1"],"picked":"Catalyst","floor":24.0},{"not_picked":["Backflip","Outmaneuver"],"picked":"Deadly Poison","floor":28.0},{"not_picked":["Burst","Malaise"],"picked":"Bullet Time","floor":33.0},{"not_picked":["Blade Dance","Dodge and Roll+1"],"picked":"Deadly Poison","floor":35.0},{"not_picked":["Phantasmal Killer","Tactician"],"picked":"Outmaneuver+1","floor":36.0},{"not_picked":["Quick Slash+1","Caltrops"],"picked":"Slice+1","floor":38.0},{"not_picked":["PiercingWail+1","Expertise+1"],"picked":"Flying Knee+1","floor":39.0},{"not_picked":["Distraction","Underhanded Strike"],"picked":"Deadly Poison+1","floor":41.0},{"not_picked":["Reflex+1","Dodge and Roll+1"],"picked":"Noxious Fumes","floor":45.0},{"not_picked":["Poisoned Stab","Well Laid Plans+1","Eviscerate"],"picked":"SKIP","floor":48.0}],"player_experience":28487,"relics_obtained":[{"floor":9.0,"key":"Tiny Chest"},{"floor":10.0,"key":"MawBank"},{"floor":13.0,"key":"Bronze Scales"},{"floor":19.0,"key":"Red Mask"},{"floor":26.0,"key":"Meat on the Bone"},{"floor":43.0,"key":"Ornamental Fan"}],"event_choices":[{"cards_removed":["Defend_G"],"damage_healed":0.0,"max_hp_gain":0.0,"max_hp_loss":0.0,"gold_gain":0.0,"event_name":"Bonfire Elementals","player_choice":"Offered Basic","floor":3.0,"gold_loss":0.0,"damage_taken":0.0},{"damage_healed":0.0,"max_hp_gain":0.0,"max_hp_loss":0.0,"gold_gain":0.0,"event_name":"Living Wall","player_choice":"Grow","floor":11.0,"gold_loss":0.0,"damage_taken":0.0,"cards_upgraded":["Deadly Poison"]},{"damage_healed":0.0,"max_hp_gain":0.0,"max_hp_loss":0.0,"gold_gain":0.0,"event_name":"Masked Bandits","player_choice":"Fought Bandits","floor":19.0,"gold_loss":0.0,"damage_taken":0.0},{"damage_healed":0.0,"max_hp_gain":0.0,"max_hp_loss":0.0,"gold_gain":0.0,"event_name":"Beggar","player_choice":"Ignored","floor":20.0,"gold_loss":0.0,"damage_taken":0.0},{"damage_healed":0.0,"max_hp_gain":0.0,"max_hp_loss":0.0,"gold_gain":99.0,"event_name":"Nest","player_choice":"Stole From Cult","floor":27.0,"gold_loss":0.0,"damage_taken":0.0},{"cards_removed":["Deadly Poison"],"damage_healed":0.0,"max_hp_gain":0.0,"max_hp_loss":0.0,"gold_gain":0.0,"event_name":"Falling","player_choice":"Removed Skill","floor":37.0,"gold_loss":0.0,"damage_taken":0.0},{"damage_healed":19.0,"max_hp_gain":0.0,"max_hp_loss":0.0,"gold_gain":0.0,"event_name":"Winding Halls","player_choice":"Writhe","floor":47.0,"gold_loss":0.0,"damage_taken":0.0,"cards_obtained":["Writhe"]}],"is_beta":false,"boss_relics":[{"not_picked":["HoveringKite","Runic Dome"],"picked":"Runic Pyramid"},{"not_picked":["Orrery","Coffee Dripper"],"picked":"White Beast Statue"}],"items_purged_floors":[],"is_endless":false,"potions_floor_spawned":[4,5,8,21,22,24,28,35,36,38,39,41,45,48],"killed_by":"Time Eater","ascension_level":0}