{"gold_per_floor":[111,61,77,77,95,95,127,127,150,176,187,206,206,223,223,321,321,304,70,88,88,98,98,112,129,205,222,222,257,28,28,28,28],"floor_reached":33,"playtime":9163,"items_purged":["Strike_R"],"score":360,"play_id":"e3bcdd97-7645-4d8b-bff3-383e145f0eea","local_time":"20180727021132","is_ascension_mode":true,"campfire_choices":[{"data":"Armaments","floor":6,"key":"SMITH"},{"floor":8,"key":"REST"},{"floor":13,"key":"REST"},{"data":"Bloodletting","floor":15,"key":"SMITH"},{"floor":23,"key":"REST"},{"data":"Barricade","floor":28,"key":"SMITH"},{"data":"Shrug It Off","floor":32,"key":"SMITH"}],"neow_cost":"NONE","seed_source_timestamp":2068728199666485,"circlet_count":0,"master_deck":["Strike_R","Strike_R","Strike_R+1","Defend_R","Defend_R","Defend_R","Defend_R","Bash","Berserk+1","Warcry","Bloodletting+1","Armaments+1","Shrug It Off","Exhume","Pommel Strike","Shrug It Off+1","Pommel Strike","Barricade+1","Carnage","Ghostly Armor","Ghostly","Ghostly","Ghostly","Ghostly","Ghostly","Corruption+1","Sentinel","Feed+1","Entrench+1","Ghostly Armor"],"relics":["Burning Blood","Regal Pillow","Lantern","Gremlin Horn","Black Star","Lee\u0027s Waffle","Blue Candle","Meat on the Bone","Mercury Hourglass","Strawberry"],"potions_floor_usage":[10,16,16,18,25,33,33],"damage_taken":[{"damage":8,"enemies":"Small Slimes","floor":1,"turns":3},{"damage":2,"enemies":"Jaw Worm","floor":3,"turns":4},{"damage":3,"enemies":"2 Louse","floor":5,"turns":4},{"damage":41,"enemies":"3 Sentries","floor":7,"turns":10},{"damage":50,"enemies":"Gremlin Nob","floor":10,"turns":5},{"damage":2,"enemies":"2 Fungi Beasts","floor":11,"turns":5},{"damage":6,"enemies":"Lots of Slimes","floor":12,"turns":4},{"damage":6,"enemies":"Large Slime","floor":14,"turns":6},{"damage":40,"enemies":"Slime Boss","floor":16,"turns":12},{"damage":39,"enemies":"2 Thieves","floor":18,"turns":4},{"damage":24,"enemies":"3 Byrds","floor":20,"turns":6},{"damage":32,"enemies":"Cultist and Chosen","floor":22,"turns":10},{"damage":0,"enemies":"Sentry and Sphere","floor":24,"turns":6},{"damage":0,"enemies":"Centurion and Healer","floor":25,"turns":8},{"damage":0,"enemies":"3 Cultists","floor":27,"turns":10},{"damage":11,"enemies":"Book of Stabbing","floor":29,"turns":8},{"damage":56,"enemies":"Champ","floor":33,"turns":12}],"seed_played":"-1093921670706933420","potions_obtained":[{"floor":5,"key":"Energy Potion"},{"floor":11,"key":"PowerPotion"},{"floor":14,"key":"AttackPotion"},{"floor":16,"key":"GamblersBrew"},{"floor":18,"key":"Energy Potion"},{"floor":24,"key":"Poison Potion"},{"floor":29,"key":"Ancient Potion"}],"is_trial":false,"path_per_floor":["M","?","M","?","M","R","E","R","T","E","M","M","R","M","R","B",null,"M","$","M","?","M","R","M","M","T","M","R","E","$","?","R"],"character_chosen":"IRONCLAD","items_purchased":["Lee\u0027s Waffle","Ghostly Armor","Strawberry"],"campfire_rested":3,"item_purchase_floors":[19,19,30],"current_hp_per_floor":[78,78,80,64,67,67,32,71,71,27,31,31,70,70,70,36,80,47,87,69,43,17,43,43,43,43,47,47,45,52,52,52,0],"gold":28,"neow_bonus":"ONE_RANDOM_RARE_CARD","is_prod":false,"is_daily":false,"chose_seed":false,"campfire_upgraded":4,"win_rate":0,"timestamp":1532671892,"path_taken":["M","?","M","?","M","R","E","R","T","E","M","M","R","?","R","BOSS","M","$","M","?","M","R","M","?","T","M","R","E","$","?","R","BOSS"],"build_version":"2018-07-19v2","purchased_purges":1,"victory":false,"max_hp_per_floor":[80,80,80,80,80,80,80,80,80,80,80,80,80,80,80,80,80,80,87,87,43,43,43,43,43,43,47,47,50,57,57,57,57],"card_choices":[{"not_picked":["Twin Strike","Entrench"],"picked":"Warcry","floor":1},{"not_picked":["Thunderclap","Anger"],"picked":"Bloodletting","floor":3},{"not_picked":["Clash","Corruption"],"picked":"Armaments","floor":5},{"not_picked":["Battle Trance","Reckless Charge"],"picked":"Shrug It Off","floor":7},{"not_picked":["Wild Strike","Searing Blow"],"picked":"Exhume","floor":10},{"not_picked":["Iron Wave","Clothesline"],"picked":"Pommel Strike","floor":11},{"not_picked":["Infernal Blade","Thunderclap"],"picked":"Shrug It Off","floor":12},{"not_picked":["Evolve","Shockwave"],"picked":"Pommel Strike","floor":14},{"not_picked":["Double Tap","Immolate"],"picked":"Barricade","floor":16},{"not_picked":["Anger","Evolve+1"],"picked":"Carnage","floor":18},{"not_picked":["Perfected Strike","Inflame","Searing Blow"],"picked":"SKIP","floor":20},{"not_picked":["Twin Strike","Headbutt"],"picked":"Corruption+1","floor":22},{"not_picked":["Carnage","Anger+1"],"picked":"Sentinel","floor":24},{"not_picked":["True Grit+1","Perfected Strike"],"picked":"Feed","floor":25},{"not_picked":["Warcry+1","Wild Strike"],"picked":"Entrench+1","floor":27},{"not_picked":["Whirlwind+1","Flex+1"],"picked":"Ghostly Armor","floor":29}],"player_experience":1344277,"relics_obtained":[{"floor":7,"key":"Regal Pillow"},{"floor":9,"key":"Lantern"},{"floor":10,"key":"Gremlin Horn"},{"floor":26,"key":"Blue Candle"},{"floor":29,"key":"Meat on the Bone"},{"floor":29,"key":"Mercury Hourglass"}],"event_choices":[{"event_name":"The Cleric","player_choice":"Card Removal","floor":2,"damage_taken":0},{"event_name":"Shining Light","player_choice":"Entered Light","floor":4,"damage_taken":0},{"event_name":"Ghosts","player_choice":"Became a Ghost","floor":21,"damage_taken":0},{"event_name":"Upgrade Shrine","player_choice":"Upgraded","floor":31,"damage_taken":0}],"is_beta":false,"boss_relics":[{"not_picked":["Pandora\u0027s Box","White Beast Statue"],"picked":"Black Star"}],"items_purged_floors":[30],"is_endless":false,"potions_floor_spawned":[5,11,14,16,18,24,29],"killed_by":"Champ","ascension_level":4}