{"gold_per_floor":[362,380,380,251,269,269,281,281,307,326,326,1,1,31,31,136,136,148,148,0,0,30,30,129,161,161,181,181,200,43,66,66,171,171,182,198,49,64,83,83,98,124,124,144,163,196,196,206,206,206,206,206,70,104,104],"floor_reached":56,"playtime":2826,"items_purged":["Strike_R","Strike_R"],"score":1377,"play_id":"d376d83b-d8fd-497a-b97d-41cb2db15570","local_time":"20191026182931","is_ascension_mode":false,"campfire_choices":[{"data":"Body Slam","floor":6.0,"key":"SMITH"},{"data":"Body Slam","floor":11.0,"key":"SMITH"},{"data":"Body Slam","floor":15.0,"key":"SMITH"},{"data":"Barricade","floor":23.0,"key":"SMITH"},{"data":"Flame Barrier","floor":28.0,"key":"SMITH"},{"data":"Shrug It Off","floor":32.0,"key":"SMITH"},{"floor":40.0,"key":"RECALL"},{"floor":49.0,"key":"REST"},{"floor":52,"key":"REST"}],"neow_cost":"PERCENT_DAMAGE","seed_source_timestamp":0,"circlet_count":0,"master_deck":["Defend_R+1","Defend_R","Defend_R","Defend_R+1","Body Slam+1","Body Slam+1","Shrug It Off+1","Body Slam+1","Body Slam+1","Flame Barrier+1","Barricade+1","Entrench"],"special_seed":0,"relics":["Burning Blood","Juzu Bracelet","PreservedInsect","Happy Flower","Empty Cage","MutagenicStrength","Medical Kit","Red Mask","MealTicket","Pen Nib","War Paint","Potion Belt","Fusion Hammer","Lee\u0027s Waffle","Self Forming Clay","Bag of Preparation"],"potions_floor_usage":[50,50,54,54,55,55,55],"damage_taken":[{"damage":2.0,"enemies":"Small Slimes","floor":1.0,"turns":4.0},{"damage":0.0,"enemies":"Cultist","floor":2.0,"turns":3.0},{"damage":6.0,"enemies":"Jaw Worm","floor":5.0,"turns":3.0},{"damage":2.0,"enemies":"Looter","floor":7.0,"turns":3.0},{"damage":8.0,"enemies":"Lots of Slimes","floor":10.0,"turns":4.0},{"damage":13.0,"enemies":"Lagavulin","floor":14.0,"turns":5.0},{"damage":23.0,"enemies":"Hexaghost","floor":16.0,"turns":8.0},{"damage":18.0,"enemies":"2 Thieves","floor":18.0,"turns":3.0},{"damage":9.0,"enemies":"Masked Bandits","floor":22.0,"turns":4.0},{"damage":0.0,"enemies":"Slavers","floor":25.0,"turns":4.0},{"damage":0.0,"enemies":"Chosen","floor":27.0,"turns":3.0},{"damage":0.0,"enemies":"Centurion and Healer","floor":29.0,"turns":1.0},{"damage":3.0,"enemies":"Automaton","floor":33.0,"turns":7.0},{"damage":0.0,"enemies":"Orb Walker","floor":35.0,"turns":2.0},{"damage":0.0,"enemies":"3 Shapes","floor":36.0,"turns":2.0},{"damage":0.0,"enemies":"Maw","floor":38.0,"turns":4.0},{"damage":0.0,"enemies":"Sphere and 2 Shapes","floor":39.0,"turns":4.0},{"damage":0.0,"enemies":"3 Darklings","floor":41.0,"turns":4.0},{"damage":0.0,"enemies":"Reptomancer","floor":42.0,"turns":3.0},{"damage":0.0,"enemies":"4 Shapes","floor":44.0,"turns":6.0},{"damage":0.0,"enemies":"Maw","floor":45.0,"turns":4.0},{"damage":10.0,"enemies":"Nemesis","floor":46.0,"turns":5.0},{"damage":0.0,"enemies":"Writhing Mass","floor":48.0,"turns":4.0},{"damage":0,"enemies":"Donu and Deca","floor":50,"turns":6},{"damage":0,"enemies":"Shield and Spear","floor":54,"turns":6},{"damage":84,"enemies":"The Heart","floor":55,"turns":7}],"seed_played":"-5488718672892066051","potions_obtained":[{"floor":1.0,"key":"Strength Potion"},{"floor":7.0,"key":"AttackPotion"},{"floor":18.0,"key":"BloodPotion"},{"floor":33.0,"key":"BloodPotion"},{"floor":35.0,"key":"CultistPotion"},{"floor":38.0,"key":"ColorlessPotion"},{"floor":39.0,"key":"SpeedPotion"},{"floor":44.0,"key":"SpeedPotion"}],"is_trial":false,"path_per_floor":["M","M","?","$","M","R","M","?","T","M","R","$","?","E","R","B",null,"M","?","$","?","?","R","?","E","T","M","R","M","$","T","R","B",null,"M","M","$","M","M","R","M","E","T","M","M","E","?","M","R","B",null,"R","$","E","B",null],"character_chosen":"IRONCLAD","items_purchased":["Shrug It Off","PreservedInsect","Flame Barrier","Medical Kit","War Paint","Lee\u0027s Waffle","Entrench","Block Potion","Fire Potion"],"campfire_rested":2,"item_purchase_floors":[4,12,12,20,30,37,53,53,53],"current_hp_per_floor":[60,66,50,50,50,50,54,54,54,52,52,52,45,38,38,21,80,68,68,68,68,65,65,65,71,71,77,77,80,80,80,80,80,80,80,80,87,87,87,87,87,87,87,87,87,83,83,87,87,87,87,87,87,87,43],"gold":104,"neow_bonus":"TWO_FIFTY_GOLD","is_prod":false,"is_daily":false,"chose_seed":false,"campfire_upgraded":6,"win_rate":0,"timestamp":1572107371,"path_taken":["M","M","?","$","M","R","M","?","T","M","R","$","?","E","R","BOSS","M","?","$","?","?","R","?","E","T","M","R","M","$","?","R","BOSS","M","M","$","M","M","R","M","E","T","M","M","E","?","M","R","BOSS","R","$","E","BOSS"],"build_version":"2019-10-25-V3","purchased_purges":2,"victory":true,"max_hp_per_floor":[80,80,80,80,80,80,80,80,80,80,80,80,80,80,80,80,80,80,80,80,80,80,80,80,80,80,80,80,80,80,80,80,80,80,80,80,87,87,87,87,87,87,87,87,87,87,87,87,87,87,87,87,87,87,87],"card_choices":[{"not_picked":["Flex","Infernal Blade"],"picked":"Body Slam","floor":1.0},{"not_picked":["Uppercut","Rupture"],"picked":"Body Slam","floor":2.0},{"not_picked":["Second Wind","Sword Boomerang","Twin Strike"],"picked":"SKIP","floor":5.0},{"not_picked":["Havoc","Anger"],"picked":"Body Slam","floor":7.0},{"not_picked":["Armaments","Pommel Strike"],"picked":"Body Slam","floor":10.0},{"not_picked":["Metallicize","Rupture","Wild Strike"],"picked":"SKIP","floor":14.0},{"not_picked":["Demon Form","Impervious"],"picked":"Barricade","floor":16.0},{"not_picked":["Sword Boomerang","Headbutt","Pummel"],"picked":"SKIP","floor":18.0},{"not_picked":["Perfected Strike","Dropkick","Bloodletting"],"picked":"SKIP","floor":25.0},{"not_picked":["Bloodletting","Twin Strike","Warcry"],"picked":"SKIP","floor":27.0},{"not_picked":["Perfected Strike","Searing Blow","Warcry"],"picked":"SKIP","floor":29.0},{"not_picked":["Dropkick","Uppercut","Warcry+1"],"picked":"SKIP","floor":35.0},{"not_picked":["Rupture","Infernal Blade+1","Iron Wave+1"],"picked":"SKIP","floor":36.0},{"not_picked":["Sword Boomerang+1","Heavy Blade+1","Flex"],"picked":"SKIP","floor":38.0},{"not_picked":["Body Slam+1","Shockwave+1","Headbutt+1"],"picked":"SKIP","floor":39.0},{"not_picked":["Cleave","Berserk","True Grit+1"],"picked":"SKIP","floor":41.0},{"not_picked":["Sword Boomerang+1","Iron Wave+1","Perfected Strike"],"picked":"SKIP","floor":42.0},{"not_picked":["Anger+1","Dropkick+1","Headbutt"],"picked":"SKIP","floor":44.0},{"not_picked":["Pommel Strike","Fiend Fire","Searing Blow+1"],"picked":"SKIP","floor":45.0},{"not_picked":["Whirlwind","Dropkick","Power Through+1"],"picked":"SKIP","floor":46.0},{"not_picked":["Evolve","Flex+1","Burning Pact"],"picked":"SKIP","floor":48.0},{"not_picked":["Warcry","Spot Weakness","Havoc"],"picked":"SKIP","floor":54}],"player_experience":896353,"relics_obtained":[{"floor":9.0,"key":"Juzu Bracelet"},{"floor":14.0,"key":"Happy Flower"},{"floor":22.0,"key":"Red Mask"},{"floor":25.0,"key":"MealTicket"},{"floor":26.0,"key":"Pen Nib"},{"floor":31.0,"key":"Potion Belt"},{"floor":46.0,"key":"Self Forming Clay"},{"floor":54,"key":"Bag of Preparation"}],"event_choices":[{"damage_healed":0.0,"max_hp_gain":0.0,"max_hp_loss":0.0,"gold_gain":0.0,"event_name":"Shining Light","player_choice":"Entered Light","floor":3.0,"gold_loss":0.0,"damage_taken":16.0,"cards_upgraded":["Strike_R","Body Slam"]},{"damage_healed":0.0,"max_hp_gain":0.0,"max_hp_loss":0.0,"gold_gain":0.0,"event_name":"Golden Idol","player_choice":"Ignored","floor":8.0,"gold_loss":0.0,"damage_taken":0.0},{"cards_removed":["Strike_R"],"damage_healed":0.0,"max_hp_gain":0.0,"max_hp_loss":0.0,"gold_gain":0.0,"event_name":"Golden Wing","player_choice":"Card Removal","floor":13.0,"gold_loss":0.0,"damage_taken":7.0},{"damage_healed":0.0,"max_hp_gain":0.0,"max_hp_loss":0.0,"gold_gain":0.0,"event_name":"Drug Dealer","player_choice":"Inject Mutagens","floor":19.0,"gold_loss":0.0,"damage_taken":0.0,"relics_obtained":["MutagenicStrength"]},{"cards_removed":["Strike_R"],"damage_healed":0.0,"max_hp_gain":0.0,"max_hp_loss":0.0,"gold_gain":0.0,"event_name":"Wheel of Change","player_choice":"Card Removal","floor":21.0,"gold_loss":0.0,"damage_taken":0.0},{"damage_healed":0.0,"max_hp_gain":0.0,"max_hp_loss":0.0,"gold_gain":0.0,"event_name":"Masked Bandits","player_choice":"Fought Bandits","floor":22.0,"gold_loss":0.0,"damage_taken":0.0},{"damage_healed":0.0,"max_hp_gain":0.0,"max_hp_loss":0.0,"gold_gain":99.0,"event_name":"Nest","player_choice":"Stole From Cult","floor":24.0,"gold_loss":0.0,"damage_taken":0.0},{"damage_healed":0.0,"max_hp_gain":0.0,"max_hp_loss":0.0,"gold_gain":0.0,"event_name":"Lab","player_choice":"Got Potions","floor":47.0,"gold_loss":0.0,"damage_taken":0.0}],"is_beta":true,"boss_relics":[{"not_picked":["Mark of Pain","Black Star"],"picked":"Empty Cage"},{"not_picked":["Sozu","Calling Bell"],"picked":"Fusion Hammer"}],"items_purged_floors":[4,12],"is_endless":false,"potions_floor_spawned":[1,7,18,33,35,38,39,44,48],"ascension_level":0}