{"gold_per_floor":[210,227,4,22,33,33,68,68,91,107,132,132,167,186,186,287,287,305,322,322,322,347,382,382,395,421,179,195,195,230,250,250,346,346,364,364,378,378,398,398,428,160,238,81,81,95,110,135,135,135],"floor_reached":50,"playtime":5127,"items_purged":["Strike_G","Parasite"],"score":602,"play_id":"ae9f6506-f39f-4763-bf8d-e2d1f49bc6ac","local_time":"20191008231157","is_ascension_mode":false,"campfire_choices":[{"floor":6,"key":"RECALL"},{"data":"Neutralize","floor":8,"key":"SMITH"},{"data":"Footwork","floor":12,"key":"SMITH"},{"floor":15,"key":"REST"},{"data":"Storm of Steel","floor":24,"key":"SMITH"},{"data":"Well Laid Plans","floor":29,"key":"SMITH"},{"data":"Noxious Fumes","floor":32,"key":"SMITH"},{"data":"Tools of the Trade","floor":40,"key":"SMITH"},{"floor":45,"key":"REST"},{"floor":49,"key":"REST"}],"neow_cost":"NONE","seed_source_timestamp":774370117694700,"circlet_count":0,"master_deck":["Defend_G","Defend_G","Defend_G","Defend_G","Defend_G","Survivor","Neutralize+1","Dagger Throw","Backflip","Die Die Die","Dash","Heel Hook","Flying Knee","Bane","Footwork+1","Storm of Steel+1","Sucker Punch","Noxious Fumes+1","Die Die Die","Terror","Bite","Bite","Bite","Bite","Bite","Well Laid Plans+1","Acrobatics","Deadly Poison","Poisoned Stab","Quick Slash","Tools of the Trade+1","Backflip","After Image","Corpse Explosion","Backstab+1"],"relics":["Ring of the Snake","Dream Catcher","Orichalcum","Odd Mushroom","Happy Flower","Busted Crown","Strawberry","Blood Vial","Oddly Smooth Stone","Bag of Marbles","Sozu","GremlinMask","Smiling Mask","Mercury Hourglass","Snake Skull","Shuriken"],"potions_floor_usage":[13,13,28,33,33,41],"damage_taken":[{"damage":2,"enemies":"Jaw Worm","floor":1,"turns":7},{"damage":3,"enemies":"2 Louse","floor":2,"turns":3},{"damage":0,"enemies":"Cultist","floor":4,"turns":3},{"damage":0,"enemies":"3 Louse","floor":5,"turns":1},{"damage":45,"enemies":"Gremlin Nob","floor":7,"turns":6},{"damage":0,"enemies":"Exordium Thugs","floor":10,"turns":4},{"damage":16,"enemies":"The Mushroom Lair","floor":11,"turns":3},{"damage":1,"enemies":"Lagavulin","floor":13,"turns":7},{"damage":0,"enemies":"Gremlin Gang","floor":14,"turns":2},{"damage":19,"enemies":"Hexaghost","floor":16,"turns":12},{"damage":2,"enemies":"Spheric Guardian","floor":18,"turns":3},{"damage":0,"enemies":"Chosen","floor":19,"turns":3},{"damage":1,"enemies":"Book of Stabbing","floor":23,"turns":6},{"damage":0,"enemies":"Snecko","floor":25,"turns":5},{"damage":9,"enemies":"Snake Plant","floor":28,"turns":5},{"damage":27,"enemies":"Gremlin Leader","floor":30,"turns":6},{"damage":12,"enemies":"Centurion and Healer","floor":31,"turns":5},{"damage":19,"enemies":"Collector","floor":33,"turns":7},{"damage":25,"enemies":"3 Darklings","floor":35,"turns":4},{"damage":12,"enemies":"Orb Walker","floor":37,"turns":4},{"damage":36,"enemies":"Writhing Mass","floor":39,"turns":6},{"damage":21,"enemies":"Reptomancer","floor":41,"turns":7},{"damage":12,"enemies":"Spire Growth","floor":46,"turns":5},{"damage":9,"enemies":"3 Darklings","floor":47,"turns":4},{"damage":29,"enemies":"Giant Head","floor":48,"turns":10},{"damage":60,"enemies":"Time Eater","floor":50,"turns":10}],"seed_played":"8311551498631311200","potions_obtained":[{"floor":4,"key":"Swift Potion"},{"floor":10,"key":"Strength Potion"},{"floor":13,"key":"Weak Potion"},{"floor":16,"key":"Block Potion"},{"floor":18,"key":"Fire Potion"},{"floor":23,"key":"AttackPotion"},{"floor":31,"key":"SteroidPotion"}],"is_trial":false,"path_per_floor":["M","M","$","M","M","R","E","R","T","M","?","R","E","M","R","B",null,"M","M","?","?","T","E","R","M","T","$","M","R","E","M","R","B",null,"M","?","M","?","M","R","E","$","T","$","R","M","M","E","R","B"],"character_chosen":"THE_SILENT","items_purchased":["Die Die Die","Well Laid Plans","Oddly Smooth Stone","Acrobatics","After Image","Corpse Explosion","Snake Skull"],"campfire_rested":3,"item_purchase_floors":[3,27,27,27,42,42,44],"current_hp_per_floor":[68,65,65,65,65,65,20,20,20,20,4,4,3,3,24,5,70,68,68,55,52,52,59,59,59,59,59,50,50,39,37,37,28,59,42,42,36,36,14,14,13,13,13,13,29,29,28,23,39,0],"gold":135,"neow_bonus":"HUNDRED_GOLD","is_prod":false,"is_daily":false,"chose_seed":false,"campfire_upgraded":6,"win_rate":0,"timestamp":1570547517,"path_taken":["M","M","$","M","M","R","E","R","T","M","?","R","E","M","R","BOSS","M","M","?","?","?","E","R","M","T","$","M","R","E","M","R","BOSS","M","?","?","?","?","R","E","$","T","$","R","?","M","E","R","BOSS"],"build_version":"2019-07-17","purchased_purges":2,"victory":false,"max_hp_per_floor":[70,70,70,70,70,70,70,70,70,70,70,70,70,70,70,70,70,70,70,75,52,52,59,59,59,59,59,59,59,59,59,59,59,59,59,59,59,59,59,59,59,56,56,56,56,56,56,56,56,56],"card_choices":[{"not_picked":["Deflect","Bane"],"picked":"Dagger Throw","floor":1},{"not_picked":["Blade Dance","Masterful Stab"],"picked":"Backflip","floor":2},{"not_picked":["Bullet Time","Expertise"],"picked":"Dash","floor":4},{"not_picked":["Backflip","Blur"],"picked":"Heel Hook","floor":5},{"not_picked":["Flechettes","Underhanded Strike"],"picked":"Flying Knee","floor":7},{"not_picked":["Dash","Outmaneuver"],"picked":"Bane","floor":10},{"not_picked":["Setup","Flying Knee"],"picked":"Footwork","floor":11},{"not_picked":["Choke","Glass Knife"],"picked":"Storm of Steel","floor":13},{"not_picked":["Prepared","Poisoned Stab"],"picked":"Sucker Punch","floor":14},{"not_picked":["Slice","Calculated Gamble"],"picked":"Noxious Fumes","floor":15},{"not_picked":["Storm of Steel","Glass Knife"],"picked":"Die Die Die","floor":16},{"not_picked":[],"picked":"Terror","floor":18},{"not_picked":["PiercingWail+1"],"picked":"SKIP","floor":19},{"not_picked":["Masterful Stab"],"picked":"SKIP","floor":23},{"not_picked":["PiercingWail"],"picked":"SKIP","floor":25},{"not_picked":[],"picked":"Deadly Poison","floor":28},{"not_picked":[],"picked":"Poisoned Stab","floor":30},{"not_picked":[],"picked":"Quick Slash","floor":31},{"not_picked":[],"picked":"Tools of the Trade","floor":33},{"not_picked":["Dagger Throw"],"picked":"SKIP","floor":35},{"not_picked":["Slice+1"],"picked":"SKIP","floor":37},{"not_picked":[],"picked":"Backflip","floor":39},{"not_picked":["Bane"],"picked":"SKIP","floor":41},{"not_picked":[],"picked":"Backstab+1","floor":45},{"not_picked":["Bane"],"picked":"SKIP","floor":46},{"not_picked":["All Out Attack+1"],"picked":"SKIP","floor":47},{"not_picked":["Eviscerate"],"picked":"SKIP","floor":48}],"player_experience":133985,"relics_obtained":[{"floor":7,"key":"Dream Catcher"},{"floor":9,"key":"Orichalcum"},{"floor":11,"key":"Odd Mushroom"},{"floor":13,"key":"Happy Flower"},{"floor":23,"key":"Strawberry"},{"floor":26,"key":"Blood Vial"},{"floor":30,"key":"Bag of Marbles"},{"floor":41,"key":"Smiling Mask"},{"floor":43,"key":"Mercury Hourglass"},{"floor":48,"key":"Shuriken"}],"event_choices":[{"damage_healed":0,"gold_gain":0,"player_choice":"Fought Mushrooms","damage_taken":0,"max_hp_gain":0,"max_hp_loss":0,"event_name":"Mushrooms","floor":11,"gold_loss":0},{"damage_healed":0,"gold_gain":0,"player_choice":"Shed Blood","damage_taken":18,"max_hp_gain":5,"max_hp_loss":0,"event_name":"Forgotten Altar","floor":20,"gold_loss":0},{"damage_healed":0,"gold_gain":0,"player_choice":"Became a vampire","damage_taken":0,"max_hp_gain":0,"max_hp_loss":23,"event_name":"Vampires","floor":21,"gold_loss":0,"cards_obtained":["Bite","Bite","Bite","Bite","Bite"]},{"damage_healed":0,"gold_gain":0,"player_choice":"Trade","damage_taken":0,"relics_obtained":["GremlinMask"],"max_hp_gain":0,"max_hp_loss":0,"event_name":"FaceTrader","floor":36,"gold_loss":0},{"damage_healed":0,"gold_gain":0,"player_choice":"Ignored","damage_taken":0,"max_hp_gain":0,"max_hp_loss":0,"event_name":"SecretPortal","floor":38,"gold_loss":0}],"is_beta":false,"boss_relics":[{"not_picked":["Runic Dome","HoveringKite"],"picked":"Busted Crown"},{"not_picked":["Astrolabe","Calling Bell"],"picked":"Sozu"}],"items_purged_floors":[3,42],"is_endless":false,"potions_floor_spawned":[4,10,13,16,18,23,31,37,41],"killed_by":"Time Eater","ascension_level":0}