{"gold_per_floor":[119,132,147,165,10,40,40,140,166,0,15,15,26,51,51,125,125,103,123,18,29,29,29,29],"floor_reached":24,"playtime":1885,"items_purged":["Strike_G"],"score":406,"play_id":"c1fa6bce-afee-4927-a7a7-402a9dfe114c","local_time":"20190703083133","is_ascension_mode":true,"campfire_choices":[{"floor":7.0,"key":"REST"},{"floor":12.0,"key":"REST"},{"floor":15.0,"key":"REST"},{"floor":23,"key":"REST"}],"neow_cost":"NONE","seed_source_timestamp":41683463728521,"circlet_count":0,"master_deck":["AscendersBane","Defend_G","Defend_G","Defend_G","Defend_G","Defend_G","Strike_G","Strike_G","Strike_G","Strike_G","Survivor","Neutralize","Blade Dance","PiercingWail","Skewer","Cloak And Dagger","Crippling Poison","Noxious Fumes","Glass Knife","Dagger Spray","Quick Slash","Bane","Wraith Form v2","Calculated Gamble","Terror+1","Bandage Up","PiercingWail","RitualDagger"],"special_seed":0,"relics":["Ring of the Snake","Bag of Marbles","Ancient Tea Set","Strawberry","Oddly Smooth Stone","Runic Pyramid"],"potions_floor_usage":[21],"damage_taken":[{"damage":4.0,"enemies":"Jaw Worm","floor":1.0,"turns":5.0},{"damage":0.0,"enemies":"Cultist","floor":2.0,"turns":3.0},{"damage":0.0,"enemies":"2 Louse","floor":3.0,"turns":3.0},{"damage":2.0,"enemies":"2 Fungi Beasts","floor":4.0,"turns":3.0},{"damage":56.0,"enemies":"Gremlin Nob","floor":6.0,"turns":6.0},{"damage":0.0,"enemies":"Blue Slaver","floor":11.0,"turns":1.0},{"damage":0.0,"enemies":"Looter","floor":13.0,"turns":2.0},{"damage":40.0,"enemies":"Lagavulin","floor":14.0,"turns":9.0},{"damage":33.0,"enemies":"Slime Boss","floor":16.0,"turns":10.0},{"damage":5.0,"enemies":"2 Thieves","floor":18.0,"turns":4.0},{"damage":15.0,"enemies":"Spheric Guardian","floor":19.0,"turns":8.0},{"damage":22,"enemies":"3 Cultists","floor":21,"turns":7},{"damage":39,"enemies":"Book of Stabbing","floor":24,"turns":5}],"seed_played":"3589331565251187213","potions_obtained":[{"floor":1.0,"key":"Regen Potion"},{"floor":6.0,"key":"Energy Potion"},{"floor":13.0,"key":"Swift Potion"},{"floor":16.0,"key":"Poison Potion"},{"floor":18.0,"key":"SkillPotion"},{"floor":19.0,"key":"SteroidPotion"}],"is_trial":false,"path_per_floor":["M","M","M","M","$","E","R","?","T","$","M","R","M","E","R","B",null,"M","M","$","M","?","R","E"],"character_chosen":"THE_SILENT","items_purchased":["Crippling Poison","Glass Knife","Bandage Up"],"campfire_rested":4,"item_purchase_floors":[5,10,20],"current_hp_per_floor":[55,55,55,53,53,6,25,25,32,32,32,53,53,13,34,1,55,50,35,35,17,11,32,0],"gold":29,"neow_bonus":"RANDOM_COMMON_RELIC","is_prod":false,"is_daily":false,"chose_seed":false,"campfire_upgraded":0,"win_rate":0,"timestamp":1562157093,"path_taken":["M","M","M","M","$","E","R","?","T","$","?","R","M","E","R","BOSS","M","M","$","M","?","R","E"],"build_version":"2019-01-23","purchased_purges":1,"victory":false,"max_hp_per_floor":[66,66,66,66,66,66,66,66,73,73,73,73,73,73,73,73,73,73,73,73,73,73,73,73],"card_choices":[{"not_picked":["Finisher","Infinite Blades"],"picked":"Blade Dance","floor":1.0},{"not_picked":["Dagger Spray","Outmaneuver"],"picked":"PiercingWail","floor":2.0},{"not_picked":["Dash","Quick Slash"],"picked":"Skewer","floor":3.0},{"not_picked":["Endless Agony","Riddle With Holes"],"picked":"Cloak And Dagger","floor":4.0},{"not_picked":["Dagger Spray","Underhanded Strike"],"picked":"Noxious Fumes","floor":6.0},{"not_picked":["Prepared","Skewer"],"picked":"Dagger Spray","floor":11.0},{"not_picked":["Distraction","Deflect"],"picked":"Quick Slash","floor":13.0},{"not_picked":["Night Terror","Prepared"],"picked":"Bane","floor":14.0},{"not_picked":["Storm of Steel","Grand Finale"],"picked":"Wraith Form v2","floor":16.0},{"not_picked":["Dodge and Roll","Setup"],"picked":"Calculated Gamble","floor":18.0},{"not_picked":["Outmaneuver","Eviscerate"],"picked":"Terror+1","floor":19.0},{"not_picked":["Night Terror","Crippling Poison"],"picked":"PiercingWail","floor":21}],"player_experience":2664966,"relics_obtained":[{"floor":6.0,"key":"Ancient Tea Set"},{"floor":9.0,"key":"Strawberry"},{"floor":14.0,"key":"Oddly Smooth Stone"}],"event_choices":[{"damage_healed":0.0,"max_hp_gain":0.0,"max_hp_loss":0.0,"gold_gain":100.0,"event_name":"Wheel of Change","player_choice":"Gold","floor":8.0,"gold_loss":0.0,"damage_taken":0.0},{"damage_healed":0,"gold_gain":0,"player_choice":"Joined the Cult","damage_taken":6,"max_hp_gain":0,"max_hp_loss":0,"event_name":"Nest","floor":22,"gold_loss":0,"cards_obtained":["RitualDagger"]}],"is_beta":false,"boss_relics":[{"not_picked":["Snecko Eye","Ectoplasm"],"picked":"Runic Pyramid"}],"items_purged_floors":[5],"is_endless":false,"potions_floor_spawned":[1,6,13,16,18,19],"killed_by":"Book of Stabbing","ascension_level":19}