{"gold_per_floor":[110,110,121,46,66,66,92,105,177,177,191,211,222,232,232,305,305,324,336,336],"floor_reached":20,"playtime":2493,"items_purged":[],"score":342,"play_id":"65dd3362-8d5f-4d58-a765-57833bb95959","local_time":"20190507002516","is_ascension_mode":true,"campfire_choices":[{"data":"True Grit","floor":6.0,"key":"SMITH"},{"floor":10.0,"key":"REST"},{"floor":15,"key":"REST"}],"neow_cost":"NONE","seed_source_timestamp":242143152089443,"circlet_count":0,"master_deck":["AscendersBane","Strike_R","Strike_R","Strike_R","Strike_R","Defend_R","Defend_R","Defend_R","Defend_R","Bash","Clothesline","True Grit+1","Carnage","Wild Strike","Armaments","Evolve","Thunderclap","Wild Strike","Reaper","Perfected Strike+1"],"special_seed":0,"relics":["Burning Blood","Nunchaku","Self Forming Clay","Busted Crown"],"potions_floor_usage":[13,16,16,18,20],"damage_taken":[{"damage":9.0,"enemies":"Small Slimes","floor":1.0,"turns":5.0},{"damage":3.0,"enemies":"Cultist","floor":3.0,"turns":4.0},{"damage":4.0,"enemies":"Jaw Worm","floor":5.0,"turns":3.0},{"damage":47.0,"enemies":"Lagavulin","floor":7.0,"turns":8.0},{"damage":22.0,"enemies":"Exordium Wildlife","floor":8.0,"turns":4.0},{"damage":20.0,"enemies":"Gremlin Gang","floor":11.0,"turns":4.0},{"damage":5.0,"enemies":"Large Slime","floor":12.0,"turns":7.0},{"damage":0,"enemies":"3 Louse","floor":13,"turns":2},{"damage":23,"enemies":"Exordium Thugs","floor":14,"turns":4},{"damage":40,"enemies":"Hexaghost","floor":16,"turns":11},{"damage":39,"enemies":"3 Byrds","floor":18,"turns":8},{"damage":34,"enemies":"Shell Parasite","floor":19,"turns":5},{"damage":15,"enemies":"Colosseum Slavers","floor":20,"turns":3}],"seed_played":"3081430339405478146","potions_obtained":[{"floor":8.0,"key":"EntropicBrew"},{"floor":11.0,"key":"Explosive Potion"},{"floor":12.0,"key":"Strength Potion"},{"floor":13,"key":"Strength Potion"},{"floor":16,"key":"SpeedPotion"},{"floor":19,"key":"EssenceOfSteel"}],"is_trial":false,"path_per_floor":["M","?","M","$","M","R","E","M","T","R","M","M","M","M","R","B",null,"M","M","?"],"character_chosen":"IRONCLAD","items_purchased":["Carnage"],"campfire_rested":2,"item_purchase_floors":[4],"current_hp_per_floor":[72,72,75,75,77,77,36,20,20,44,30,31,37,20,44,10,64,37,15,0],"gold":336,"neow_bonus":"TEN_PERCENT_HP_BONUS","is_prod":false,"is_daily":false,"chose_seed":false,"campfire_upgraded":1,"win_rate":0,"timestamp":1557203116,"path_taken":["M","?","M","$","M","R","E","M","T","R","M","?","M","M","R","BOSS","M","M","?"],"build_version":"2019-01-23","purchased_purges":0,"victory":false,"max_hp_per_floor":[82,82,82,82,82,82,82,82,82,82,82,82,82,82,82,82,82,82,82,82],"card_choices":[{"not_picked":["Searing Blow","Clash"],"picked":"Clothesline","floor":1.0},{"not_picked":["Armaments","Battle Trance"],"picked":"True Grit","floor":3.0},{"not_picked":["Rupture","Heavy Blade"],"picked":"Wild Strike","floor":5.0},{"not_picked":["Headbutt","Sword Boomerang"],"picked":"Armaments","floor":7.0},{"not_picked":["Ghostly Armor","Warcry"],"picked":"Evolve","floor":8.0},{"not_picked":["Dropkick","Twin Strike","Warcry"],"picked":"SKIP","floor":11.0},{"not_picked":["Clothesline","Headbutt"],"picked":"Thunderclap","floor":12.0},{"not_picked":["Heavy Blade","Shrug It Off"],"picked":"Wild Strike","floor":13},{"not_picked":["Exhume","Rupture","Warcry"],"picked":"SKIP","floor":14},{"not_picked":["Impervious","Feed"],"picked":"Reaper","floor":16},{"not_picked":[],"picked":"Perfected Strike+1","floor":18},{"not_picked":["Clothesline"],"picked":"SKIP","floor":19}],"player_experience":2577239,"relics_obtained":[{"floor":7.0,"key":"Nunchaku"},{"floor":9.0,"key":"Self Forming Clay"}],"event_choices":[{"cards_removed":["Strike_R"],"damage_healed":0.0,"max_hp_gain":0.0,"max_hp_loss":0.0,"gold_gain":0.0,"event_name":"Bonfire Elementals","player_choice":"Offered Basic","floor":2.0,"gold_loss":0.0,"damage_taken":0.0},{"damage_healed":0,"gold_gain":0,"player_choice":"Fight","damage_taken":0,"max_hp_gain":0,"max_hp_loss":0,"event_name":"Colosseum","floor":20,"gold_loss":0}],"is_beta":false,"boss_relics":[{"not_picked":["Tiny House","Astrolabe"],"picked":"Busted Crown"}],"items_purged_floors":[],"is_endless":false,"potions_floor_spawned":[8,11,12,13,16,19],"killed_by":"Colosseum Slavers","ascension_level":18}