{"gold_per_floor":[115,133,153,153,166,193,193,223,223,33,33,53,73,83,83,187,187,202,8,21,36,54,86,103,76,76,76,76,95,95,112,112,208,258,277,297,13,32,32,32,32,32,32,32,43,43,55,68,68,68],"floor_reached":50,"playtime":5084,"items_purged":[],"score":520,"play_id":"e54d7a9d-72ef-45a4-8db9-c71bb6c7922a","local_time":"20190705115718","is_ascension_mode":false,"campfire_choices":[{"floor":7.0,"key":"REST"},{"data":"Cloak And Dagger","floor":11.0,"key":"SMITH"},{"floor":15.0,"key":"REST"},{"floor":28,"key":"REST"},{"floor":30,"key":"REST"},{"floor":32,"key":"REST"},{"data":"Accuracy","floor":41,"key":"SMITH"},{"data":"Storm of Steel","floor":44,"key":"SMITH"},{"floor":46,"key":"REST"},{"floor":49,"key":"REST"}],"neow_cost":"NONE","seed_source_timestamp":0,"circlet_count":0,"master_deck":["Strike_G","Strike_G","Strike_G","Strike_G","Strike_G","Defend_G","Defend_G+1","Defend_G","Defend_G","Defend_G","Survivor","Neutralize","Flying Knee","Terror","Endless Agony+1","Cloak And Dagger+1","Blur","Accuracy+1","Well Laid Plans","All Out Attack","Storm of Steel","Storm of Steel+1","Masterful Stab+1","Noxious Fumes","Finesse","Outmaneuver","Terror+1","Underhanded Strike+1","Backstab","Infinite Blades","Distraction","Dagger Spray","Cloak And Dagger","Corpse Explosion","Doppelganger","Blur","Dodge and Roll+1","Dagger Throw+1","Finesse","Deflect","Leg Sweep","Writhe","Prepared","Slice+1","Skewer+1"],"special_seed":0,"relics":["Ring of the Serpent","Kunai","Ninja Scroll","Strawberry","Ornamental Fan","The Specimen","Tiny House","Lantern","Du-Vu Doll"],"potions_floor_usage":[20,23,23,24,48,48,48],"damage_taken":[{"damage":2.0,"enemies":"Small Slimes","floor":1.0,"turns":5.0},{"damage":0.0,"enemies":"2 Louse","floor":2.0,"turns":3.0},{"damage":2.0,"enemies":"Jaw Worm","floor":3.0,"turns":4.0},{"damage":0.0,"enemies":"Blue Slaver","floor":5.0,"turns":3.0},{"damage":12.0,"enemies":"3 Sentries","floor":6.0,"turns":9.0},{"damage":1.0,"enemies":"3 Louse","floor":12.0,"turns":4.0},{"damage":3.0,"enemies":"Large Slime","floor":13.0,"turns":5.0},{"damage":8.0,"enemies":"Gremlin Gang","floor":14.0,"turns":3.0},{"damage":54.0,"enemies":"The Guardian","floor":16.0,"turns":10.0},{"damage":8,"enemies":"Chosen","floor":18,"turns":5},{"damage":8,"enemies":"3 Byrds","floor":20,"turns":3},{"damage":19,"enemies":"Sentry and Sphere","floor":21,"turns":7},{"damage":4,"enemies":"Snecko","floor":22,"turns":6},{"damage":43,"enemies":"Book of Stabbing","floor":23,"turns":7},{"damage":0,"enemies":"Chosen and Byrds","floor":24,"turns":4},{"damage":2,"enemies":"Cultist and Chosen","floor":29,"turns":5},{"damage":0,"enemies":"3 Cultists","floor":31,"turns":5},{"damage":58,"enemies":"Collector","floor":33,"turns":9},{"damage":0,"enemies":"Orb Walker","floor":35,"turns":3},{"damage":10,"enemies":"3 Darklings","floor":36,"turns":3},{"damage":24,"enemies":"4 Shapes","floor":38,"turns":4},{"damage":47,"enemies":"Jaw Worm Horde","floor":45,"turns":5},{"damage":43,"enemies":"Writhing Mass","floor":47,"turns":7},{"damage":12,"enemies":"4 Shapes","floor":48,"turns":7},{"damage":27,"enemies":"Donu and Deca","floor":50,"turns":2}],"seed_played":"-6424164447517545527","potions_obtained":[{"floor":5.0,"key":"Explosive Potion"},{"floor":13.0,"key":"Fire Potion"},{"floor":14.0,"key":"SmokeBomb"},{"floor":16.0,"key":"EssenceOfSteel"},{"floor":22,"key":"Energy Potion"},{"floor":23,"key":"Weak Potion"},{"floor":31,"key":"FearPotion"},{"floor":34,"key":"Poison Potion"},{"floor":35,"key":"SkillPotion"},{"floor":42,"key":"Ancient Potion"},{"floor":42,"key":"GhostInAJar"},{"floor":42,"key":"Strength Potion"}],"is_trial":false,"path_per_floor":["M","M","M","?","M","E","R","?","T","$","R","M","M","M","R","B",null,"M","$","M","M","M","E","M","$","T","?","R","M","R","M","R","B",null,"M","M","$","M","?","?","R","?","T","R","M","R","M","M","R","B"],"character_chosen":"THE_SILENT","items_purchased":["Accuracy","Strawberry","Noxious Fumes","Finesse","Outmaneuver","Dagger Spray","Finesse","Deflect","Lantern"],"campfire_rested":7,"item_purchase_floors":[10,10,19,19,19,25,37,37,37],"current_hp_per_floor":[75,75,73,58,58,46,69,69,69,76,76,75,72,64,84,30,84,76,76,68,49,45,2,2,2,2,2,27,25,50,50,75,17,89,89,79,79,55,55,77,77,77,77,77,30,56,13,1,27,0],"gold":68,"neow_bonus":"TEN_PERCENT_HP_BONUS","is_prod":false,"is_daily":false,"chose_seed":false,"campfire_upgraded":3,"win_rate":0.0,"timestamp":1562338638,"path_taken":["M","M","M","?","M","E","R","?","T","?","R","M","M","M","R","BOSS","M","$","M","M","M","E","M","$","T","?","R","M","R","M","R","BOSS","M","M","$","M","?","?","R","?","T","R","M","R","M","M","R","BOSS"],"build_version":"2019-07-01","purchased_purges":0,"victory":false,"max_hp_per_floor":[77,77,77,77,77,77,77,77,77,84,84,84,84,84,84,84,84,84,84,84,84,84,84,84,84,84,84,84,84,84,84,84,84,89,89,89,89,89,89,89,89,89,89,89,89,89,89,89,89,89],"card_choices":[{"not_picked":["Quick Slash","Escape Plan"],"picked":"Flying Knee","floor":1.0},{"not_picked":["Flying Knee","Dagger Throw"],"picked":"Terror","floor":2.0},{"not_picked":["Prepared","Underhanded Strike"],"picked":"Endless Agony","floor":3.0},{"not_picked":["Well Laid Plans","Prepared"],"picked":"Cloak And Dagger","floor":5.0},{"not_picked":["Flechettes","Blade Dance"],"picked":"Blur","floor":6.0},{"not_picked":["Sucker Punch","Acrobatics"],"picked":"Well Laid Plans","floor":12.0},{"not_picked":["Bane","Blade Dance"],"picked":"All Out Attack","floor":13.0},{"not_picked":["Quick Slash","Backflip"],"picked":"Storm of Steel","floor":14.0},{"not_picked":["Wraith Form v2","Glass Knife"],"picked":"Storm of Steel","floor":16.0},{"not_picked":["Heel Hook+1","Dagger Throw+1"],"picked":"Masterful Stab+1","floor":18},{"not_picked":["Predator+1","Bane"],"picked":"Terror","floor":20},{"not_picked":["Deadly Poison","Acrobatics"],"picked":"Underhanded Strike+1","floor":21},{"not_picked":["Choke","Deflect"],"picked":"Backstab","floor":22},{"not_picked":["Bane","Footwork"],"picked":"Infinite Blades","floor":23},{"not_picked":["Deadly Poison","Dodge and Roll"],"picked":"Distraction","floor":24},{"not_picked":["Dodge and Roll+1","Tactician"],"picked":"Cloak And Dagger","floor":29},{"not_picked":["Backflip+1","Predator"],"picked":"Corpse Explosion","floor":31},{"not_picked":["Wraith Form v2","Night Terror"],"picked":"Doppelganger","floor":33},{"not_picked":["Tactician","Expertise"],"picked":"Blur","floor":34},{"not_picked":["Deadly Poison+1","Bane"],"picked":"Dodge and Roll+1","floor":35},{"not_picked":["Underhanded Strike+1","Flying Knee"],"picked":"Dagger Throw+1","floor":36},{"not_picked":["Underhanded Strike+1","Dagger Throw"],"picked":"Leg Sweep","floor":38},{"not_picked":["Acrobatics","Escape Plan+1"],"picked":"Prepared","floor":45},{"not_picked":["Poisoned Stab","Backflip+1"],"picked":"Slice+1","floor":47},{"not_picked":["Eviscerate","Quick Slash+1"],"picked":"Skewer+1","floor":48}],"player_experience":90185,"relics_obtained":[{"floor":6.0,"key":"Kunai"},{"floor":9.0,"key":"Ninja Scroll"},{"floor":23,"key":"Ornamental Fan"},{"floor":26,"key":"The Specimen"},{"floor":43,"key":"Du-Vu Doll"}],"event_choices":[{"damage_healed":0.0,"max_hp_gain":0.0,"max_hp_loss":0.0,"gold_gain":0.0,"event_name":"Shining Light","player_choice":"Entered Light","floor":4.0,"gold_loss":0.0,"damage_taken":15.0,"cards_upgraded":["Defend_G","Endless Agony"]},{"damage_healed":0.0,"max_hp_gain":0.0,"max_hp_loss":0.0,"gold_gain":30.0,"event_name":"Dead Adventurer","player_choice":"Searched \u00272\u0027 times","floor":8.0,"gold_loss":0.0,"damage_taken":0.0},{"damage_healed":0,"gold_gain":0,"player_choice":"Ignored","damage_taken":0,"max_hp_gain":0,"max_hp_loss":0,"event_name":"Vampires","floor":27,"gold_loss":0},{"damage_healed":0,"gold_gain":0,"player_choice":"Ignored","damage_taken":0,"max_hp_gain":0,"max_hp_loss":0,"event_name":"Mysterious Sphere","floor":39,"gold_loss":0},{"damage_healed":22,"gold_gain":0,"player_choice":"Writhe","damage_taken":0,"max_hp_gain":0,"max_hp_loss":0,"event_name":"Winding Halls","floor":40,"gold_loss":0,"cards_obtained":["Writhe"]},{"damage_healed":0,"gold_gain":0,"player_choice":"Got Potions","damage_taken":0,"max_hp_gain":0,"max_hp_loss":0,"event_name":"Lab","floor":42,"gold_loss":0}],"is_beta":false,"boss_relics":[{"not_picked":["Empty Cage","White Beast Statue"],"picked":"Ring of the Serpent"},{"not_picked":["WristBlade","Calling Bell"],"picked":"Tiny House"}],"items_purged_floors":[],"is_endless":false,"potions_floor_spawned":[5,13,14,16,22,23,31,35,38],"killed_by":"Donu and Deca","ascension_level":0}