{"gold_per_floor":[116,116,131,142,142,142,170,170,170,170,186,204,204,239,239,338,338,352,352,367,384,103,128,128,98,145,145,175,194,254,268,268,370,370,382,213,228,241,44,44,77,77,100,100,200,200,225,235,235,235],"floor_reached":50,"playtime":4945,"items_purged":["Regret","Strike_B"],"score":673,"play_id":"84954772-ba4a-4541-8bbd-e341c0803ccf","local_time":"20191016221525","is_ascension_mode":true,"campfire_choices":[{"data":"Hologram","floor":6,"key":"SMITH"},{"data":"Zap","floor":8,"key":"SMITH"},{"floor":13,"key":"REST"},{"data":"Glacier","floor":15,"key":"SMITH"},{"data":"Hologram","floor":24,"key":"SMITH"},{"data":"Seek","floor":27,"key":"SMITH"},{"data":"Electrodynamics","floor":32,"key":"SMITH"},{"data":"Apotheosis","floor":40,"key":"SMITH"},{"floor":42,"key":"RECALL"},{"data":"Strike_B","floor":46,"key":"PURGE"},{"data":"Strike_B","floor":49,"key":"PURGE"}],"neow_cost":"NONE","seed_source_timestamp":346586607099000,"circlet_count":0,"master_deck":["Strike_B","Defend_B","Defend_B+1","Defend_B","Defend_B","Zap+1","Dualcast","Hello World","Hologram+1","Rebound","Cold Snap","Conserve Battery","Glacier+1","Gash","Electrodynamics+1","Go for the Eyes","Ghostly","Ghostly","Ghostly+1","Ghostly","Ghostly","Chaos+1","Darkness","Seek+1","Self Repair","Hologram+1","Compile Driver+1","Coolheaded","Ball Lightning+1","Biased Cognition","Coolheaded+1","Glacier","Apotheosis+1","Blizzard","Madness","Madness","Barrage","Chaos+1","Hologram+1"],"relics":["Black Star","Ginger","Mummified Hand","Gambling Chip","Boot","Happy Flower","Smiling Mask","Inserter","Art of War","Potion Belt","Centennial Puzzle","Blue Candle","DataDisk","Tiny Chest","Bottled Tornado","Philosopher\u0027s Stone","Omamori","War Paint","Orichalcum","Peace Pipe","Emotion Chip","Toxic Egg 2"],"potions_floor_usage":[7,7,16,28,30,33,35,50],"damage_taken":[{"damage":11,"enemies":"Jaw Worm","floor":1,"turns":5},{"damage":4,"enemies":"Cultist","floor":3,"turns":4},{"damage":6,"enemies":"Small Slimes","floor":4,"turns":5},{"damage":12,"enemies":"Gremlin Nob","floor":7,"turns":4},{"damage":18,"enemies":"3 Louse","floor":11,"turns":4},{"damage":0,"enemies":"Exordium Wildlife","floor":12,"turns":3},{"damage":13,"enemies":"3 Sentries","floor":14,"turns":12},{"damage":13,"enemies":"Hexaghost","floor":16,"turns":11},{"damage":9,"enemies":"Shell Parasite","floor":18,"turns":7},{"damage":4,"enemies":"2 Thieves","floor":20,"turns":4},{"damage":2,"enemies":"Snecko","floor":21,"turns":9},{"damage":1,"enemies":"Slavers","floor":23,"turns":5},{"damage":0,"enemies":"Gremlin Leader","floor":28,"turns":8},{"damage":0,"enemies":"Snake Plant","floor":29,"turns":5},{"damage":11,"enemies":"Book of Stabbing","floor":30,"turns":7},{"damage":1,"enemies":"Shelled Parasite and Fungi","floor":31,"turns":5},{"damage":10,"enemies":"Collector","floor":33,"turns":8},{"damage":5,"enemies":"3 Darklings","floor":35,"turns":3},{"damage":2,"enemies":"3 Shapes","floor":37,"turns":3},{"damage":0,"enemies":"Jaw Worm Horde","floor":38,"turns":4},{"damage":5,"enemies":"Nemesis","floor":41,"turns":9},{"damage":0,"enemies":"Mind Bloom Boss Battle","floor":45,"turns":4},{"damage":6,"enemies":"Giant Head","floor":47,"turns":7},{"damage":0,"enemies":"Transient","floor":48,"turns":5},{"damage":45,"enemies":"Donu and Deca","floor":50,"turns":8}],"seed_played":"-2872568898500087370","potions_obtained":[{"floor":2,"key":"EssenceOfSteel"},{"floor":2,"key":"Weak Potion"},{"floor":2,"key":"Ancient Potion"},{"floor":7,"key":"Strength Potion"},{"floor":11,"key":"Energy Potion"},{"floor":16,"key":"Poison Potion"},{"floor":18,"key":"Fire Potion"},{"floor":25,"key":"Dexterity Potion"},{"floor":25,"key":"Dexterity Potion"},{"floor":28,"key":"Dexterity Potion"},{"floor":31,"key":"Block Potion"},{"floor":38,"key":"SteroidPotion"}],"is_trial":false,"path_per_floor":["M","?","M","M","?","R","E","R","T","?","M","M","R","E","R","B",null,"M","?","M","M","$","E","R","?","T","R","E","M","E","M","R","B",null,"M","$","M","M","$","R","E","R","T","?","?","R","E","M","R","B"],"character_chosen":"DEFECT","items_purchased":["Seek","Self Repair","Glacier","SkillPotion","Apotheosis"],"campfire_rested":1,"item_purchase_floors":[22,22,36,36,39],"current_hp_per_floor":[64,64,60,54,54,54,42,42,42,24,6,6,28,15,15,2,75,66,37,33,31,31,37,37,37,37,37,37,37,33,37,37,34,37,37,37,37,37,37,37,37,37,37,32,37,37,37,37,37,0],"gold":235,"neow_bonus":"BOSS_RELIC","is_prod":false,"is_daily":false,"chose_seed":false,"campfire_upgraded":7,"win_rate":0,"timestamp":1571235325,"path_taken":["M","?","M","?","?","R","E","R","T","?","?","M","R","E","R","BOSS","M","?","M","M","$","E","R","?","T","R","E","M","E","M","R","BOSS","M","$","M","?","?","R","E","R","T","?","?","R","E","M","R","BOSS"],"build_version":"2019-07-17","purchased_purges":2,"victory":false,"max_hp_per_floor":[75,75,75,75,75,75,75,75,75,75,75,75,75,75,75,75,75,75,37,37,37,37,37,37,37,37,37,37,37,37,37,37,37,37,37,37,37,37,37,37,37,37,37,37,37,37,37,37,37,37],"card_choices":[{"not_picked":["Turbo","Recycle"],"picked":"Hello World","floor":1},{"not_picked":["Chill","Steam Power"],"picked":"Hologram","floor":3},{"not_picked":["Sweeping Beam","Sunder"],"picked":"Rebound","floor":4},{"not_picked":["Scrape","Multi-Cast"],"picked":"Cold Snap","floor":7},{"not_picked":["Barrage","Skim"],"picked":"Conserve Battery","floor":11},{"not_picked":["Reinforced Body","Static Discharge"],"picked":"Glacier","floor":12},{"not_picked":["Loop","Ball Lightning"],"picked":"Gash","floor":14},{"not_picked":["Multi-Cast","Reboot"],"picked":"Electrodynamics","floor":16},{"not_picked":["Hello World+1","Steam+1"],"picked":"Go for the Eyes","floor":18},{"not_picked":["Go for the Eyes+1","Melter"],"picked":"Chaos+1","floor":20},{"not_picked":["Storm","Steam+1"],"picked":"Darkness","floor":21},{"not_picked":["Leap","Go for the Eyes"],"picked":"Hologram","floor":23},{"not_picked":["Cold Snap","Thunder Strike"],"picked":"Compile Driver+1","floor":28},{"not_picked":["Leap","Conserve Battery"],"picked":"Coolheaded","floor":29},{"not_picked":["FTL","Turbo"],"picked":"Ball Lightning+1","floor":30},{"not_picked":["Heatsinks","Melter","Streamline"],"picked":"SKIP","floor":31},{"not_picked":["Echo Form","Machine Learning"],"picked":"Biased Cognition","floor":33},{"not_picked":["Turbo+1","Sweeping Beam+1"],"picked":"Coolheaded+1","floor":35},{"not_picked":["Sweeping Beam","Reprogram+1","Double Energy+1"],"picked":"SKIP","floor":37},{"not_picked":["Recycle+1","Coolheaded+1","Leap+1"],"picked":"SKIP","floor":38},{"not_picked":["Reprogram+1","BootSequence"],"picked":"Blizzard","floor":41},{"not_picked":["FTL","Reprogram"],"picked":"Barrage","floor":45},{"not_picked":["Core Surge","Turbo+1"],"picked":"Chaos+1","floor":47},{"not_picked":["Go for the Eyes","Streamline+1"],"picked":"Hologram+1","floor":48}],"player_experience":197564,"relics_obtained":[{"floor":7,"key":"Mummified Hand"},{"floor":7,"key":"Gambling Chip"},{"floor":14,"key":"Happy Flower"},{"floor":14,"key":"Smiling Mask"},{"floor":23,"key":"Art of War"},{"floor":23,"key":"Potion Belt"},{"floor":26,"key":"Centennial Puzzle"},{"floor":28,"key":"Blue Candle"},{"floor":28,"key":"DataDisk"},{"floor":30,"key":"Tiny Chest"},{"floor":30,"key":"Bottled Tornado"},{"floor":41,"key":"Omamori"},{"floor":41,"key":"War Paint"},{"floor":43,"key":"Orichalcum"},{"floor":45,"key":"Peace Pipe"},{"floor":47,"key":"Emotion Chip"},{"floor":47,"key":"Toxic Egg 2"}],"event_choices":[{"damage_healed":0,"gold_gain":0,"player_choice":"Got Potions","damage_taken":0,"max_hp_gain":0,"max_hp_loss":0,"event_name":"Lab","floor":2,"gold_loss":0},{"damage_healed":0,"gold_gain":0,"player_choice":"Box","damage_taken":0,"relics_obtained":["Ginger"],"max_hp_gain":0,"max_hp_loss":0,"event_name":"Big Fish","floor":5,"gold_loss":0,"cards_obtained":["Regret"]},{"damage_healed":0,"gold_gain":0,"player_choice":"Success","damage_taken":18,"relics_obtained":["Boot"],"max_hp_gain":0,"max_hp_loss":0,"event_name":"Scrap Ooze","floor":10,"gold_loss":0},{"damage_healed":0,"gold_gain":0,"player_choice":"Became a Ghost","damage_taken":0,"max_hp_gain":0,"max_hp_loss":38,"event_name":"Ghosts","floor":19,"gold_loss":0,"cards_obtained":["Ghostly","Ghostly","Ghostly","Ghostly","Ghostly"]},{"damage_healed":0,"gold_gain":0,"player_choice":"Bought 2 Potions","damage_taken":0,"max_hp_gain":0,"max_hp_loss":0,"event_name":"The Woman in Blue","floor":25,"gold_loss":0},{"damage_healed":0,"gold_gain":0,"player_choice":"Embrace Madness","damage_taken":5,"max_hp_gain":0,"max_hp_loss":0,"event_name":"Winding Halls","floor":44,"gold_loss":0,"cards_obtained":["Madness","Madness"]},{"damage_healed":0,"gold_gain":0,"player_choice":"Fight","damage_taken":0,"max_hp_gain":0,"max_hp_loss":0,"event_name":"MindBloom","floor":45,"gold_loss":0}],"is_beta":false,"boss_relics":[{"not_picked":["Pandora\u0027s Box","Empty Cage"],"picked":"Inserter"},{"not_picked":["Sozu","Runic Dome"],"picked":"Philosopher\u0027s Stone"}],"items_purged_floors":[22,36],"is_endless":false,"potions_floor_spawned":[3,7,11,14,16,18,23,28,31,38,48],"killed_by":"Donu and Deca","ascension_level":1}