{"gold_per_floor":[11,0,0,10,10,10,44,44,44,44,59,69,42,72,72,174,174,187,203,203,4,4,4,36,49,74,74,6,6],"floor_reached":29,"playtime":2286,"items_purged":[],"score":349,"play_id":"712b1443-e915-4d99-8878-57097f0fc4ac","local_time":"20180913012355","is_ascension_mode":true,"campfire_choices":[{"floor":6,"key":"REST"},{"floor":8,"key":"REST"},{"data":"Zap","floor":10,"key":"SMITH"},{"data":"Multi-Cast","floor":15,"key":"SMITH"},{"floor":23,"key":"REST"}],"neow_cost":"NO_GOLD","seed_source_timestamp":113404824657163,"circlet_count":0,"master_deck":["Strike_B","Strike_B","Strike_B","Strike_B","Defend_B+1","Defend_B","Defend_B","Defend_B","Zap+1","Dualcast","Multi-Cast+1","Double Energy+1","Rebound","Reinforced Body","Chill+1","Go for the Eyes","Redo+1","Fission+1","Reinforced Body+1","Aggregate+1","Apotheosis+1","Reboot+1","Cold Snap+1","Static Discharge"],"relics":["Cracked Core","Cables","War Paint","Pantograph","Toxic Egg 2","Omamori","Sozu","Happy Flower","Centennial Puzzle","Blood Vial","MutagenicStrength"],"potions_floor_usage":[12,16,18,18,25],"damage_taken":[{"damage":2,"enemies":"Jaw Worm","floor":1,"turns":3},{"damage":15,"enemies":"Small Slimes","floor":4,"turns":3},{"damage":27,"enemies":"Lagavulin","floor":7,"turns":6},{"damage":0,"enemies":"2 Louse","floor":11,"turns":2},{"damage":0,"enemies":"Large Slime","floor":12,"turns":2},{"damage":6,"enemies":"3 Sentries","floor":14,"turns":7},{"damage":20,"enemies":"The Guardian","floor":16,"turns":13},{"damage":5,"enemies":"3 Byrds","floor":18,"turns":5},{"damage":0,"enemies":"Spheric Guardian","floor":19,"turns":2},{"damage":71,"enemies":"Slavers","floor":24,"turns":11},{"damage":0,"enemies":"Centurion and Healer","floor":25,"turns":9},{"damage":14,"enemies":"Shelled Parasite and Fungi","floor":29,"turns":1}],"seed_played":"-2876490572138663946","potions_obtained":[{"floor":4,"key":"Energy Potion"},{"floor":7,"key":"Fire Potion"},{"floor":11,"key":"Swift Potion"},{"floor":12,"key":"SpeedPotion"},{"floor":16,"key":"Explosive Potion"}],"is_trial":false,"path_per_floor":["M","?","?","M","T","R","E","R","T","R","M","M","$","E","R","B",null,"M","M","?","$","?","R","E","M","T","?","$"],"character_chosen":"DEFECT","items_purchased":["Go for the Eyes","Apotheosis+1","Static Discharge"],"campfire_rested":3,"item_purchase_floors":[13,21,28],"current_hp_per_floor":[66,66,59,44,44,66,39,61,61,61,61,61,61,55,55,55,70,65,65,65,65,51,75,4,4,4,4,4,0],"gold":6,"neow_bonus":"THREE_RARE_CARDS","is_prod":false,"is_daily":false,"chose_seed":false,"campfire_upgraded":2,"win_rate":0,"timestamp":1536816235,"path_taken":["M","?","?","?","?","R","E","R","T","R","M","M","$","E","R","BOSS","M","M","?","$","?","R","E","M","T","?","?","M"],"build_version":"2018-08-23v2","purchased_purges":0,"victory":false,"max_hp_per_floor":[75,75,75,75,75,75,75,75,75,75,75,75,75,75,75,75,75,75,75,75,75,80,80,80,80,80,80,80,80],"card_choices":[{"not_picked":["Amplify","Fission"],"picked":"Multi-Cast","floor":0},{"not_picked":["Cold Snap","Conserve Battery"],"picked":"Double Energy","floor":1},{"not_picked":["Compile Driver","Heatsinks"],"picked":"Rebound","floor":4},{"not_picked":["Streamline","Leap"],"picked":"Reinforced Body","floor":7},{"not_picked":["Stack+1","Scrape","Storm"],"picked":"SKIP","floor":11},{"not_picked":["Reprogram+1","Rainbow+1"],"picked":"Chill+1","floor":12},{"not_picked":["Compile Driver","Genetic Algorithm+1"],"picked":"Redo+1","floor":14},{"not_picked":["Meteor Strike","Hyperbeam"],"picked":"Fission+1","floor":16},{"not_picked":["Barrage","Redo+1"],"picked":"Reinforced Body+1","floor":18},{"not_picked":["Cold Snap","Sweeping Beam"],"picked":"Aggregate+1","floor":19},{"not_picked":["Beam Cell","Capacitor+1"],"picked":"Reboot+1","floor":24},{"not_picked":["Streamline","Hologram+1"],"picked":"Cold Snap+1","floor":25}],"player_experience":1703895,"relics_obtained":[{"floor":5,"key":"War Paint"},{"floor":7,"key":"Pantograph"},{"floor":9,"key":"Toxic Egg 2"},{"floor":14,"key":"Omamori"},{"floor":24,"key":"Centennial Puzzle"},{"floor":26,"key":"Blood Vial"}],"event_choices":[{"event_name":"World of Goop","player_choice":"Left","floor":2,"damage_taken":0},{"event_name":"Scrap Ooze","player_choice":"success","floor":3,"damage_taken":7},{"event_name":"Addict","player_choice":"Stole Relic","floor":20,"damage_taken":0},{"event_name":"Forgotten Altar","player_choice":"Shed Blood","floor":22,"damage_taken":0},{"event_name":"Drug Dealer","player_choice":"Inject Mutagens","floor":27,"damage_taken":0}],"is_beta":false,"boss_relics":[{"not_picked":["Coffee Dripper","Philosopher\u0027s Stone"],"picked":"Sozu"}],"items_purged_floors":[],"is_endless":false,"potions_floor_spawned":[4,7,11,12,16,18,24],"killed_by":"Shelled Parasite and Fungi","ascension_level":8}