{"gold_per_floor":[215,232,249,28,28,28,60,76,76,87,87,6,34,54,54,54],"floor_reached":16,"playtime":1506,"items_purged":[],"score":118,"play_id":"8f2527c9-4937-4cdf-8169-259464bb726b","local_time":"20190804132408","is_ascension_mode":true,"campfire_choices":[{"data":"Zap","floor":6,"key":"SMITH"},{"floor":11,"key":"REST"},{"floor":15,"key":"REST"}],"neow_cost":"NONE","seed_source_timestamp":332910800090656,"circlet_count":0,"master_deck":["Strike_B","Strike_B","Strike_B","Strike_B","Defend_B","Defend_B","Defend_B","Defend_B","Zap+1","Dualcast","Melter","Leap","Turbo","Loop","Turbo","Stack","Rebound","Sweeping Beam","Streamline","Sunder","Darkness","Chill"],"relics":["Cracked Core","Cables","Kunai","Shuriken"],"potions_floor_usage":[7,7,13,16],"damage_taken":[{"damage":7,"enemies":"Jaw Worm","floor":1,"turns":4},{"damage":1,"enemies":"Cultist","floor":2,"turns":3},{"damage":0,"enemies":"Small Slimes","floor":3,"turns":2},{"damage":28,"enemies":"Gremlin Nob","floor":7,"turns":4},{"damage":6,"enemies":"Red Slaver","floor":8,"turns":3},{"damage":6,"enemies":"Exordium Wildlife","floor":10,"turns":4},{"damage":25,"enemies":"Lagavulin","floor":13,"turns":5},{"damage":1,"enemies":"Looter","floor":14,"turns":2},{"damage":55,"enemies":"Hexaghost","floor":16,"turns":9}],"seed_played":"3068106575057113825","potions_obtained":[{"floor":1,"key":"Strength Potion"},{"floor":3,"key":"Fire Potion"},{"floor":8,"key":"LiquidBronze"},{"floor":10,"key":"Explosive Potion"}],"is_trial":false,"path_per_floor":["M","M","M","$","?","R","E","M","T","M","R","$","E","M","R","B"],"character_chosen":"DEFECT","items_purchased":["Loop","Dramatic Entrance","Turbo","Stack","Sunder"],"campfire_rested":2,"item_purchase_floors":[4,4,4,4,12],"current_hp_per_floor":[68,67,67,67,75,75,47,41,41,35,57,57,32,31,53,0],"gold":54,"neow_bonus":"HUNDRED_GOLD","is_prod":false,"is_daily":false,"chose_seed":false,"campfire_upgraded":1,"win_rate":0,"timestamp":1564935848,"path_taken":["M","M","M","$","?","R","E","?","T","M","R","$","E","M","R","BOSS"],"build_version":"2019-07-17","purchased_purges":0,"victory":false,"max_hp_per_floor":[75,75,75,75,75,75,75,75,75,75,75,75,75,75,75,75],"card_choices":[{"not_picked":["Chaos","Consume"],"picked":"Melter","floor":1},{"not_picked":["Ball Lightning","Rebound"],"picked":"Leap","floor":2},{"not_picked":["Darkness","Go for the Eyes"],"picked":"Turbo","floor":3},{"not_picked":["Turbo","Steam Power"],"picked":"Rebound","floor":7},{"not_picked":["Recycle","Force Field"],"picked":"Sweeping Beam","floor":8},{"not_picked":["Compile Driver","Rebound"],"picked":"Streamline","floor":10},{"not_picked":["Reprogram","Genetic Algorithm"],"picked":"Darkness","floor":13},{"not_picked":["Creative AI","Compile Driver"],"picked":"Chill","floor":14}],"player_experience":276901,"relics_obtained":[{"floor":7,"key":"Cables"},{"floor":9,"key":"Kunai"},{"floor":13,"key":"Shuriken"}],"event_choices":[{"cards_removed":["Dramatic Entrance"],"damage_healed":8,"gold_gain":0,"player_choice":"Offered Uncommon","damage_taken":0,"max_hp_gain":0,"max_hp_loss":0,"event_name":"Bonfire Elementals","floor":5,"gold_loss":0}],"is_beta":false,"boss_relics":[],"items_purged_floors":[],"is_endless":false,"potions_floor_spawned":[1,3,8,10],"killed_by":"Hexaghost","ascension_level":1}