{"gold_per_floor":[112,15,34,34,52,52,86,103,103,103,113,113,413,443,443,539,539,558,24,24,34,133,133,144,144,144,177,177,196,196,215,215,215],"floor_reached":33,"playtime":2117,"items_purged":["Clumsy","Parasite"],"score":413,"play_id":"6d1d4469-40cc-40c9-81b7-5333030e19a8","local_time":"20181006113451","is_ascension_mode":true,"campfire_choices":[{"data":"Zap","floor":6,"key":"SMITH"},{"floor":12,"key":"REST"},{"floor":15,"key":"REST"},{"data":"Redo","floor":23,"key":"SMITH"},{"data":"Sunder","floor":25,"key":"SMITH"},{"floor":28,"key":"REST"},{"floor":30,"key":"REST"},{"floor":32,"key":"REST"}],"neow_cost":"CURSE","seed_source_timestamp":389433736522961,"circlet_count":0,"master_deck":["Strike_B","Strike_B","Strike_B","Defend_B","Defend_B","Defend_B","Defend_B","Zap+1","Dualcast","AscendersBane","Go for the Eyes","Redo+1","Beam Cell","Amplify","Conserve Battery","Scrape","Beam Cell","Core Surge","All For One","Fission","Melter","Gash","Impatience","Reinforced Body","Sunder+1","Scrape+1","Rainbow","Steam Power","BootSequence+1"],"relics":["Cracked Core","Shovel","Incense Burner","Old Coin","Happy Flower","Sozu","Shuriken","Pen Nib","PreservedInsect"],"potions_floor_usage":[16,16,33],"damage_taken":[{"damage":4,"enemies":"Jaw Worm","floor":1,"turns":4},{"damage":1,"enemies":"2 Louse","floor":3,"turns":2},{"damage":1,"enemies":"Cultist","floor":5,"turns":3},{"damage":45,"enemies":"3 Sentries","floor":7,"turns":10},{"damage":13,"enemies":"2 Fungi Beasts","floor":8,"turns":3},{"damage":22,"enemies":"3 Louse","floor":11,"turns":3},{"damage":3,"enemies":"Gremlin Nob","floor":14,"turns":4},{"damage":66,"enemies":"Hexaghost","floor":16,"turns":11},{"damage":27,"enemies":"3 Byrds","floor":18,"turns":9},{"damage":16,"enemies":"2 Thieves","floor":21,"turns":4},{"damage":0,"enemies":"Sentry and Sphere","floor":24,"turns":3},{"damage":42,"enemies":"Book of Stabbing","floor":27,"turns":5},{"damage":24,"enemies":"Snake Plant","floor":29,"turns":2},{"damage":0,"enemies":"Centurion and Healer","floor":31,"turns":3},{"damage":61,"enemies":"Champ","floor":33,"turns":6}],"seed_played":"-4275616794618818912","potions_obtained":[{"floor":7,"key":"Block Potion"},{"floor":14,"key":"Fire Potion"},{"floor":16,"key":"SteroidPotion"}],"is_trial":false,"path_per_floor":["M","$","M","?","M","R","E","M","T","?","M","R","?","E","R","B",null,"M","$","?","M","?","R","M","R","T","E","R","M","R","M","R"],"character_chosen":"DEFECT","items_purchased":["Redo","Gash","Shuriken","Impatience","Reinforced Body"],"campfire_rested":5,"item_purchase_floors":[2,19,19,19,19],"current_hp_per_floor":[78,78,77,77,76,76,31,18,18,40,18,44,44,41,67,1,67,40,40,68,52,52,52,52,52,52,10,35,11,36,36,61,0],"gold":215,"neow_bonus":"TWENTY_PERCENT_HP_BONUS","is_prod":false,"is_daily":false,"chose_seed":false,"campfire_upgraded":3,"win_rate":0,"timestamp":1538840091,"path_taken":["M","$","M","?","?","R","E","M","T","?","M","R","?","E","R","BOSS","M","$","?","M","?","R","M","R","T","E","R","M","R","M","R","BOSS"],"build_version":"2018-10-04v2","purchased_purges":2,"victory":false,"max_hp_per_floor":[89,89,89,89,89,89,89,89,89,89,89,89,89,89,89,89,89,89,86,86,86,86,86,86,86,86,86,86,86,86,86,86,86],"card_choices":[{"not_picked":["Beam Cell","Skim"],"picked":"Go for the Eyes","floor":1},{"not_picked":["Loop","Sweeping Beam"],"picked":"Beam Cell","floor":3},{"not_picked":["Capacitor","Stack"],"picked":"Conserve Battery","floor":5},{"not_picked":["Reprogram","Blizzard"],"picked":"Scrape","floor":7},{"not_picked":["Barrage","Lockon"],"picked":"Beam Cell","floor":8},{"not_picked":["White Noise","Melter"],"picked":"Core Surge","floor":11},{"not_picked":["Meteor Strike","Fusion"],"picked":"All For One","floor":14},{"not_picked":["Amplify","All For One"],"picked":"Fission","floor":16},{"not_picked":["Compile Driver","Barrage"],"picked":"Melter","floor":18},{"not_picked":["Capacitor","Rebound"],"picked":"Sunder","floor":21},{"not_picked":["Chill+1","Stack"],"picked":"Scrape+1","floor":24},{"not_picked":["Capacitor","Streamline+1"],"picked":"Rainbow","floor":27},{"not_picked":["Double Energy","Fusion+1"],"picked":"Steam Power","floor":29},{"not_picked":["Redo+1","Leap+1"],"picked":"BootSequence+1","floor":31}],"player_experience":1805756,"relics_obtained":[{"floor":7,"key":"Shovel"},{"floor":9,"key":"Incense Burner"},{"floor":14,"key":"Happy Flower"},{"floor":26,"key":"Pen Nib"},{"floor":27,"key":"PreservedInsect"}],"event_choices":[{"event_name":"Living Wall","player_choice":"Change","floor":4,"damage_taken":0},{"event_name":"Mushrooms","player_choice":"Healed and dodged fight","floor":10,"damage_taken":0},{"event_name":"Dead Adventurer","player_choice":"Searched \u00271\u0027 times","floor":13,"damage_taken":0},{"event_name":"The Library","player_choice":"Heal","floor":20,"damage_taken":0},{"event_name":"Nest","player_choice":"Stole From Cult","floor":22,"damage_taken":0}],"is_beta":false,"boss_relics":[{"not_picked":["Philosopher\u0027s Stone","Tiny House"],"picked":"Sozu"}],"items_purged_floors":[2,19],"is_endless":false,"potions_floor_spawned":[7,14,16,24,31],"killed_by":"Champ","ascension_level":10}