{"gold_per_floor":[115,265,245,258,258,258,258,293,293,325,325,19,19,32,32,32],"floor_reached":16,"playtime":449,"items_purged":[],"score":262,"play_id":"601d1332-b691-444c-a662-640abbc0812c","local_time":"20190922020822","is_ascension_mode":true,"campfire_choices":[{"data":"Eruption","floor":6,"key":"SMITH"},{"data":"Crescendo","floor":11,"key":"SMITH"},{"data":"MentalFortress","floor":15,"key":"SMITH"}],"neow_cost":"NONE","seed_source_timestamp":52316318106735,"circlet_count":0,"master_deck":["AscendersBane","Strike_P","Strike_P","Strike_P","Defend_P","Defend_P","Defend_P","Defend_P","Eruption+1","Vigilance","Crescendo+1","FlyingSleeves","FlurryOfBlows","FearNoEvil","FollowUp","Prostrate+1","MentalFortress+1"],"relics":["PureWater","NeowsBlessing","Nunchaku","CloakClasp","Anchor","Toxic Egg 2"],"potions_floor_usage":[16,16],"damage_taken":[{"damage":0,"enemies":"2 Louse","floor":1,"turns":1},{"damage":0,"enemies":"Small Slimes","floor":4,"turns":1},{"damage":0,"enemies":"Gremlin Nob","floor":8,"turns":1},{"damage":12,"enemies":"Lagavulin","floor":10,"turns":7},{"damage":0,"enemies":"Cultist","floor":14,"turns":3},{"damage":44,"enemies":"Hexaghost","floor":16,"turns":10}],"seed_played":"-2977514542133940212","potions_obtained":[{"floor":1,"key":"Weak Potion"},{"floor":3,"key":"GamblersBrew"}],"is_trial":false,"path_per_floor":["M","?","?","M","?","R","?","E","T","E","R","$","?","M","R","B"],"character_chosen":"WATCHER","items_purchased":["Toxic Egg 2","FollowUp"],"campfire_rested":0,"item_purchase_floors":[12,12],"current_hp_per_floor":[55,55,55,55,60,60,53,53,53,41,41,41,41,41,41,0],"gold":32,"neow_bonus":"THREE_ENEMY_KILL","is_prod":false,"is_daily":false,"chose_seed":false,"campfire_upgraded":3,"win_rate":0,"timestamp":1569074902,"path_taken":["M","?","?","?","?","R","?","E","T","E","R","$","?","M","R","BOSS"],"build_version":"2019-09-20","purchased_purges":0,"victory":false,"max_hp_per_floor":[61,61,61,61,66,66,66,66,66,66,66,66,66,66,66,66],"card_choices":[{"not_picked":["Sanctity","Prostrate"],"picked":"Crescendo","floor":1},{"not_picked":["Perseverance","Protect"],"picked":"FlyingSleeves","floor":4},{"not_picked":["Collect","EmptyMind"],"picked":"FlurryOfBlows","floor":8},{"not_picked":["Halt","Consecrate"],"picked":"FearNoEvil","floor":10},{"not_picked":["FollowUp","FlyingSleeves"],"picked":"MentalFortress","floor":14}],"player_experience":1181123,"relics_obtained":[{"floor":8,"key":"Nunchaku"},{"floor":9,"key":"CloakClasp"},{"floor":10,"key":"Anchor"}],"event_choices":[{"damage_healed":0,"gold_gain":150,"player_choice":"AGREE","damage_taken":0,"max_hp_gain":0,"max_hp_loss":0,"event_name":"Liars Game","floor":2,"gold_loss":0,"cards_obtained":["Doubt"]},{"damage_healed":0,"gold_gain":0,"player_choice":"Bought 1 Potion","damage_taken":0,"max_hp_gain":0,"max_hp_loss":0,"event_name":"The Woman in Blue","floor":3,"gold_loss":0},{"damage_healed":0,"gold_gain":0,"player_choice":"Donut","damage_taken":0,"max_hp_gain":5,"max_hp_loss":0,"event_name":"Big Fish","floor":5,"gold_loss":0},{"cards_removed":["Doubt"],"damage_healed":0,"gold_gain":0,"player_choice":"Card Removal","damage_taken":7,"max_hp_gain":0,"max_hp_loss":0,"event_name":"Golden Wing","floor":7,"gold_loss":0},{"damage_healed":0,"gold_gain":0,"cards_transformed":["Strike_P"],"player_choice":"Change","damage_taken":0,"max_hp_gain":0,"max_hp_loss":0,"event_name":"Living Wall","floor":13,"gold_loss":0,"cards_obtained":["Prostrate"]}],"is_beta":true,"boss_relics":[],"items_purged_floors":[],"is_endless":false,"potions_floor_spawned":[1,8,14],"killed_by":"Hexaghost","ascension_level":20}