{"gold_per_floor":[114,124,124,44,59,59,78,95,95,95,123,123,137,157,157,277,277,301,426,13,13,13,13,44,44,44,64,80,80,112,125,125,125],"floor_reached":33,"playtime":4669,"items_purged":[],"score":387,"play_id":"0f596a61-6883-4d66-a8e7-d228a758e9a8","local_time":"20180901020015","is_ascension_mode":true,"campfire_choices":[{"floor":6.0,"key":"REST"},{"data":"Skewer","floor":10.0,"key":"SMITH"},{"floor":15.0,"key":"REST"},{"floor":23,"key":"REST"},{"floor":25,"key":"REST"},{"floor":29,"key":"REST"},{"floor":32,"key":"REST"}],"neow_cost":"NONE","seed_source_timestamp":0,"circlet_count":0,"master_deck":["Defend_G","Defend_G","Defend_G","Defend_G","Defend_G","Strike_G","Strike_G","Strike_G","Strike_G","Strike_G","Survivor","Neutralize+1","Deflect","Blade Dance","Decay","Skewer+1","Poisoned Stab","Bouncing Flask","PiercingWail","Crippling Poison","Die Die Die","Choke","Terror","Glass Knife","Predator+1","Blade Dance","Outmaneuver","Corpse Explosion","Bane","Dash+1","PiercingWail","Acrobatics","Cloak And Dagger+1"],"special_seed":0,"relics":["Ring of the Snake","Ninja Scroll","Blue Candle","Bloody Idol","Sozu","Peace Pipe","Mummified Hand","Kunai","Gremlin Horn","Letter Opener","Girya"],"potions_floor_usage":[19],"damage_taken":[{"damage":9.0,"enemies":"Cultist","floor":1.0,"turns":5.0},{"damage":0.0,"enemies":"2 Louse","floor":2.0,"turns":3.0},{"damage":6.0,"enemies":"Small Slimes","floor":5.0,"turns":3.0},{"damage":3.0,"enemies":"2 Fungi Beasts","floor":7.0,"turns":4.0},{"damage":6.0,"enemies":"Blue Slaver","floor":8.0,"turns":3.0},{"damage":23.0,"enemies":"Gremlin Nob","floor":11.0,"turns":4.0},{"damage":4.0,"enemies":"3 Louse","floor":13.0,"turns":3.0},{"damage":13.0,"enemies":"Exordium Thugs","floor":14.0,"turns":3.0},{"damage":34.0,"enemies":"The Guardian","floor":16.0,"turns":10.0},{"damage":9.0,"enemies":"Spheric Guardian","floor":18.0,"turns":4.0},{"damage":10,"enemies":"Colosseum Slavers","floor":19,"turns":3},{"damage":15,"enemies":"Colosseum Nobs","floor":19,"turns":4},{"damage":24,"enemies":"Gremlin Leader","floor":24,"turns":6},{"damage":6,"enemies":"2 Thieves","floor":27,"turns":3},{"damage":3,"enemies":"3 Cultists","floor":28,"turns":4},{"damage":22,"enemies":"Slavers","floor":30,"turns":3},{"damage":16,"enemies":"Snake Plant","floor":31,"turns":3},{"damage":60,"enemies":"Champ","floor":33,"turns":8}],"seed_played":"-6886560950327859894","potions_obtained":[{"floor":8.0,"key":"LiquidBronze"},{"floor":13.0,"key":"Weak Potion"},{"floor":16.0,"key":"Strength Potion"}],"is_trial":false,"path_per_floor":["M","M","?","$","M","R","M","M","T","R","E","?","M","M","R","B",null,"M","?","$","?","$","R","E","R","T","M","M","R","E","M","R"],"character_chosen":"THE_SILENT","items_purchased":["Skewer","Poisoned Stab","Outmaneuver","Kunai","Corpse Explosion"],"campfire_rested":6,"item_purchase_floors":[4,4,20,20,20],"current_hp_per_floor":[54,54,54,54,48,69,66,60,60,60,37,37,33,20,39,5,50,41,16,16,16,16,35,16,35,35,39,41,60,43,32,51,0],"gold":125,"neow_bonus":"UPGRADE_CARD","is_prod":false,"is_daily":false,"chose_seed":false,"campfire_upgraded":1,"win_rate":0,"timestamp":1535781615,"path_taken":["M","M","?","?","?","R","M","M","T","R","E","?","M","M","R","BOSS","M","?","$","?","?","R","E","R","T","M","M","R","E","?","R","BOSS"],"build_version":"2018-08-23v2","purchased_purges":0,"victory":false,"max_hp_per_floor":[70,70,70,70,70,70,70,70,70,70,70,65,65,65,65,65,65,65,65,65,65,65,65,65,65,65,65,65,65,65,65,65,65],"card_choices":[{"not_picked":["Underhanded Strike","Flying Knee"],"picked":"Deflect","floor":1.0},{"not_picked":["Slice","Flying Knee"],"picked":"Blade Dance","floor":2.0},{"not_picked":["Dagger Spray","Cloak And Dagger"],"picked":"Bouncing Flask","floor":5.0},{"not_picked":["Quick Slash","Deflect"],"picked":"PiercingWail","floor":7.0},{"not_picked":["Slice","Grand Finale"],"picked":"Crippling Poison","floor":8.0},{"not_picked":["Flying Knee","Heel Hook"],"picked":"Die Die Die","floor":11.0},{"not_picked":["Distraction","Backflip"],"picked":"Choke","floor":13.0},{"not_picked":["Poisoned Stab","Sucker Punch"],"picked":"Terror","floor":14.0},{"not_picked":["Tools of the Trade","Night Terror"],"picked":"Glass Knife","floor":16.0},{"not_picked":["All Out Attack","Backflip"],"picked":"Predator+1","floor":18.0},{"not_picked":["Calculated Gamble","Distraction"],"picked":"Blade Dance","floor":19},{"not_picked":["Prepared","Underhanded Strike"],"picked":"Bane","floor":24},{"not_picked":["Bane","Deadly Poison"],"picked":"Dash+1","floor":27},{"not_picked":["All Out Attack","Footwork"],"picked":"PiercingWail","floor":28},{"not_picked":["Terror","Distraction"],"picked":"Acrobatics","floor":30},{"not_picked":["Finisher","Terror+1"],"picked":"Cloak And Dagger+1","floor":31}],"player_experience":1619416,"relics_obtained":[{"floor":9.0,"key":"Ninja Scroll"},{"floor":11.0,"key":"Blue Candle"},{"floor":19,"key":"Peace Pipe"},{"floor":19,"key":"Mummified Hand"},{"floor":24,"key":"Gremlin Horn"},{"floor":26,"key":"Letter Opener"},{"floor":30,"key":"Girya"}],"event_choices":[{"event_name":"Wheel of Change","player_choice":"Curse","floor":3.0,"damage_taken":0.0},{"event_name":"Golden Idol","player_choice":"Lose Max HP","floor":12.0,"damage_taken":0.0},{"event_name":"Colosseum","player_choice":"Fight","floor":19,"damage_taken":0},{"event_name":"Colosseum","player_choice":"Fought Nobs","floor":19,"damage_taken":0},{"event_name":"Forgotten Altar","player_choice":"Gave Idol","floor":21,"damage_taken":0}],"is_beta":false,"boss_relics":[{"not_picked":["HoveringKite","Runic Dome"],"picked":"Sozu"}],"items_purged_floors":[],"is_endless":false,"potions_floor_spawned":[8,13,16,19,24,28],"killed_by":"Champ","ascension_level":7}