{"gold_per_floor":[117,117,117,136,146,146,146,146,197,214,58,58,77,77,77,181,231,246,256,275,275,6,6,26,26,49,69,88,3,15,15,15,15],"floor_reached":33,"playtime":1732,"items_purged":[],"score":264,"play_id":"797c3889-4f2a-4f55-a940-123cfd4cf56d","local_time":"20190626172321","is_ascension_mode":false,"campfire_choices":[{"floor":6,"key":"REST"},{"data":"Dualcast","floor":8,"key":"SMITH"},{"data":"Fusion","floor":12,"key":"SMITH"},{"floor":15,"key":"REST"},{"floor":23,"key":"REST"},{"floor":25,"key":"REST"},{"floor":32,"key":"REST"}],"neow_cost":"NONE","seed_source_timestamp":585207990455751,"circlet_count":0,"master_deck":["Strike_B","Strike_B+1","Strike_B","Defend_B+1","Defend_B","Defend_B","Defend_B+1","Zap+1","Dualcast+1","Ball Lightning","Ball Lightning","Beam Cell+1","Compile Driver+1","Fusion+1","Sweeping Beam+1","Buffer","Beam Cell","Double Energy+1","Beam Cell","Ball Lightning","White Noise","Rebound","Compile Driver","Cold Snap+1","Conserve Battery","Static Discharge","Echo Form","Genetic Algorithm","Stack"],"relics":["Cracked Core","Lantern","Whetstone","Tiny House","Dream Catcher","War Paint","PreservedInsect","Peace Pipe","Shuriken"],"potions_floor_usage":[19,19,19,19,19,19],"damage_taken":[{"damage":13,"enemies":"Jaw Worm","floor":1,"turns":3},{"damage":0,"enemies":"Cultist","floor":4,"turns":2},{"damage":6,"enemies":"2 Louse","floor":5,"turns":2},{"damage":10,"enemies":"Looter","floor":10,"turns":2},{"damage":0,"enemies":"Large Slime","floor":13,"turns":3},{"damage":55,"enemies":"Hexaghost","floor":16,"turns":6},{"damage":5,"enemies":"Chosen","floor":18,"turns":3},{"damage":0,"enemies":"Spheric Guardian","floor":19,"turns":1},{"damage":18,"enemies":"Centurion and Healer","floor":20,"turns":7},{"damage":24,"enemies":"Shelled Parasite and Fungi","floor":24,"turns":5},{"damage":26,"enemies":"Cultist and Chosen","floor":27,"turns":5},{"damage":0,"enemies":"Snecko","floor":28,"turns":3},{"damage":27,"enemies":"Snake Plant","floor":30,"turns":3},{"damage":124,"enemies":"Collector","floor":33,"turns":8}],"seed_played":"7087084220381760328","potions_obtained":[{"floor":4,"key":"Dexterity Potion"},{"floor":5,"key":"SkillPotion"},{"floor":17,"key":"EntropicBrew"},{"floor":18,"key":"LiquidBronze"},{"floor":28,"key":"FairyPotion"},{"floor":30,"key":"SteroidPotion"}],"is_trial":false,"path_per_floor":["M","?","?","M","M","R","?","R","T","M","$","R","M","?","R","B",null,"M","M","M","?","$","R","M","R","T","M","M","?","M","T","R","B"],"character_chosen":"DEFECT","items_purchased":["Whetstone","War Paint","White Noise","Rebound"],"campfire_rested":5,"item_purchase_floors":[11,22,22,22],"current_hp_per_floor":[69,69,69,69,63,82,87,87,87,77,77,77,77,60,86,31,92,87,87,69,69,69,92,68,92,92,66,66,66,39,39,66,0],"gold":15,"neow_bonus":"TEN_PERCENT_HP_BONUS","is_prod":false,"is_daily":false,"chose_seed":false,"campfire_upgraded":2,"win_rate":0.0,"timestamp":1561580601,"path_taken":["M","?","?","M","?","R","?","R","T","M","$","R","M","?","R","BOSS","M","M","M","?","$","R","M","R","T","M","M","?","M","?","R","BOSS"],"build_version":"2019-01-23","purchased_purges":0,"victory":false,"max_hp_per_floor":[82,82,82,82,82,82,87,87,87,87,87,87,87,87,87,87,92,92,92,92,92,92,92,92,92,92,92,92,92,92,92,92,92],"card_choices":[{"not_picked":["Defragment","Reprogram"],"picked":"Ball Lightning","floor":1},{"not_picked":["Barrage","Rip and Tear"],"picked":"Beam Cell","floor":4},{"not_picked":["Redo","Streamline"],"picked":"Compile Driver","floor":5},{"not_picked":["Coolheaded","Lockon"],"picked":"Fusion","floor":10},{"not_picked":["Steam","Rebound"],"picked":"Sweeping Beam","floor":13},{"not_picked":["Seek","Rainbow"],"picked":"Buffer","floor":16},{"not_picked":["Rebound","Coolheaded"],"picked":"Beam Cell","floor":17},{"not_picked":["Storm","Streamline"],"picked":"Double Energy","floor":18},{"not_picked":["Compile Driver","Barrage"],"picked":"Beam Cell","floor":19},{"not_picked":["Cold Snap+1","Coolheaded"],"picked":"Ball Lightning","floor":20},{"not_picked":["Consume","Stack"],"picked":"Compile Driver","floor":23},{"not_picked":["Coolheaded","Chill"],"picked":"Cold Snap+1","floor":24},{"not_picked":["Cold Snap+1","Barrage"],"picked":"Conserve Battery","floor":25},{"not_picked":["Reinforced Body","Rebound"],"picked":"Static Discharge","floor":27},{"not_picked":["Scrape+1","Coolheaded+1"],"picked":"Echo Form","floor":28},{"not_picked":["Redo+1","Storm"],"picked":"Genetic Algorithm","floor":30},{"not_picked":["Redo+1","Storm+1"],"picked":"Stack","floor":32}],"player_experience":11154,"relics_obtained":[{"floor":9,"key":"Lantern"},{"floor":26,"key":"PreservedInsect"},{"floor":31,"key":"Shuriken"}],"event_choices":[{"damage_healed":0,"gold_gain":0,"player_choice":"Grow","damage_taken":0,"max_hp_gain":0,"max_hp_loss":0,"event_name":"Living Wall","floor":2,"gold_loss":0,"cards_upgraded":["Zap"]},{"damage_healed":0,"gold_gain":0,"cards_transformed":["Strike_B"],"player_choice":"Transformed","damage_taken":0,"max_hp_gain":0,"max_hp_loss":0,"event_name":"Transmorgrifier","floor":3,"gold_loss":0,"cards_obtained":["Ball Lightning"]},{"damage_healed":0,"gold_gain":0,"player_choice":"Donut","damage_taken":0,"max_hp_gain":5,"max_hp_loss":0,"event_name":"Big Fish","floor":7,"gold_loss":0},{"damage_healed":0,"gold_gain":0,"player_choice":"Entered Light","damage_taken":17,"max_hp_gain":0,"max_hp_loss":0,"event_name":"Shining Light","floor":14,"gold_loss":0,"cards_upgraded":["Compile Driver","Defend_B"]},{"damage_healed":0,"gold_gain":0,"player_choice":"Opened","damage_taken":0,"relics_obtained":["Dream Catcher"],"max_hp_gain":0,"max_hp_loss":0,"event_name":"The Mausoleum","floor":21,"gold_loss":0},{"damage_healed":0,"gold_gain":0,"player_choice":"Obtained Relic","damage_taken":0,"relics_obtained":["Peace Pipe"],"max_hp_gain":0,"max_hp_loss":0,"event_name":"Addict","floor":29,"gold_loss":85}],"is_beta":false,"boss_relics":[{"not_picked":["Calling Bell","Ectoplasm"],"picked":"Tiny House"}],"items_purged_floors":[],"is_endless":false,"potions_floor_spawned":[4,5,18,28,30],"killed_by":"Collector","ascension_level":0}