{"gold_per_floor":[112,124,141,161,178,178,191,217,271,299,316,344,344,299],"floor_reached":14,"playtime":607,"items_purged":[],"score":104,"play_id":"585ecc76-a1d6-4cee-8a77-909aaab96f88","local_time":"20191016083006","is_ascension_mode":false,"campfire_choices":[{"floor":6,"key":"REST"}],"neow_cost":"NONE","seed_source_timestamp":236935596134807,"circlet_count":0,"master_deck":["Strike_P","Strike_P","Strike_P","Strike_P","Defend_P","Defend_P","Defend_P","Defend_P","Eruption","Vigilance","BowlingBash","ClearTheMind","InnerPeace","FollowUp","Adaptation","Protect","Perseverance","Protect","JustLucky","Injury"],"relics":["PureWater","NeowsBlessing","Vajra","Bottled Tornado","Bronze Scales","Golden Idol"],"potions_floor_usage":[4,10,10,14],"damage_taken":[{"damage":0,"enemies":"Cultist","floor":1,"turns":1},{"damage":0,"enemies":"Small Slimes","floor":2,"turns":1},{"damage":0,"enemies":"Jaw Worm","floor":3,"turns":1},{"damage":12,"enemies":"Looter","floor":4,"turns":4},{"damage":9,"enemies":"Large Slime","floor":5,"turns":7},{"damage":11,"enemies":"Red Slaver","floor":7,"turns":5},{"damage":18,"enemies":"Lagavulin","floor":10,"turns":4},{"damage":0,"enemies":"3 Louse","floor":11,"turns":3},{"damage":39,"enemies":"Gremlin Nob","floor":12,"turns":6},{"damage":7,"enemies":"Looter","floor":14,"turns":3}],"seed_played":"-4751761760594754043","potions_obtained":[{"floor":1,"key":"Swift Potion"},{"floor":2,"key":"Energy Potion"},{"floor":4,"key":"SteroidPotion"},{"floor":7,"key":"Fire Potion"},{"floor":12,"key":"SkillPotion"}],"is_trial":false,"path_per_floor":["M","M","M","M","M","R","M","T","T","E","M","E","?","M"],"character_chosen":"WATCHER","items_purchased":[],"campfire_rested":1,"item_purchase_floors":[],"current_hp_per_floor":[72,72,72,60,51,72,61,61,61,43,43,4,4,0],"gold":299,"neow_bonus":"THREE_ENEMY_KILL","is_prod":false,"is_daily":false,"chose_seed":false,"campfire_upgraded":0,"win_rate":0.0,"timestamp":1571225406,"path_taken":["M","M","?","M","?","R","M","?","T","E","M","E","?","M"],"build_version":"2019-10-15","purchased_purges":0,"victory":false,"max_hp_per_floor":[72,72,72,72,72,72,72,72,72,72,72,72,72,72],"card_choices":[{"not_picked":["FlurryOfBlows","Prostrate"],"picked":"BowlingBash","floor":1},{"not_picked":["CarveReality","FlurryOfBlows"],"picked":"ClearTheMind","floor":2},{"not_picked":["Swivel","SashWhip"],"picked":"InnerPeace","floor":3},{"not_picked":["Scrawl","Fasting2"],"picked":"FollowUp","floor":4},{"not_picked":["ClearTheMind","Meditate"],"picked":"Adaptation","floor":5},{"not_picked":["CrushJoints","ClearTheMind"],"picked":"Protect","floor":7},{"not_picked":["Vengeance","Halt"],"picked":"Perseverance","floor":10},{"not_picked":["SashWhip","PathToVictory"],"picked":"Protect","floor":11},{"not_picked":["ClearTheMind","Ragnarok"],"picked":"JustLucky","floor":12}],"player_experience":456124,"relics_obtained":[{"floor":9,"key":"Vajra"},{"floor":10,"key":"Bottled Tornado"},{"floor":12,"key":"Bronze Scales"}],"event_choices":[{"damage_healed":0,"gold_gain":0,"player_choice":"Take Wound","damage_taken":0,"relics_obtained":["Golden Idol"],"max_hp_gain":0,"max_hp_loss":0,"event_name":"Golden Idol","floor":13,"gold_loss":0,"cards_obtained":["Injury"]}],"is_beta":true,"boss_relics":[],"items_purged_floors":[],"is_endless":false,"potions_floor_spawned":[1,2,4,7,12],"killed_by":"Looter","ascension_level":0}