{"gold_per_floor":[12,31,131,146,158,158,174,205,231,263,280,309,328,92,92,170,170,180,200,100,119,119,175,175,204,229,260,260,276,62,74,74,147,147,158,171,171,190,115,142,142,142],"floor_reached":42,"playtime":3628,"items_purged":["Strike_P","Strike_P","Strike_P"],"score":1170,"play_id":"5bdc766b-7bd2-4c99-aa56-73bc07a83f5b","local_time":"20190928211018","is_ascension_mode":true,"campfire_choices":[{"data":"The Bomb","floor":6,"key":"SMITH"},{"data":"WindmillStrike","floor":15,"key":"SMITH"},{"data":"Meditate","floor":24,"key":"SMITH"},{"data":"Devotion","floor":32,"key":"SMITH"},{"data":"Devotion","floor":41,"key":"SMITH"}],"neow_cost":"NO_GOLD","seed_source_timestamp":31402855653879,"circlet_count":0,"master_deck":["AscendersBane","Strike_P","Defend_P","Defend_P","Defend_P","Defend_P","Eruption","Vigilance","The Bomb+1","Protect","Conclude+1","EmptyFist","BowlingBash","ThirdEye","WindmillStrike+1","Vault","Sanctity","Blasphemy","WaveOfTheHand","DeceiveReality+1","Meditate+1","EmptyBody+1","Devotion+1","CutThroughFate","SandsOfTime","MentalFortress","LessonLearned","TalkToTheHand","The Bomb","Wish+1","Devotion+1"],"relics":["PureWater","Meat on the Bone","Vajra","Anchor","Centennial Puzzle","Sozu","Tiny Chest","Matryoshka","Toy Ornithopter","Strawberry","Shuriken","Nloth\u0027s Gift","Snecko Eye","Ice Cream"],"potions_floor_usage":[8,25,42],"damage_taken":[{"damage":2,"enemies":"Jaw Worm","floor":1,"turns":4},{"damage":0,"enemies":"Cultist","floor":2,"turns":3},{"damage":2,"enemies":"Small Slimes","floor":4,"turns":3},{"damage":6,"enemies":"3 Louse","floor":5,"turns":3},{"damage":2,"enemies":"Gremlin Gang","floor":7,"turns":3},{"damage":0,"enemies":"Lagavulin","floor":8,"turns":5},{"damage":3,"enemies":"Gremlin Nob","floor":10,"turns":3},{"damage":0,"enemies":"Blue Slaver","floor":11,"turns":4},{"damage":13,"enemies":"Lagavulin","floor":12,"turns":8},{"damage":0,"enemies":"2 Fungi Beasts","floor":13,"turns":3},{"damage":28,"enemies":"The Guardian","floor":16,"turns":11},{"damage":7,"enemies":"Shell Parasite","floor":18,"turns":4},{"damage":0,"enemies":"3 Byrds","floor":19,"turns":3},{"damage":3,"enemies":"Centurion and Healer","floor":21,"turns":5},{"damage":0,"enemies":"Gremlin Leader","floor":23,"turns":4},{"damage":3,"enemies":"Book of Stabbing","floor":25,"turns":4},{"damage":0,"enemies":"Slavers","floor":27,"turns":4},{"damage":0,"enemies":"Shelled Parasite and Fungi","floor":29,"turns":3},{"damage":0,"enemies":"Cultist and Chosen","floor":31,"turns":3},{"damage":31,"enemies":"Automaton","floor":33,"turns":7},{"damage":0,"enemies":"Orb Walker","floor":35,"turns":2},{"damage":0,"enemies":"3 Darklings","floor":36,"turns":4},{"damage":19,"enemies":"Transient","floor":38,"turns":6},{"damage":46,"enemies":"Nemesis","floor":40,"turns":5},{"damage":28,"enemies":"Reptomancer","floor":42,"turns":2}],"seed_played":"461633216194542211","potions_obtained":[{"floor":4,"key":"AttackPotion"},{"floor":5,"key":"Fire Potion"},{"floor":8,"key":"Weak Potion"},{"floor":13,"key":"Explosive Potion"}],"is_trial":false,"path_per_floor":["M","M","?","M","M","R","M","E","T","E","M","E","M","$","R","B",null,"M","M","$","M","?","E","R","E","T","E","?","M","$","M","R","B",null,"M","M","?","M","$","E","R","E"],"character_chosen":"WATCHER","items_purchased":["Centennial Puzzle","MentalFortress","Devotion"],"campfire_rested":0,"item_purchase_floors":[14,30,39],"current_hp_per_floor":[59,59,59,57,51,51,49,49,49,46,46,45,45,45,45,29,58,51,51,51,48,48,48,48,45,52,52,52,52,52,52,52,33,65,65,65,55,48,48,14,14,0],"gold":142,"neow_bonus":"RANDOM_COLORLESS_2","is_prod":false,"is_daily":false,"chose_seed":false,"campfire_upgraded":5,"win_rate":0,"timestamp":1569661818,"path_taken":["M","M","?","M","?","R","M","E","T","E","M","E","M","?","R","BOSS","M","M","$","M","?","E","R","E","T","E","?","M","$","M","R","BOSS","M","?","?","M","$","E","R","E"],"build_version":"2019-09-27","purchased_purges":3,"victory":false,"max_hp_per_floor":[68,68,68,68,68,68,68,68,68,68,68,68,68,68,68,68,68,68,68,68,68,68,68,68,68,75,75,75,75,75,75,75,75,75,75,75,75,75,75,75,75,75],"card_choices":[{"not_picked":["Transmutation","Magnetism"],"picked":"The Bomb","floor":0},{"not_picked":["Crescendo","ClearTheMind"],"picked":"Protect","floor":1},{"not_picked":["Prostrate","WindmillStrike"],"picked":"Conclude","floor":2},{"not_picked":["WreathOfFlame","PathToVictory"],"picked":"EmptyFist","floor":4},{"not_picked":["CarveReality","Vengeance","Weave"],"picked":"SKIP","floor":5},{"not_picked":["Alpha","ClearTheMind"],"picked":"BowlingBash","floor":7},{"not_picked":["Weave","BattleHymn"],"picked":"ThirdEye","floor":8},{"not_picked":["ClearTheMind","MasterReality","Halt"],"picked":"SKIP","floor":10},{"not_picked":["FollowUp","Prostrate"],"picked":"WindmillStrike","floor":11},{"not_picked":["EmptyFist","ReachHeaven"],"picked":"Vault","floor":12},{"not_picked":["Crescendo","BattleHymn"],"picked":"Sanctity","floor":13},{"not_picked":["Adaptation","Judgement"],"picked":"Blasphemy","floor":16},{"not_picked":["MasterReality","BowlingBash+1"],"picked":"WaveOfTheHand","floor":18},{"not_picked":["BowlingBash","Weave"],"picked":"DeceiveReality+1","floor":19},{"not_picked":["CrushJoints","Protect","Prostrate"],"picked":"SKIP","floor":21},{"not_picked":["ClearTheMind","Prostrate"],"picked":"EmptyBody","floor":23},{"not_picked":["EmptyMind","Ragnarok"],"picked":"Devotion","floor":25},{"not_picked":["TalkToTheHand","FlyingSleeves"],"picked":"CutThroughFate","floor":27},{"not_picked":["Perseverance","Conclude"],"picked":"SandsOfTime","floor":29},{"not_picked":["SashWhip","Protect","Swivel"],"picked":"SKIP","floor":31},{"not_picked":["Ragnarok","SignatureMove"],"picked":"LessonLearned","floor":33},{"not_picked":["Crescendo","SignatureMove","ThirdEye"],"picked":"SKIP","floor":35},{"not_picked":["ThirdEye","Crescendo"],"picked":"TalkToTheHand","floor":36},{"not_picked":["Dramatic Entrance","Good Instincts"],"picked":"The Bomb","floor":37},{"not_picked":["Protect","Halt+1"],"picked":"Wish","floor":38},{"not_picked":["ClearTheMind+1","SashWhip","Wireheading"],"picked":"SKIP","floor":40}],"player_experience":1305233,"relics_obtained":[{"floor":8,"key":"Meat on the Bone"},{"floor":9,"key":"Vajra"},{"floor":10,"key":"Anchor"},{"floor":12,"key":"Orichalcum"},{"floor":23,"key":"Tiny Chest"},{"floor":25,"key":"Matryoshka"},{"floor":26,"key":"Toy Ornithopter"},{"floor":26,"key":"Strawberry"},{"floor":27,"key":"Shuriken"},{"floor":40,"key":"Ice Cream"}],"event_choices":[{"damage_healed":0,"gold_gain":100,"player_choice":"Gold","damage_taken":0,"max_hp_gain":0,"max_hp_loss":0,"event_name":"Wheel of Change","floor":3,"gold_loss":0},{"damage_healed":0,"gold_gain":0,"player_choice":"Read","damage_taken":0,"max_hp_gain":0,"max_hp_loss":0,"event_name":"The Library","floor":22,"gold_loss":0,"cards_obtained":["Meditate"]},{"damage_healed":0,"gold_gain":0,"player_choice":"Traded Relic","damage_taken":0,"relics_obtained":["Nloth\u0027s Gift"],"max_hp_gain":0,"max_hp_loss":0,"event_name":"N\u0027loth","floor":28,"relics_lost":["Orichalcum"],"gold_loss":0},{"damage_healed":0,"gold_gain":0,"player_choice":"Memory 3","damage_taken":10,"max_hp_gain":0,"max_hp_loss":0,"event_name":"SensoryStone","floor":37,"gold_loss":0}],"is_beta":true,"boss_relics":[{"not_picked":["Calling Bell","HolyWater"],"picked":"Sozu"},{"not_picked":["Empty Cage","Runic Dome"],"picked":"Snecko Eye"}],"items_purged_floors":[14,20,30],"is_endless":false,"potions_floor_spawned":[4,5,8,11,13,18,25,31,36],"killed_by":"Reptomancer","ascension_level":20}