{"gold_per_floor":[218,235,23,78,138,138,176,176,176,219,294,335,134,134,134,237,237,300,300,45,81,92,167,167,167,167,207,207,226,226,226,226,301,301,316,360,360],"floor_reached":37,"playtime":3782,"items_purged":["Defend_G"],"score":766,"play_id":"afd7c01a-d4db-4bbc-b36c-78579deffe01","local_time":"20190923023525","is_ascension_mode":true,"campfire_choices":[{"data":"HandOfGreed","floor":6.0,"key":"SMITH"},{"data":"Well Laid Plans","floor":8.0,"key":"SMITH"},{"data":"Neutralize","floor":15.0,"key":"SMITH"},{"floor":24.0,"key":"REST"},{"floor":28.0,"key":"REST"},{"data":"Wraith Form v2","floor":30.0,"key":"SMITH"},{"floor":32.0,"key":"REST"}],"neow_cost":"NONE","seed_source_timestamp":1404383811483046,"circlet_count":0,"master_deck":["AscendersBane","Defend_G","Defend_G","Defend_G","Defend_G","Strike_G","Strike_G","Strike_G","Strike_G","Strike_G","Survivor","Neutralize+1","Dodge and Roll","Dagger Throw","HandOfGreed+1","Well Laid Plans+1","Deadly Poison","Wraith Form v2+1","Flying Knee","Bane","Poisoned Stab","Catalyst","Dark Shackles","Bullet Time","Blur","The Bomb","Predator","Bouncing Flask","Dodge and Roll","Backstab","Decay","Adrenaline","Acrobatics","Cloak And Dagger"],"special_seed":0,"relics":["Ring of the Snake","Ninja Scroll","Lizard Tail","Kunai","Letter Opener","Eternal Feather"],"potions_floor_usage":[33,37],"damage_taken":[{"damage":0.0,"enemies":"Cultist","floor":1.0,"turns":4.0},{"damage":0.0,"enemies":"2 Louse","floor":2.0,"turns":4.0},{"damage":5.0,"enemies":"Small Slimes","floor":4.0,"turns":5.0},{"damage":2.0,"enemies":"3 Louse","floor":5.0,"turns":5.0},{"damage":1.0,"enemies":"Looter","floor":7.0,"turns":3.0},{"damage":7.0,"enemies":"Exordium Thugs","floor":10.0,"turns":5.0},{"damage":5.0,"enemies":"3 Louse","floor":12.0,"turns":4.0},{"damage":1.0,"enemies":"The Guardian","floor":16.0,"turns":13.0},{"damage":12.0,"enemies":"3 Byrds","floor":18.0,"turns":7.0},{"damage":1.0,"enemies":"Chosen","floor":21.0,"turns":5.0},{"damage":24.0,"enemies":"Snecko","floor":22.0,"turns":7.0},{"damage":43.0,"enemies":"Slavers","floor":23.0,"turns":7.0},{"damage":32.0,"enemies":"Snake Plant","floor":27.0,"turns":7.0},{"damage":0.0,"enemies":"Cultist and Chosen","floor":29.0,"turns":4.0},{"damage":44,"enemies":"Automaton","floor":33,"turns":13},{"damage":23,"enemies":"3 Darklings","floor":35,"turns":4},{"damage":3,"enemies":"Orb Walker","floor":36,"turns":5},{"damage":37,"enemies":"Jaw Worm Horde","floor":37,"turns":3}],"seed_played":"695593946315545041","potions_obtained":[{"floor":7.0,"key":"Dexterity Potion"},{"floor":12.0,"key":"Ancient Potion"},{"floor":16.0,"key":"Fire Potion"},{"floor":22.0,"key":"Energy Potion"},{"floor":23.0,"key":"SteroidPotion"},{"floor":29.0,"key":"PowerPotion"},{"floor":35,"key":"Swift Potion"}],"is_trial":false,"path_per_floor":["M","M","$","M","M","R","M","R","T","M","?","M","$","?","R","B",null,"M","?","$","M","M","E","R","?","T","M","R","M","R","?","R","B",null,"M","M","M"],"character_chosen":"THE_SILENT","items_purchased":["HandOfGreed","Poisoned Stab","Catalyst","Dark Shackles","The Bomb"],"campfire_rested":3,"item_purchase_floors":[3,13,13,13,20],"current_hp_per_floor":[59,59,59,54,52,52,51,51,51,44,33,28,28,50,50,49,62,50,44,44,43,19,16,35,48,48,16,35,35,35,35,54,10,52,29,26,0],"gold":360,"neow_bonus":"HUNDRED_GOLD","is_prod":false,"is_daily":false,"chose_seed":false,"campfire_upgraded":4,"win_rate":0,"timestamp":1569220525,"path_taken":["M","M","$","M","M","R","M","R","T","M","?","M","$","?","R","BOSS","M","?","?","M","M","E","R","?","T","M","R","M","R","?","R","BOSS","M","M","M"],"build_version":"2019-01-23","purchased_purges":1,"victory":false,"max_hp_per_floor":[66,66,66,66,66,66,66,66,66,66,66,66,66,66,66,66,66,66,66,66,66,66,66,66,66,66,66,66,66,66,66,66,66,66,66,66,66],"card_choices":[{"not_picked":["Backflip","Calculated Gamble"],"picked":"Dodge and Roll","floor":1.0},{"not_picked":["Blade Dance","Choke"],"picked":"Dagger Throw","floor":2.0},{"not_picked":["Dodge and Roll","PiercingWail"],"picked":"Well Laid Plans","floor":4.0},{"not_picked":["Dodge and Roll","Setup"],"picked":"Deadly Poison","floor":5.0},{"not_picked":["Distraction","Deadly Poison"],"picked":"Wraith Form v2","floor":7.0},{"not_picked":["Cloak And Dagger","Prepared"],"picked":"Flying Knee","floor":10.0},{"not_picked":["Tactician","Concentrate"],"picked":"Bane","floor":12.0},{"not_picked":["A Thousand Cuts","Glass Knife"],"picked":"Bullet Time","floor":16.0},{"not_picked":["Outmaneuver","Prepared"],"picked":"Blur","floor":18.0},{"not_picked":["Deflect","Heel Hook"],"picked":"Predator","floor":21.0},{"not_picked":["Flechettes+1","Backflip","Dash"],"picked":"SKIP","floor":22.0},{"not_picked":["Outmaneuver+1","Wraith Form v2"],"picked":"Bouncing Flask","floor":23.0},{"not_picked":["Catalyst","Accuracy"],"picked":"Dodge and Roll","floor":27.0},{"not_picked":["Quick Slash+1","Slice"],"picked":"Backstab","floor":29.0},{"not_picked":["Night Terror","Wraith Form v2"],"picked":"Adrenaline","floor":33},{"not_picked":["Deflect","Quick Slash+1"],"picked":"Acrobatics","floor":35},{"not_picked":["Dagger Spray+1","Outmaneuver"],"picked":"Cloak And Dagger","floor":36}],"player_experience":2974758,"relics_obtained":[{"floor":9.0,"key":"Ninja Scroll"},{"floor":23.0,"key":"Kunai"},{"floor":26.0,"key":"Letter Opener"}],"event_choices":[{"damage_healed":0.0,"max_hp_gain":0.0,"max_hp_loss":0.0,"gold_gain":75.0,"event_name":"World of Goop","player_choice":"Gather Gold","floor":11.0,"gold_loss":0.0,"damage_taken":11.0},{"damage_healed":22.0,"max_hp_gain":0.0,"max_hp_loss":0.0,"gold_gain":0.0,"event_name":"Big Fish","player_choice":"Banana","floor":14.0,"gold_loss":0.0,"damage_taken":0.0},{"damage_healed":0.0,"max_hp_gain":0.0,"max_hp_loss":0.0,"gold_gain":0.0,"event_name":"Knowing Skull","player_choice":"","floor":19.0,"potions_obtained":[],"gold_loss":0.0,"damage_taken":6.0,"cards_obtained":[]},{"damage_healed":13.0,"max_hp_gain":0.0,"max_hp_loss":0.0,"gold_gain":0.0,"event_name":"The Library","player_choice":"Heal","floor":25.0,"gold_loss":0.0,"damage_taken":0.0},{"damage_healed":0.0,"max_hp_gain":0.0,"max_hp_loss":0.0,"gold_gain":0.0,"event_name":"Forgotten Altar","player_choice":"Smashed Altar","floor":31.0,"gold_loss":0.0,"damage_taken":0.0,"cards_obtained":["Decay"]}],"is_beta":false,"boss_relics":[{"not_picked":["Velvet Choker","Pandora\u0027s Box"],"picked":"Lizard Tail"},{"not_picked":["Sozu","Tiny House"],"picked":"Eternal Feather"}],"items_purged_floors":[20],"is_endless":false,"potions_floor_spawned":[7,12,16,22,23,29,35],"killed_by":"Jaw Worm Horde","ascension_level":20}