{"gold_per_floor":[111,123,134,150,169,169,199,374,374,374,384,384,51,51,51,122,122,133,133,152,168,186,186,217,217,240,266,191,191,205,1,1,80,80,100,120,220,220,72,104,104,104,104,119,134,144,144,144,144,144,144,144,34,34],"floor_reached":54,"playtime":4373,"items_purged":["Doubt","Defend_G","Strike_G"],"score":1175,"play_id":"73d25bd1-b04c-4b07-89f2-9ace490c8024","local_time":"20181218231232","is_ascension_mode":true,"campfire_choices":[{"data":"Bouncing Flask","floor":6,"key":"SMITH"},{"data":"Neutralize","floor":10,"key":"SMITH"},{"floor":12,"key":"REST"},{"data":"Blur","floor":15,"key":"SMITH"},{"floor":23,"key":"REST"},{"floor":25,"key":"REST"},{"floor":32,"key":"REST"},{"floor":42,"key":"REST"},{"floor":47,"key":"RECALL"},{"floor":49,"key":"REST"},{"data":"Burst","floor":52,"key":"SMITH"}],"neow_cost":"NONE","seed_source_timestamp":1026860809109107,"circlet_count":0,"master_deck":["AscendersBane","Defend_G","Defend_G","Strike_G","Strike_G","Survivor","Neutralize+1","Bouncing Flask+1","Poisoned Stab","Poisoned Stab","Cloak And Dagger","Blur+1","Crippling Poison","Burst","Flying Knee","Backstab","Die Die Die","Deflect","Masterful Stab+1","Poisoned Stab","Calculated Gamble+1","PiercingWail","Noxious Fumes","Bouncing Flask","Backflip","Footwork","Bullet Time","Well Laid Plans+1","Deflect","Deflect","Malaise","Blur","Footwork","Burst+1","Distraction"],"relics":["Ring of the Snake","Snake Skull","Strawberry","Gremlin Horn","Meat on the Bone","Black Star","The Specimen","Mercury Hourglass","Singing Bowl","FossilizedHelix","Velvet Choker","Torii","Paper Crane","Bronze Scales","Turnip"],"potions_floor_usage":[4,5,33,33,35,40,40,50,54],"damage_taken":[{"damage":2,"enemies":"Cultist","floor":1,"turns":4},{"damage":4,"enemies":"Jaw Worm","floor":2,"turns":3},{"damage":7,"enemies":"Small Slimes","floor":3,"turns":3},{"damage":2,"enemies":"2 Fungi Beasts","floor":4,"turns":3},{"damage":2,"enemies":"Exordium Wildlife","floor":5,"turns":4},{"damage":14,"enemies":"Lagavulin","floor":7,"turns":4},{"damage":17,"enemies":"3 Louse","floor":11,"turns":4},{"damage":42,"enemies":"Slime Boss","floor":16,"turns":14},{"damage":13,"enemies":"Shell Parasite","floor":18,"turns":5},{"damage":8,"enemies":"3 Byrds","floor":20,"turns":4},{"damage":18,"enemies":"Snake Plant","floor":21,"turns":4},{"damage":9,"enemies":"Sentry and Sphere","floor":22,"turns":4},{"damage":55,"enemies":"Book of Stabbing","floor":24,"turns":6},{"damage":24,"enemies":"Slavers","floor":27,"turns":3},{"damage":14,"enemies":"Shelled Parasite and Fungi","floor":30,"turns":3},{"damage":33,"enemies":"Champ","floor":33,"turns":10},{"damage":13,"enemies":"3 Darklings","floor":35,"turns":3},{"damage":0,"enemies":"Orb Walker","floor":36,"turns":2},{"damage":0,"enemies":"Mind Bloom Boss Battle","floor":37,"turns":5},{"damage":33,"enemies":"Giant Head","floor":40,"turns":8},{"damage":11,"enemies":"Spire Growth","floor":44,"turns":5},{"damage":18,"enemies":"Jaw Worm Horde","floor":45,"turns":4},{"damage":0,"enemies":"Transient","floor":46,"turns":5},{"damage":67,"enemies":"Time Eater","floor":50,"turns":14},{"damage":115,"enemies":"Shield and Spear","floor":54,"turns":9}],"seed_played":"3411410686548555589","potions_obtained":[{"floor":1,"key":"AttackPotion"},{"floor":3,"key":"AttackPotion"},{"floor":16,"key":"SneckoOil"},{"floor":22,"key":"SmokeBomb"},{"floor":27,"key":"Fire Potion"},{"floor":30,"key":"Energy Potion"},{"floor":33,"key":"Fire Potion"},{"floor":35,"key":"AttackPotion"},{"floor":36,"key":"Poison Potion"},{"floor":46,"key":"EssenceOfSteel"}],"is_trial":false,"path_per_floor":["M","M","M","M","M","R","E","?","T","R","M","R","$","?","R","B",null,"M","?","M","M","M","R","E","R","T","E","?","?","M","$","R","B",null,"M","M","?","?","$","E","?","R","T","M","M","M","R","?","R","B",null,"R","$","E"],"character_chosen":"THE_SILENT","items_purchased":["Meat on the Bone","Backflip","Footwork","Deflect","Regen Potion","Distraction"],"campfire_rested":6,"item_purchase_floors":[13,31,31,39,53,53],"current_hp_per_floor":[61,57,50,48,46,46,39,39,39,39,22,45,45,50,50,20,67,54,54,46,40,43,67,24,48,48,36,36,36,34,34,58,37,71,58,60,60,60,60,41,41,66,66,55,49,49,49,49,74,19,69,69,69,0],"gold":34,"neow_bonus":"RANDOM_COMMON_RELIC","is_prod":false,"is_daily":false,"chose_seed":false,"campfire_upgraded":4,"win_rate":0,"timestamp":1545192752,"path_taken":["M","M","M","M","?","R","E","?","T","R","M","R","$","?","R","BOSS","M","?","M","M","M","R","E","R","T","E","?","?","?","$","R","BOSS","M","M","?","?","?","E","?","R","T","M","M","M","R","?","R","BOSS","R","$","E"],"build_version":"2018-12-13","purchased_purges":3,"victory":false,"max_hp_per_floor":[70,70,70,70,70,70,77,77,77,77,77,77,77,82,82,82,82,82,82,82,82,82,82,82,82,82,82,82,82,82,82,82,82,82,82,84,84,84,84,86,86,86,86,86,86,86,86,86,86,86,86,86,86,86],"card_choices":[{"not_picked":["Heel Hook","Terror"],"picked":"Bouncing Flask","floor":1},{"not_picked":["Blade Dance","Setup"],"picked":"Poisoned Stab","floor":2},{"not_picked":["Blade Dance","Deadly Poison"],"picked":"Poisoned Stab","floor":3},{"not_picked":["Concentrate","Flechettes","Underhanded Strike"],"picked":"SKIP","floor":4},{"not_picked":["Backflip","Blade Dance"],"picked":"Cloak And Dagger","floor":5},{"not_picked":["Cloak And Dagger","Finisher"],"picked":"Blur","floor":7},{"not_picked":["Deadly Poison","Dagger Spray"],"picked":"Crippling Poison","floor":11},{"not_picked":["Adrenaline","Venomology"],"picked":"Burst","floor":16},{"not_picked":["Dagger Spray","Eviscerate"],"picked":"Flying Knee","floor":18},{"not_picked":["Acrobatics","Calculated Gamble"],"picked":"Deflect","floor":20},{"not_picked":["Outmaneuver","Eviscerate"],"picked":"Masterful Stab+1","floor":21},{"not_picked":["Accuracy","Backflip"],"picked":"Poisoned Stab","floor":22},{"not_picked":["PiercingWail","Infinite Blades"],"picked":"Calculated Gamble+1","floor":24},{"not_picked":["Choke","Quick Slash"],"picked":"PiercingWail","floor":27},{"not_picked":["Choke","Backstab+1"],"picked":"Bouncing Flask","floor":30},{"not_picked":["Wraith Form v2","Die Die Die"],"picked":"Bullet Time","floor":33},{"not_picked":["Deflect","Setup"],"picked":"Well Laid Plans+1","floor":35},{"not_picked":["Riddle With Holes","Calculated Gamble","Dagger Throw"],"picked":"Singing Bowl","floor":36},{"not_picked":["Dagger Throw+1","Blade Dance"],"picked":"Deflect","floor":37},{"not_picked":["Concentrate","Cloak And Dagger","Slice"],"picked":"Singing Bowl","floor":40},{"not_picked":["Quick Slash+1","Prepared"],"picked":"Malaise","floor":44},{"not_picked":["Blade Dance","Underhanded Strike+1"],"picked":"Blur","floor":45},{"not_picked":["Finisher","Concentrate"],"picked":"Footwork","floor":46}],"player_experience":2080666,"relics_obtained":[{"floor":7,"key":"Strawberry"},{"floor":9,"key":"Gremlin Horn"},{"floor":24,"key":"The Specimen"},{"floor":24,"key":"Mercury Hourglass"},{"floor":27,"key":"Singing Bowl"},{"floor":27,"key":"FossilizedHelix"},{"floor":37,"key":"Torii"},{"floor":40,"key":"Paper Crane"},{"floor":40,"key":"Bronze Scales"},{"floor":43,"key":"Turnip"}],"event_choices":[{"damage_healed":0,"gold_gain":175,"player_choice":"AGREE","damage_taken":0,"max_hp_gain":0,"max_hp_loss":0,"event_name":"Liars Game","floor":8,"gold_loss":0,"cards_obtained":["Doubt"]},{"damage_healed":0,"gold_gain":0,"player_choice":"Donut","damage_taken":0,"max_hp_gain":5,"max_hp_loss":0,"event_name":"Big Fish","floor":14,"gold_loss":0},{"damage_healed":0,"gold_gain":0,"cards_transformed":["Defend_G","Strike_G"],"player_choice":"Became Test Subject","damage_taken":0,"max_hp_gain":0,"max_hp_loss":0,"event_name":"Drug Dealer","floor":19,"gold_loss":0,"cards_obtained":["Backstab","Die Die Die"]},{"cards_removed":["Strike_G"],"damage_healed":0,"gold_gain":0,"player_choice":"Gave Gold","damage_taken":0,"max_hp_gain":0,"max_hp_loss":0,"event_name":"Beggar","floor":28,"gold_loss":75},{"damage_healed":0,"gold_gain":0,"player_choice":"Read","damage_taken":0,"max_hp_gain":0,"max_hp_loss":0,"event_name":"The Library","floor":29,"gold_loss":0,"cards_obtained":["Noxious Fumes"]},{"damage_healed":0,"gold_gain":0,"player_choice":"Fight","damage_taken":0,"max_hp_gain":0,"max_hp_loss":0,"event_name":"MindBloom","floor":37,"gold_loss":0},{"damage_healed":0,"gold_gain":0,"player_choice":"Ignored","damage_taken":0,"max_hp_gain":0,"max_hp_loss":0,"event_name":"Tomb of Lord Red Mask","floor":38,"gold_loss":0},{"cards_removed":["Defend_G"],"damage_healed":0,"gold_gain":0,"player_choice":"Removed Skill","damage_taken":0,"max_hp_gain":0,"max_hp_loss":0,"event_name":"Falling","floor":41,"gold_loss":0},{"damage_healed":0,"gold_gain":0,"player_choice":"Copied","damage_taken":0,"max_hp_gain":0,"max_hp_loss":0,"event_name":"Duplicator","floor":48,"gold_loss":0,"cards_obtained":["Burst"]}],"is_beta":false,"boss_relics":[{"not_picked":["White Beast Statue","Busted Crown"],"picked":"Black Star"},{"not_picked":["Sozu","Ring of the Serpent"],"picked":"Velvet Choker"}],"items_purged_floors":[13,31,39],"is_endless":false,"potions_floor_spawned":[1,3,16,22,27,30,33,35,36,46],"killed_by":"Shield and Spear","ascension_level":13}