{"gold_per_floor":[115,135,135,135,146,146,161,196,496,508,458,489,489,518,518,622,622,637,648,668,116,116,116,145,145,199,199,224,237,237,262,262,358,358,373,124,138,138,156,156,186,186,186,186,61,61,61,61,61,86,86,86,10,42,42],"floor_reached":56,"playtime":6043,"items_purged":["Strike_P","Strike_P","Alpha"],"score":1614,"play_id":"f463dd67-0e57-470a-8bdd-8829cb94148d","local_time":"20190914213051","is_ascension_mode":true,"campfire_choices":[{"data":"Crescendo","floor":6.0,"key":"SMITH"},{"data":"ForeignInfluence","floor":13.0,"key":"SMITH"},{"data":"BowlingBash","floor":15.0,"key":"SMITH"},{"data":"Devotion","floor":23.0,"key":"SMITH"},{"data":"Devotion","floor":25.0,"key":"SMITH"},{"data":"Worship","floor":27.0,"key":"SMITH"},{"floor":32.0,"key":"DIG"},{"data":"Adaptation","floor":40.0,"key":"SMITH"},{"floor":42.0,"key":"DIG"},{"floor":47.0,"key":"DIG"},{"floor":49.0,"key":"RECALL"},{"floor":52.0,"key":"DIG"}],"neow_cost":"TEN_PERCENT_HP_LOSS","seed_source_timestamp":0,"circlet_count":0,"master_deck":["Defend_P","Eruption","Vigilance","Vault","Crescendo+1","Protect","EmptyFist","FlyingSleeves","ForeignInfluence+1","BowlingBash+1","ClearTheMind","SandsOfTime","Worship+1","Devotion+1","Devotion+1","SandsOfTime+1","EmptyBody","DeceiveReality+1","MasterReality+1","DeusExMachina+1","EmptyMind+1","Adaptation+1","ClearTheMind+1","CutThroughFate+1","CrushJoints+1","HandOfGreed+1"],"special_seed":0,"relics":["PureWater","Meat on the Bone","Gambling Chip","Old Coin","White Beast Statue","Bronze Scales","Coffee Dripper","Pen Nib","Centennial Puzzle","Shovel","Bag of Marbles","Melange","Molten Egg 2","Strawberry","Astrolabe","Orrery","Incense Burner","Question Card","Dream Catcher","Blue Candle","Bag of Preparation"],"potions_floor_usage":[55,55,55],"damage_taken":[{"damage":1.0,"enemies":"Jaw Worm","floor":1.0,"turns":3.0},{"damage":0.0,"enemies":"Small Slimes","floor":2.0,"turns":3.0},{"damage":3.0,"enemies":"2 Louse","floor":5.0,"turns":4.0},{"damage":5.0,"enemies":"Blue Slaver","floor":7.0,"turns":6.0},{"damage":14.0,"enemies":"3 Sentries","floor":8.0,"turns":7.0},{"damage":4.0,"enemies":"Lots of Slimes","floor":10.0,"turns":2.0},{"damage":2.0,"enemies":"Lagavulin","floor":12.0,"turns":6.0},{"damage":0.0,"enemies":"3 Sentries","floor":14.0,"turns":1.0},{"damage":15.0,"enemies":"Hexaghost","floor":16.0,"turns":9.0},{"damage":0.0,"enemies":"Chosen","floor":18.0,"turns":5.0},{"damage":8.0,"enemies":"Spheric Guardian","floor":19.0,"turns":4.0},{"damage":0.0,"enemies":"Snake Plant","floor":20.0,"turns":1.0},{"damage":5.0,"enemies":"Gremlin Leader","floor":24.0,"turns":3.0},{"damage":4.0,"enemies":"Slavers","floor":28.0,"turns":3.0},{"damage":6.0,"enemies":"Snecko","floor":29.0,"turns":4.0},{"damage":5.0,"enemies":"Gremlin Leader","floor":31.0,"turns":3.0},{"damage":58.0,"enemies":"Automaton","floor":33.0,"turns":7.0},{"damage":2.0,"enemies":"3 Darklings","floor":35.0,"turns":3.0},{"damage":3.0,"enemies":"3 Shapes","floor":37.0,"turns":3.0},{"damage":0.0,"enemies":"Transient","floor":39.0,"turns":5.0},{"damage":31.0,"enemies":"Nemesis","floor":41.0,"turns":7.0},{"damage":57.0,"enemies":"Awakened One","floor":50.0,"turns":10.0},{"damage":20,"enemies":"Shield and Spear","floor":54,"turns":5},{"damage":32,"enemies":"The Heart","floor":55,"turns":6}],"seed_played":"966753057682062854","potions_obtained":[{"floor":2.0,"key":"Fire Potion"},{"floor":12.0,"key":"Ancient Potion"},{"floor":14.0,"key":"Weak Potion"},{"floor":16.0,"key":"Dexterity Potion"},{"floor":18.0,"key":"SkillPotion"},{"floor":19.0,"key":"Swift Potion"},{"floor":20.0,"key":"PowerPotion"},{"floor":24.0,"key":"SteroidPotion"},{"floor":29.0,"key":"Block Potion"},{"floor":31.0,"key":"SteroidPotion"},{"floor":37.0,"key":"SteroidPotion"}],"is_trial":false,"path_per_floor":["M","M","?","?","M","R","M","E","T","M","?","E","R","E","R","B",null,"M","M","M","$","?","R","E","R","T","R","E","M","?","E","R","B",null,"M","$","M","?","M","R","E","R","T","?","$","?","R","$","R","B",null,"R","$","E","B",null],"character_chosen":"WATCHER","items_purchased":["Pen Nib","Centennial Puzzle","SandsOfTime","Worship","Devotion","Orrery","Ancient Potion"],"campfire_rested":0,"item_purchase_floors":[21,21,21,21,21,36,53],"current_hp_per_floor":[58,58,58,25,34,34,41,39,39,35,35,33,33,33,33,30,52,52,44,44,44,44,44,39,39,39,39,35,41,59,54,61,15,53,51,51,48,38,38,38,19,19,19,19,19,73,73,73,73,28,62,62,62,42,22],"gold":42,"neow_bonus":"THREE_RARE_CARDS","is_prod":false,"is_daily":false,"chose_seed":false,"campfire_upgraded":7,"win_rate":0,"timestamp":1568453451,"path_taken":["M","M","?","?","M","R","M","E","T","M","?","E","R","E","R","BOSS","M","M","M","$","?","R","E","R","T","R","E","?","?","E","R","BOSS","M","$","M","?","M","R","E","R","T","?","$","?","R","$","R","BOSS","R","$","E","BOSS"],"build_version":"2019-09-12","purchased_purges":3,"victory":true,"max_hp_per_floor":[59,59,59,59,59,59,59,59,59,59,59,59,59,59,59,59,59,59,59,59,59,59,59,59,59,59,59,59,59,59,59,66,66,66,66,66,66,66,66,66,66,66,66,63,63,73,73,73,73,73,73,73,73,73,73],"card_choices":[{"not_picked":["Metaphysics","DeusExMachina"],"picked":"Vault","floor":0.0},{"not_picked":["SpiritShield","EmptyMind"],"picked":"Crescendo","floor":1.0},{"not_picked":["Sanctity","EmptyMind"],"picked":"Protect","floor":2.0},{"not_picked":["PathToVictory","Devotion"],"picked":"EmptyFist","floor":5.0},{"not_picked":["StepAndStrike","Fasting","Devotion"],"picked":"SKIP","floor":7.0},{"not_picked":["DeceiveReality","CleanseEvil"],"picked":"FlyingSleeves","floor":8.0},{"not_picked":["Prostrate","JustLucky"],"picked":"ForeignInfluence","floor":10.0},{"not_picked":["FlowState","Omniscience","Evaluate"],"picked":"SKIP","floor":12.0},{"not_picked":["FlowState","Omniscience","Evaluate"],"picked":"SKIP","floor":12.0},{"not_picked":["Perseverance","Evaluate"],"picked":"BowlingBash","floor":14.0},{"not_picked":["DeusExMachina","Nirvana"],"picked":"Alpha","floor":16.0},{"not_picked":["FlyingSleeves","ThirdEye","EmptyFist"],"picked":"SKIP","floor":18.0},{"not_picked":["CrushJoints","Weave","Wireheading"],"picked":"SKIP","floor":19.0},{"not_picked":["EmptyMind","FollowUp"],"picked":"ClearTheMind","floor":20.0},{"not_picked":["Protect","WreathOfFlame+1"],"picked":"SandsOfTime+1","floor":24.0},{"not_picked":["Sanctity","Fasting+1","Vengeance"],"picked":"SKIP","floor":28.0},{"not_picked":["Prostrate+1","Vengeance"],"picked":"EmptyBody","floor":29.0},{"not_picked":["WreathOfFlame","EmptyBody+1"],"picked":"DeceiveReality+1","floor":31.0},{"not_picked":["FlowState","Omniscience"],"picked":"MasterReality","floor":33.0},{"not_picked":["Fasting+1","StepAndStrike+1","Halt+1"],"picked":"SKIP","floor":35.0},{"not_picked":["Fasting+1","StepAndStrike+1","Halt+1"],"picked":"SKIP","floor":35.0},{"not_picked":["Clarity","FollowUp+1"],"picked":"Adaptation","floor":36.0},{"not_picked":["CutThroughFate+1","Consecrate+1"],"picked":"ClearTheMind+1","floor":36.0},{"not_picked":["Evaluate","Scrawl+1"],"picked":"CutThroughFate+1","floor":36.0},{"not_picked":["Perseverance+1","FearNoEvil+1"],"picked":"CrushJoints+1","floor":36.0},{"not_picked":["CleanseEvil","BowlingBash+1","ForeignInfluence"],"picked":"SKIP","floor":37.0},{"not_picked":["Flash of Steel+1","Master of Strategy"],"picked":"HandOfGreed+1","floor":38.0},{"not_picked":["ClearTheMind+1","Sanctity","CleanseEvil+1"],"picked":"SKIP","floor":39.0},{"not_picked":["ThirdEye","Prostrate","CutThroughFate+1"],"picked":"SKIP","floor":41.0},{"not_picked":["CrushJoints+1","Consecrate+1","Blasphemy","FlyingSleeves+1"],"picked":"SKIP","floor":54}],"player_experience":1053940,"relics_obtained":[{"floor":8.0,"key":"Gambling Chip"},{"floor":9.0,"key":"Old Coin"},{"floor":12.0,"key":"White Beast Statue"},{"floor":14.0,"key":"Bronze Scales"},{"floor":24.0,"key":"Shovel"},{"floor":26.0,"key":"Bag of Marbles"},{"floor":28.0,"key":"Melange"},{"floor":31.0,"key":"Molten Egg 2"},{"floor":32.0,"key":"Strawberry"},{"floor":41.0,"key":"Incense Burner"},{"floor":42.0,"key":"Question Card"},{"floor":47.0,"key":"Dream Catcher"},{"floor":52.0,"key":"Blue Candle"},{"floor":54,"key":"Bag of Preparation"}],"event_choices":[{"cards_removed":["Defend_P"],"damage_healed":0.0,"max_hp_gain":0.0,"max_hp_loss":0.0,"gold_gain":0.0,"event_name":"Living Wall","player_choice":"Forget","floor":3.0,"gold_loss":0.0,"damage_taken":0.0},{"damage_healed":0.0,"max_hp_gain":0.0,"max_hp_loss":0.0,"gold_gain":0.0,"event_name":"Scrap Ooze","player_choice":"Success","floor":4.0,"gold_loss":0.0,"damage_taken":33.0,"relics_obtained":["Meat on the Bone"]},{"cards_removed":["Strike_P"],"damage_healed":0.0,"max_hp_gain":0.0,"max_hp_loss":0.0,"gold_gain":0.0,"event_name":"The Cleric","player_choice":"Card Removal","floor":11.0,"gold_loss":50.0,"damage_taken":0.0},{"damage_healed":0.0,"max_hp_gain":0.0,"max_hp_loss":0.0,"gold_gain":0.0,"event_name":"Duplicator","player_choice":"Copied","floor":22.0,"gold_loss":0.0,"damage_taken":0.0,"cards_obtained":["Devotion"]},{"damage_healed":18.0,"max_hp_gain":0.0,"max_hp_loss":0.0,"gold_gain":0.0,"event_name":"Wheel of Change","player_choice":"Full Heal","floor":30.0,"gold_loss":0.0,"damage_taken":0.0},{"damage_healed":0.0,"max_hp_gain":0.0,"max_hp_loss":0.0,"gold_gain":0.0,"event_name":"SensoryStone","player_choice":"Memory 3","floor":38.0,"gold_loss":0.0,"damage_taken":10.0},{"damage_healed":0.0,"max_hp_gain":0.0,"max_hp_loss":3.0,"gold_gain":0.0,"event_name":"Winding Halls","player_choice":"Max HP","floor":44.0,"gold_loss":0.0,"damage_taken":0.0},{"cards_removed":["MasterReality"],"damage_healed":44.0,"max_hp_gain":10.0,"max_hp_loss":0.0,"gold_gain":0.0,"event_name":"Bonfire Elementals","player_choice":"Offered Rare","floor":46.0,"gold_loss":0.0,"damage_taken":0.0}],"is_beta":true,"boss_relics":[{"not_picked":["Pandora\u0027s Box","Busted Crown"],"picked":"Coffee Dripper"},{"not_picked":["Empty Cage","Runic Dome"],"picked":"Astrolabe"}],"items_purged_floors":[21,36,45],"is_endless":false,"potions_floor_spawned":[2,12,14,16,18,19,20,24,28,29,31,33,35,37,39,41,54],"ascension_level":8}