{"gold_per_floor":[111,122,132,152,172,206,206,52,79,79,79,29,45,59,59,154,154,166,166,166,181,31,31,61,61,110,145,145,145,2,15,15,111,111,124,138,185,31,50,50,83,83,83,83,43,43,72,5,5,5],"floor_reached":51,"playtime":3986,"items_purged":[],"score":820,"play_id":"032a5957-19a2-4a7e-bfa7-817c8573b58e","local_time":"20180710235803","is_ascension_mode":true,"campfire_choices":[{"floor":7,"key":"REST"},{"floor":15,"key":"REST"},{"floor":23,"key":"REST"},{"floor":25,"key":"REST"},{"floor":28,"key":"REST"},{"floor":32,"key":"REST"},{"floor":40,"key":"REST"},{"floor":42,"key":"REST"},{"data":"Thunder Strike","floor":44,"key":"SMITH"},{"data":"Buffer","floor":46,"key":"SMITH"},{"floor":49,"key":"REST"}],"neow_cost":"NONE","seed_source_timestamp":1813586086124202,"circlet_count":0,"master_deck":["Defend_B","Defend_B","Zap","Dualcast","Storm","Doom and Gloom","Ball Lightning","Force Field","Defragment","Force Field","Defragment","Thunder Strike+1","Redo","Lockon","Electrodynamics","Auto Shields","Electrodynamics","Stack+1","Heatsinks","Conserve Battery","Sweeping Beam","Redo+1","Rebound+1","Stack","Seek","Chill","Leap+1","Buffer+1","Self Repair+1","Double Energy","Self Repair+1","Capacitor","Undo","Core Surge","Static Discharge","Compile Driver+1","Reinforced Body"],"relics":["Cracked Core","Strawberry","Art of War","Empty Cage","DataDisk","Potion Belt","Oddly Smooth Stone","Velvet Choker","Unceasing Top","Bag of Preparation","The Courier","Darkstone Periapt"],"potions_floor_usage":[6,13,16,16,18,27,27,33,33,39,47,50,50,50,50],"damage_taken":[{"damage":0,"enemies":"2 Louse","floor":1,"turns":2},{"damage":12,"enemies":"Small Slimes","floor":2,"turns":2},{"damage":0,"enemies":"Cultist","floor":3,"turns":2},{"damage":12,"enemies":"Looter","floor":4,"turns":3},{"damage":14,"enemies":"Blue Slaver","floor":5,"turns":3},{"damage":23,"enemies":"Gremlin Nob","floor":6,"turns":4},{"damage":0,"enemies":"3 Louse","floor":13,"turns":1},{"damage":18,"enemies":"Exordium Wildlife","floor":14,"turns":3},{"damage":18,"enemies":"Slime Boss","floor":16,"turns":6},{"damage":34,"enemies":"2 Thieves","floor":18,"turns":3},{"damage":12,"enemies":"Chosen","floor":21,"turns":3},{"damage":52,"enemies":"Gremlin Leader","floor":24,"turns":6},{"damage":29,"enemies":"Slavers","floor":27,"turns":4},{"damage":0,"enemies":"3 Cultists","floor":31,"turns":2},{"damage":51,"enemies":"Automaton","floor":33,"turns":7},{"damage":16,"enemies":"Orb Walker","floor":35,"turns":3},{"damage":22,"enemies":"3 Shapes","floor":36,"turns":2},{"damage":12,"floor":37,"turns":4},{"damage":22,"enemies":"Maw","floor":39,"turns":7},{"damage":67,"enemies":"Nemesis","floor":41,"turns":7},{"damage":2,"enemies":"Giant Head","floor":47,"turns":9},{"damage":44,"enemies":"Donu and Deca","floor":50,"turns":6}],"seed_played":"-3202206164501787542","potions_obtained":[{"floor":1,"key":"Explosive Potion"},{"floor":3,"key":"AttackPotion"},{"floor":5,"key":"Energy Potion"},{"floor":14,"key":"Fire Potion"},{"floor":16,"key":"LiquidBronze"},{"floor":19,"key":"PowerPotion"},{"floor":19,"key":"Block Potion"},{"floor":19,"key":"SneckoOil"},{"floor":24,"key":"Fire Potion"},{"floor":27,"key":"Energy Potion"},{"floor":35,"key":"GamblersBrew"},{"floor":36,"key":"AttackPotion"},{"floor":45,"key":"Block Potion"},{"floor":45,"key":"Explosive Potion"},{"floor":45,"key":"Block Potion"}],"is_trial":false,"path_per_floor":["M","M","M","M","M","E","R","$","T","?","?","?","M","M","R","B",null,"M","?","?","M","$","R","E","R","T","E","R","?","$","M","R","B",null,"M","M","?","$","M","R","E","R","T","R","?","R","E","$","R","B"],"character_chosen":"DEFECT","items_purchased":["Thunder Strike","Heatsinks","Conserve Battery","Sweeping Beam","Seek","Chill","Capacitor","Undo","PowerPotion","Reinforced Body"],"campfire_rested":9,"item_purchase_floors":[8,22,22,22,30,30,38,38,48,48],"current_hp_per_floor":[75,63,63,51,37,21,45,45,45,50,43,43,43,25,51,33,87,53,53,53,41,41,67,15,41,41,12,38,38,38,38,64,13,87,71,49,47,47,45,71,24,50,50,50,50,50,68,68,87,53],"gold":5,"neow_bonus":"TRANSFORM_CARD","is_prod":false,"is_daily":false,"chose_seed":false,"campfire_upgraded":2,"win_rate":0,"timestamp":1531281483,"path_taken":["M","M","M","M","M","E","R","$","T","?","?","?","?","M","R","BOSS","M","?","?","M","$","R","E","R","T","E","R","?","?","M","R","BOSS","M","M","?","$","M","R","E","R","T","R","?","R","E","?","R","BOSS"],"build_version":"2018-06-21v2","purchased_purges":0,"victory":true,"max_hp_per_floor":[75,75,75,75,75,82,82,82,82,87,87,87,87,87,87,87,87,87,87,87,87,87,87,87,87,87,87,87,87,87,87,87,87,87,87,87,87,87,87,87,87,87,87,87,87,87,87,87,87,87],"card_choices":[{"not_picked":["Hologram","BootSequence"],"picked":"Doom and Gloom","floor":1},{"not_picked":["Barrage","Hologram"],"picked":"Ball Lightning","floor":2},{"not_picked":["Hello World","Reprogram"],"picked":"Force Field","floor":3},{"not_picked":["Hello World","White Noise"],"picked":"Defragment","floor":4},{"not_picked":["Go for the Eyes","Steam"],"picked":"Force Field","floor":5},{"not_picked":["Glacier","Melter"],"picked":"Defragment","floor":6},{"not_picked":["Chill","Coolheaded"],"picked":"Redo","floor":13},{"not_picked":["Streamline","Go for the Eyes"],"picked":"Lockon","floor":14},{"not_picked":["Multi-Cast","All For One"],"picked":"Electrodynamics","floor":16},{"not_picked":["BootSequence","Aggregate"],"picked":"Auto Shields","floor":18},{"not_picked":["Redo","Go for the Eyes"],"picked":"Stack+1","floor":21},{"not_picked":["Cold Snap","Leap"],"picked":"Redo+1","floor":24},{"not_picked":["Streamline","Chaos"],"picked":"Rebound+1","floor":27},{"not_picked":["Rip and Tear+1","Sweeping Beam"],"picked":"Leap+1","floor":31},{"not_picked":["Reboot","Seek"],"picked":"Buffer","floor":33},{"not_picked":["Coolheaded+1","Go for the Eyes+1"],"picked":"Self Repair+1","floor":35},{"not_picked":["Beam Cell","Sweeping Beam"],"picked":"Double Energy","floor":36},{"not_picked":["Lockon+1","Conserve Battery"],"picked":"Self Repair+1","floor":37},{"not_picked":["Steam+1","Gash"],"picked":"Core Surge","floor":39},{"not_picked":["Auto Shields+1","FTL"],"picked":"Static Discharge","floor":41},{"not_picked":["Go for the Eyes","Conserve Battery+1"],"picked":"Compile Driver+1","floor":47}],"player_experience":1276199,"relics_obtained":[{"floor":6,"key":"Strawberry"},{"floor":9,"key":"Art of War"},{"floor":24,"key":"DataDisk"},{"floor":26,"key":"Potion Belt"},{"floor":27,"key":"Oddly Smooth Stone"},{"floor":37,"key":"Unceasing Top"},{"floor":41,"key":"Bag of Preparation"},{"floor":43,"key":"The Courier"},{"floor":47,"key":"Darkstone Periapt"}],"event_choices":[{"event_name":"Big Fish","player_choice":"Donut","floor":10,"damage_taken":0},{"event_name":"Golden Wing","player_choice":"Card Removal","floor":11,"damage_taken":0},{"event_name":"The Cleric","player_choice":"Card Removal","floor":12,"damage_taken":0},{"event_name":"The Lab","player_choice":"Got Potions","floor":19,"damage_taken":0},{"event_name":"Duplicator","player_choice":"One dupe","floor":20,"damage_taken":0},{"event_name":"Transmorgrifier","player_choice":"Transform","floor":29,"damage_taken":0},{"event_name":"Mysterious Sphere","player_choice":"Fight","floor":37,"damage_taken":0},{"event_name":"The Woman in Blue","player_choice":"Bought 3 Potions","floor":45,"damage_taken":0}],"boss_relics":[{"not_picked":["Eternal Feather","Sozu"],"picked":"Empty Cage"},{"not_picked":["Philosopher\u0027s Stone","Runic Dome"],"picked":"Velvet Choker"}],"items_purged_floors":[],"is_endless":false,"potions_floor_spawned":[1,3,5,14,16,24,27,35,36],"ascension_level":3}