{"gold_per_floor":[115,1,11,11,86,86,104,279,360,360,360,394,412,422,422,422],"floor_reached":16,"playtime":379,"items_purged":[],"score":100,"play_id":"703d909d-b344-46cd-8d58-e76fa56f6bdb","local_time":"20191023154057","is_ascension_mode":false,"campfire_choices":[{"floor":6,"key":"REST"},{"data":"BattleHymn","floor":11,"key":"SMITH"},{"floor":15,"key":"REST"}],"neow_cost":"NONE","seed_source_timestamp":193298988996408,"circlet_count":0,"master_deck":["Strike_P","Strike_P","Strike_P","Strike_P","Defend_P","Defend_P","Defend_P","Defend_P","Eruption","Vigilance","JustLucky","BattleHymn+1","Indignation","Prostrate","EmptyFist","CrushJoints","LessonLearned","BowlingBash"],"relics":["PureWater","Potion Belt"],"potions_floor_usage":[13,14,16],"damage_taken":[{"damage":14,"enemies":"Cultist","floor":1,"turns":6},{"damage":11,"enemies":"Jaw Worm","floor":3,"turns":3},{"damage":0,"enemies":"2 Louse","floor":7,"turns":3},{"damage":14,"enemies":"Gremlin Nob","floor":12,"turns":3},{"damage":2,"enemies":"Blue Slaver","floor":13,"turns":2},{"damage":2,"enemies":"2 Fungi Beasts","floor":14,"turns":3},{"damage":68,"enemies":"Hexaghost","floor":16,"turns":3}],"seed_played":"1170037367227101703","potions_obtained":[{"floor":3,"key":"Energy Potion"},{"floor":12,"key":"LiquidBronze"},{"floor":14,"key":"CultistPotion"}],"is_trial":false,"path_per_floor":["M","$","M","$","?","R","M","?","T","?","R","E","M","M","R","B"],"character_chosen":"WATCHER","items_purchased":["BattleHymn","Indignation"],"campfire_rested":2,"item_purchase_floors":[2,2],"current_hp_per_floor":[65,65,54,54,47,70,70,70,70,63,63,49,47,45,68,0],"gold":422,"neow_bonus":"TEN_PERCENT_HP_BONUS","is_prod":false,"is_daily":false,"chose_seed":false,"campfire_upgraded":1,"win_rate":0.0,"timestamp":1571856057,"path_taken":["M","$","?","$","?","R","?","?","T","?","R","E","M","M","R","BOSS"],"build_version":"2019-10-22","purchased_purges":0,"victory":false,"max_hp_per_floor":[79,79,79,79,79,79,79,79,79,79,79,79,79,79,79,79],"card_choices":[{"not_picked":["PathToVictory","Evaluate"],"picked":"JustLucky","floor":1},{"not_picked":["CrushJoints","PathToVictory"],"picked":"Prostrate","floor":3},{"not_picked":["Fasting2","Wallop"],"picked":"EmptyFist","floor":7},{"not_picked":["Nirvana","Evaluate"],"picked":"CrushJoints","floor":12},{"not_picked":["SashWhip","Consecrate"],"picked":"LessonLearned","floor":13},{"not_picked":["EmptyBody","Worship"],"picked":"BowlingBash","floor":14}],"player_experience":471969,"relics_obtained":[{"floor":12,"key":"Potion Belt"}],"event_choices":[{"damage_healed":0,"gold_gain":75,"player_choice":"Touch","damage_taken":7,"max_hp_gain":0,"max_hp_loss":0,"event_name":"FaceTrader","floor":5,"gold_loss":0},{"damage_healed":0,"gold_gain":175,"player_choice":"AGREE","damage_taken":0,"max_hp_gain":0,"max_hp_loss":0,"event_name":"Liars Game","floor":8,"gold_loss":0,"cards_obtained":["Doubt"]},{"cards_removed":["Doubt"],"damage_healed":0,"gold_gain":0,"player_choice":"Card Removal","damage_taken":7,"max_hp_gain":0,"max_hp_loss":0,"event_name":"Golden Wing","floor":10,"gold_loss":0}],"is_beta":true,"boss_relics":[],"items_purged_floors":[],"is_endless":false,"potions_floor_spawned":[3,12,14],"killed_by":"Hexaghost","ascension_level":0}