{"gold_per_floor":[109,129,143,143,143,143,174,174,174,193,34,67,67,16,16,106,106,121,141,66,79,104,104,119,119,176,176,176],"floor_reached":28,"playtime":2458,"items_purged":["Strike_G"],"score":399,"play_id":"bb3b7d53-97f9-440c-8c2f-6c089277468d","local_time":"20190208214838","is_ascension_mode":true,"campfire_choices":[{"data":"Neutralize","floor":6.0,"key":"SMITH"},{"floor":8.0,"key":"REST"},{"data":"Skewer","floor":13.0,"key":"SMITH"},{"data":"Backstab","floor":15.0,"key":"SMITH"},{"floor":23,"key":"REST"}],"neow_cost":"NONE","seed_source_timestamp":685804196168222,"circlet_count":0,"master_deck":["AscendersBane","Defend_G","Defend_G","Defend_G","Defend_G","Strike_G","Strike_G","Strike_G","Strike_G","Survivor","Neutralize+1","Skewer+1","Dash","Dodge and Roll","Backflip","Backstab+1","Malaise","Terror","After Image","Dodge and Roll","Leg Sweep","PiercingWail","RitualDagger"],"special_seed":0,"relics":["Ring of the Snake","Golden Idol","Calipers","Letter Opener","Centennial Puzzle","Busted Crown","Tiny Chest","Nilry\u0027s Codex"],"potions_floor_usage":[24,28],"damage_taken":[{"damage":4.0,"enemies":"Cultist","floor":1.0,"turns":5.0},{"damage":0.0,"enemies":"Jaw Worm","floor":2.0,"turns":4.0},{"damage":2.0,"enemies":"Small Slimes","floor":3.0,"turns":4.0},{"damage":20.0,"enemies":"Gremlin Nob","floor":7.0,"turns":5.0},{"damage":2.0,"enemies":"Blue Slaver","floor":10.0,"turns":5.0},{"damage":8.0,"enemies":"Lagavulin","floor":12.0,"turns":10.0},{"damage":27.0,"enemies":"Slime Boss","floor":16.0,"turns":10.0},{"damage":4.0,"enemies":"3 Byrds","floor":18.0,"turns":5.0},{"damage":8,"enemies":"Shell Parasite","floor":19,"turns":4},{"damage":13,"enemies":"Cultist and Chosen","floor":21,"turns":9},{"damage":10,"enemies":"Shelled Parasite and Fungi","floor":22,"turns":7},{"damage":7,"enemies":"Snake Plant","floor":24,"turns":4},{"damage":17,"enemies":"Sentry and Sphere","floor":28,"turns":9}],"seed_played":"-6113884485259121054","potions_obtained":[{"floor":1.0,"key":"AttackPotion"},{"floor":10.0,"key":"SkillPotion"},{"floor":12.0,"key":"SneckoOil"},{"floor":16.0,"key":"Swift Potion"},{"floor":18.0,"key":"Regen Potion"},{"floor":19,"key":"GhostInAJar"}],"is_trial":false,"path_per_floor":["M","M","M","?","?","R","E","R","T","M","$","E","R","$","R","B",null,"M","M","$","M","M","R","M","?","T","?","M"],"character_chosen":"THE_SILENT","items_purchased":["Malaise","Block Potion"],"campfire_rested":2,"item_purchase_floors":[11,14],"current_hp_per_floor":[55,55,53,30,52,52,32,51,51,49,49,41,41,41,41,14,53,49,41,41,28,18,37,42,36,36,15,0],"gold":176,"neow_bonus":"REMOVE_CARD","is_prod":false,"is_daily":false,"chose_seed":false,"campfire_upgraded":3,"win_rate":0,"timestamp":1549680518,"path_taken":["M","M","?","?","?","R","E","R","T","M","$","E","R","$","R","BOSS","M","M","$","M","M","R","M","?","T","?","M"],"build_version":"2019-01-23","purchased_purges":1,"victory":false,"max_hp_per_floor":[66,66,66,66,66,66,66,66,66,66,66,66,66,66,66,66,66,66,66,66,66,66,66,66,66,66,66,66],"card_choices":[{"not_picked":["Predator","Dodge and Roll"],"picked":"Skewer","floor":1.0},{"not_picked":["Backflip","Deflect"],"picked":"Dash","floor":2.0},{"not_picked":["Deflect","Dagger Throw"],"picked":"Dodge and Roll","floor":3.0},{"not_picked":["Quick Slash","Escape Plan"],"picked":"Backflip","floor":7.0},{"not_picked":["Tactician","Expertise"],"picked":"Backstab","floor":10.0},{"not_picked":["Infinite Blades","Dagger Throw"],"picked":"Terror","floor":12.0},{"not_picked":["A Thousand Cuts","Storm of Steel"],"picked":"After Image","floor":16.0},{"not_picked":[],"picked":"Dodge and Roll","floor":18.0},{"not_picked":[],"picked":"Leg Sweep","floor":19},{"not_picked":["Catalyst"],"picked":"SKIP","floor":21},{"not_picked":["Masterful Stab"],"picked":"SKIP","floor":22},{"not_picked":[],"picked":"PiercingWail","floor":24}],"player_experience":2264435,"relics_obtained":[{"floor":7.0,"key":"Calipers"},{"floor":9.0,"key":"Letter Opener"},{"floor":12.0,"key":"Centennial Puzzle"},{"floor":26,"key":"Tiny Chest"},{"floor":27,"key":"Nilry\u0027s Codex"}],"event_choices":[{"damage_healed":0.0,"max_hp_gain":0.0,"max_hp_loss":0.0,"gold_gain":0.0,"event_name":"Golden Idol","player_choice":"Take Damage","floor":4.0,"gold_loss":0.0,"damage_taken":23.0,"relics_obtained":["Golden Idol"]},{"damage_healed":22.0,"max_hp_gain":0.0,"max_hp_loss":0.0,"gold_gain":0.0,"event_name":"Big Fish","player_choice":"Banana","floor":5.0,"gold_loss":0.0,"damage_taken":0.0},{"damage_healed":0,"gold_gain":0,"player_choice":"Joined the Cult","damage_taken":6,"max_hp_gain":0,"max_hp_loss":0,"event_name":"Nest","floor":25,"gold_loss":0,"cards_obtained":["RitualDagger"]},{"damage_healed":0,"gold_gain":0,"player_choice":"Obtained Book","damage_taken":21,"max_hp_gain":0,"max_hp_loss":0,"event_name":"Cursed Tome","floor":27,"gold_loss":0}],"is_beta":false,"boss_relics":[{"not_picked":["Ring of the Serpent","Coffee Dripper"],"picked":"Busted Crown"}],"items_purged_floors":[20],"is_endless":false,"potions_floor_spawned":[1,10,12,16,18,19],"killed_by":"Sentry and Sphere","ascension_level":15}