{"gold_per_floor":[112,123,42,117,117,129,144,31,31,43,43,57,57,77,77,176,176,192,192,192],"floor_reached":20,"playtime":1224,"items_purged":[],"score":166,"play_id":"97273ab5-55a9-4e4d-bb98-04bc357c9061","local_time":"20181106225653","is_ascension_mode":false,"campfire_choices":[{"data":"Panacea","floor":13.0,"key":"SMITH"},{"floor":15.0,"key":"REST"}],"neow_cost":"NONE","seed_source_timestamp":0,"circlet_count":0,"master_deck":["Defend_G","Defend_G","Defend_G","Defend_G","Defend_G","Strike_G","Strike_G","Strike_G","Strike_G","Strike_G","Survivor","Neutralize+1","Dagger Spray","Footwork","All Out Attack","Noxious Fumes","Blade Dance","Panacea+1","Bouncing Flask","Bane","Burst","Poisoned Stab","J.A.X."],"special_seed":0,"relics":["Sozu"],"potions_floor_usage":[],"damage_taken":[{"damage":0.0,"enemies":"Small Slimes","floor":1.0,"turns":5.0},{"damage":0.0,"enemies":"2 Louse","floor":2.0,"turns":3.0},{"damage":4.0,"enemies":"Cultist","floor":6.0,"turns":3.0},{"damage":9.0,"enemies":"Exordium Thugs","floor":7.0,"turns":5.0},{"damage":5.0,"enemies":"3 Louse","floor":10.0,"turns":3.0},{"damage":1.0,"enemies":"Large Slime","floor":12.0,"turns":5.0},{"damage":0.0,"enemies":"Exordium Wildlife","floor":14.0,"turns":3.0},{"damage":2.0,"enemies":"The Guardian","floor":16.0,"turns":10.0},{"damage":27.0,"enemies":"2 Thieves","floor":18.0,"turns":5.0},{"damage":44,"enemies":"Colosseum Slavers","floor":20,"turns":3}],"seed_played":"7512134091256151921","potions_obtained":[],"is_trial":false,"path_per_floor":["M","M","$","?","?","M","M","$","T","M","?","M","R","M","R","B",null,"M","?","?"],"character_chosen":"THE_SILENT","items_purchased":["All Out Attack","Blade Dance","Panacea"],"campfire_rested":1,"item_purchase_floors":[3,8,8],"current_hp_per_floor":[70,70,70,59,59,55,46,46,46,41,41,40,40,40,61,59,70,43,43,0],"gold":192,"neow_bonus":"BOSS_RELIC","is_prod":false,"is_daily":false,"chose_seed":false,"campfire_upgraded":1,"win_rate":0,"timestamp":1541563013,"path_taken":["M","M","$","?","?","?","M","?","T","M","?","M","R","M","R","BOSS","M","?","?"],"build_version":"2018-11-01","purchased_purges":0,"victory":false,"max_hp_per_floor":[70,70,70,70,70,70,70,70,70,70,70,70,70,70,70,70,70,70,70,70],"card_choices":[{"not_picked":["Slice","Outmaneuver"],"picked":"Dagger Spray","floor":1.0},{"not_picked":["Poisoned Stab","Masterful Stab"],"picked":"Footwork","floor":2.0},{"not_picked":["Dodge and Roll","Eviscerate","Flechettes"],"picked":"SKIP","floor":6.0},{"not_picked":["Phantasmal Killer","Quick Slash"],"picked":"Noxious Fumes","floor":7.0},{"not_picked":["Leg Sweep","Setup"],"picked":"Bouncing Flask","floor":10.0},{"not_picked":["Underhanded Strike","Sucker Punch","Backflip"],"picked":"SKIP","floor":12.0},{"not_picked":["Underhanded Strike","Sucker Punch","Backflip"],"picked":"SKIP","floor":12.0},{"not_picked":["Quick Slash","Deflect"],"picked":"Bane","floor":14.0},{"not_picked":["Doppelganger","Unload"],"picked":"Burst","floor":16.0},{"not_picked":["Dagger Spray+1","Outmaneuver"],"picked":"Poisoned Stab","floor":18.0}],"player_experience":1944415,"relics_obtained":[],"event_choices":[{"damage_healed":0.0,"max_hp_gain":0.0,"max_hp_loss":0.0,"gold_gain":75.0,"event_name":"World of Goop","player_choice":"Gather Gold","floor":4.0,"gold_loss":0.0,"damage_taken":11.0},{"damage_healed":0.0,"max_hp_gain":0.0,"max_hp_loss":0.0,"gold_gain":0.0,"event_name":"Accursed Blacksmith","player_choice":"Forge","floor":5.0,"gold_loss":0.0,"damage_taken":0.0,"cards_upgraded":["Neutralize"]},{"damage_healed":0.0,"max_hp_gain":0.0,"max_hp_loss":0.0,"gold_gain":30.0,"event_name":"Dead Adventurer","player_choice":"Searched \u00271\u0027 times","floor":11.0,"gold_loss":0.0,"damage_taken":0.0},{"damage_healed":0.0,"max_hp_gain":0.0,"max_hp_loss":0.0,"gold_gain":0.0,"event_name":"Drug Dealer","player_choice":"Obtain J.A.X.","floor":19.0,"gold_loss":0.0,"damage_taken":0.0,"cards_obtained":["J.A.X."]},{"damage_healed":0,"gold_gain":0,"player_choice":"Fight","damage_taken":0,"max_hp_gain":0,"max_hp_loss":0,"event_name":"Colosseum","floor":20,"gold_loss":0}],"is_beta":false,"boss_relics":[{"not_picked":["Eternal Feather","Cursed Key","Busted Crown"]}],"items_purged_floors":[],"is_endless":false,"potions_floor_spawned":[6,10,16,18],"killed_by":"Colosseum Slavers","ascension_level":0}