{"gold_per_floor":[110,110,120,131,306,306,36,36,36,65,65,76,76,92,92,193,193,205,216,131,230,240,240,260,260,260,29,49,65,65,65],"floor_reached":31,"playtime":2764,"items_purged":["Doubt"],"score":332,"play_id":"50811e65-a8a4-4a0d-b60d-d68ff21f38a5","local_time":"20180910002000","is_ascension_mode":true,"campfire_choices":[{"data":"Hologram","floor":6,"key":"SMITH"},{"data":"Dualcast","floor":8,"key":"SMITH"},{"data":"Machine Learning","floor":13,"key":"SMITH"},{"floor":15,"key":"REST"},{"floor":23,"key":"REST"},{"floor":25,"key":"REST"},{"floor":30,"key":"REST"}],"neow_cost":"NONE","seed_source_timestamp":61482516224728,"circlet_count":0,"master_deck":["Strike_B","Strike_B","Strike_B","Defend_B","Defend_B","Defend_B","Defend_B","Zap+1","Dualcast+1","Beam Cell","Hologram+1","Tempest","Conserve Battery","Machine Learning+1","Heatsinks","Melter","Conserve Battery","Electrodynamics","Undo","Redo+1","Beam Cell","Conserve Battery","Consume","Reinforced Body","Turbo"],"relics":["Cracked Core","GremlinMask","Blood Vial","Bottled Lightning","Centennial Puzzle","Sozu","Bag of Marbles","Darkstone Periapt","OrangePellets"],"potions_floor_usage":[10,16,29,31],"damage_taken":[{"damage":2,"enemies":"2 Louse","floor":1,"turns":3},{"damage":0,"enemies":"Cultist","floor":3,"turns":3},{"damage":0,"enemies":"Jaw Worm","floor":4,"turns":3},{"damage":12,"enemies":"Gremlin Nob","floor":10,"turns":3},{"damage":6,"enemies":"Red Slaver","floor":12,"turns":3},{"damage":11,"enemies":"Large Slime","floor":14,"turns":3},{"damage":14,"enemies":"The Guardian","floor":16,"turns":10},{"damage":26,"enemies":"Chosen","floor":18,"turns":5},{"damage":6,"enemies":"Spheric Guardian","floor":19,"turns":3},{"damage":17,"enemies":"Snake Plant","floor":22,"turns":3},{"damage":16,"enemies":"Shelled Parasite and Fungi","floor":24,"turns":4},{"damage":15,"enemies":"Chosen and Byrds","floor":28,"turns":5},{"damage":11,"enemies":"Centurion and Healer","floor":29,"turns":7},{"damage":66,"enemies":"Gremlin Leader","floor":31,"turns":7}],"seed_played":"8012956177894942429","potions_obtained":[{"floor":3,"key":"Dexterity Potion"},{"floor":4,"key":"FocusPotion"},{"floor":12,"key":"Explosive Potion"},{"floor":14,"key":"FocusPotion"}],"is_trial":false,"path_per_floor":["M","?","M","M","?","R","$","R","T","E","?","M","R","M","R","B",null,"M","M","?","?","M","R","M","R","T","$","M","M","R"],"character_chosen":"DEFECT","items_purchased":["Conserve Battery","Blood Vial","OrangePellets","Consume"],"campfire_rested":4,"item_purchase_floors":[7,7,27,27],"current_hp_per_floor":[66,66,66,66,66,66,66,66,66,56,56,52,52,43,65,53,70,46,42,42,42,27,49,35,57,57,57,44,35,57,0],"gold":65,"neow_bonus":"UPGRADE_CARD","is_prod":false,"is_daily":false,"chose_seed":false,"campfire_upgraded":3,"win_rate":0,"timestamp":1536553200,"path_taken":["M","?","M","M","?","R","$","R","T","E","?","?","R","M","R","BOSS","M","M","?","?","?","R","M","R","T","$","M","M","R","E"],"build_version":"2018-08-23v2","purchased_purges":1,"victory":false,"max_hp_per_floor":[75,75,75,75,75,75,75,75,75,75,75,75,75,75,75,75,75,75,75,75,75,75,75,75,75,75,75,75,75,75,75],"card_choices":[{"not_picked":["Streamline","Cold Snap"],"picked":"Beam Cell","floor":1},{"not_picked":["Steam Power","Coolheaded"],"picked":"Hologram","floor":3},{"not_picked":["Force Field","Static Discharge"],"picked":"Tempest","floor":4},{"not_picked":["Rebound","Hologram"],"picked":"Machine Learning","floor":10},{"not_picked":["Redo","Rip and Tear"],"picked":"Melter","floor":12},{"not_picked":["Coolheaded","Compile Driver"],"picked":"Conserve Battery","floor":14},{"not_picked":["Echo Form","Buffer"],"picked":"Electrodynamics","floor":16},{"not_picked":["Leap","Cold Snap"],"picked":"Undo","floor":18},{"not_picked":["Auto Shields","Darkness"],"picked":"Redo+1","floor":19},{"not_picked":["Chaos+1","Streamline"],"picked":"Beam Cell","floor":22},{"not_picked":["Coolheaded","Steam"],"picked":"Conserve Battery","floor":24},{"not_picked":["Coolheaded","Redo"],"picked":"Reinforced Body","floor":28},{"not_picked":["Beam Cell","Barrage"],"picked":"Turbo","floor":29}],"player_experience":1690921,"relics_obtained":[{"floor":9,"key":"Bottled Lightning"},{"floor":10,"key":"Centennial Puzzle"},{"floor":26,"key":"Darkstone Periapt"}],"event_choices":[{"event_name":"FaceTrader","player_choice":"Trade","floor":2,"damage_taken":0},{"event_name":"Liars Game","player_choice":"agreed","floor":5,"damage_taken":0},{"event_name":"Transmorgrifier","player_choice":"Transform","floor":11,"damage_taken":0},{"event_name":"Addict","player_choice":"Obtained Relic","floor":20,"damage_taken":0},{"event_name":"Nest","player_choice":"Stole From Cult","floor":21,"damage_taken":0}],"is_beta":false,"boss_relics":[{"not_picked":["Calling Bell","Tiny House"],"picked":"Sozu"}],"items_purged_floors":[7],"is_endless":false,"potions_floor_spawned":[3,4,12,14,24,28],"killed_by":"Gremlin Leader","ascension_level":8}