{"gold_per_floor":[12,22,97,47,66,66,96,96,96,96,124,124,0,11,11,107,107,120,120,138,158,158,158,184,184,184,184,184,11,27,27,27,27],"floor_reached":33,"playtime":2635,"items_purged":["Strike_R"],"score":352,"play_id":"cdf50b71-2a5c-48b4-a761-d71d97a417cd","local_time":"20180819135710","is_ascension_mode":true,"campfire_choices":[{"data":"Armaments","floor":6,"key":"SMITH"},{"floor":8,"key":"REST"},{"floor":10,"key":"REST"},{"floor":15,"key":"REST"},{"floor":23,"key":"REST"},{"floor":25,"key":"REST"},{"data":"1","floor":28,"key":"LIFT"},{"data":"2","floor":32,"key":"LIFT"}],"neow_cost":"NO_GOLD","seed_source_timestamp":0,"circlet_count":0,"master_deck":["Strike_R+1","Strike_R+1","Strike_R+1","Defend_R+1","Defend_R+1","Defend_R+1","Bash","Armaments+1","Spot Weakness","Clothesline","Whirlwind","Pummel","Sword Boomerang","Thunderclap","Fiend Fire","Heavy Blade","Shrug It Off","Iron Wave","Hemokinesis+1","Flame Barrier","Enlightenment","Burning Pact+1","Bloodletting"],"special_seed":0,"relics":["Burning Blood","Magic Flower","Du-Vu Doll","Girya","Ancient Tea Set","Fusion Hammer","Nilry\u0027s Codex","Pen Nib","Red Skull","Meat on the Bone"],"potions_floor_usage":[7,16,16,24,33,33],"damage_taken":[{"damage":2,"enemies":"Jaw Worm","floor":1,"turns":3},{"damage":2,"enemies":"2 Louse","floor":2,"turns":3},{"damage":20,"enemies":"Small Slimes","floor":5,"turns":3},{"damage":44,"enemies":"3 Sentries","floor":7,"turns":9},{"damage":25,"enemies":"Lagavulin","floor":11,"turns":6},{"damage":13,"enemies":"3 Louse","floor":14,"turns":3},{"damage":44,"enemies":"Hexaghost","floor":16,"turns":8},{"damage":12,"enemies":"2 Thieves","floor":18,"turns":3},{"damage":11,"enemies":"Shell Parasite","floor":20,"turns":3},{"damage":18,"enemies":"Snake Plant","floor":21,"turns":4},{"damage":58,"enemies":"Slavers","floor":24,"turns":6},{"damage":12,"enemies":"Centurion and Healer","floor":30,"turns":3},{"damage":118,"enemies":"Champ","floor":33,"turns":8}],"seed_played":"-5862405223971486244","potions_obtained":[{"floor":1,"key":"SkillPotion"},{"floor":2,"key":"Ancient Potion"},{"floor":11,"key":"Strength Potion"},{"floor":14,"key":"Ancient Potion"},{"floor":18,"key":"Ancient Potion"},{"floor":20,"key":"FairyPotion"},{"floor":24,"key":"Weak Potion"},{"floor":30,"key":"Block Potion"}],"is_trial":false,"path_per_floor":["M","M","?","?","M","R","E","R","T","R","E","?","$","M","R","B",null,"M","?","M","M","?","R","E","R","T","?","R","$","M","?","R"],"character_chosen":"IRONCLAD","items_purchased":["Sword Boomerang","Flame Barrier","Enlightenment"],"campfire_rested":5,"item_purchase_floors":[13,29,29],"current_hp_per_floor":[79,80,69,69,58,58,23,47,47,71,55,48,48,44,68,33,68,65,49,47,38,38,62,34,58,58,58,58,58,73,73,73,0],"gold":27,"neow_bonus":"ONE_RARE_RELIC","is_prod":false,"is_daily":false,"chose_seed":false,"campfire_upgraded":1,"win_rate":0,"timestamp":1534701430,"path_taken":["M","M","?","?","?","R","E","R","T","R","E","?","?","M","R","BOSS","M","?","?","M","?","R","E","R","T","?","R","$","M","?","R","BOSS"],"build_version":"2018-08-09","purchased_purges":1,"victory":false,"max_hp_per_floor":[80,80,80,80,80,80,80,80,80,80,80,80,80,80,80,80,80,80,80,80,80,80,80,80,80,80,80,80,80,80,80,80,80],"card_choices":[{"not_picked":["Fire Breathing","Ghostly Armor"],"picked":"Armaments","floor":1},{"not_picked":["Intimidate","Shrug It Off"],"picked":"Spot Weakness","floor":2},{"not_picked":["Flex","Sentinel"],"picked":"Clothesline","floor":5},{"not_picked":["Dropkick","Cleave"],"picked":"Whirlwind","floor":7},{"not_picked":["Sever Soul","Sword Boomerang"],"picked":"Pummel","floor":11},{"not_picked":["Clash","Intimidate"],"picked":"Thunderclap","floor":14},{"not_picked":["Berserk","Brutality"],"picked":"Fiend Fire","floor":16},{"not_picked":["Intimidate","Battle Trance"],"picked":"Heavy Blade","floor":18},{"not_picked":["True Grit","Clothesline"],"picked":"Shrug It Off","floor":20},{"not_picked":["True Grit","Hemokinesis+1"],"picked":"Iron Wave","floor":21},{"not_picked":["Pommel Strike","Flex"],"picked":"Hemokinesis+1","floor":24},{"not_picked":["Pommel Strike","Feel No Pain"],"picked":"Burning Pact+1","floor":30}],"player_experience":1548452,"relics_obtained":[{"floor":7,"key":"Du-Vu Doll"},{"floor":9,"key":"Girya"},{"floor":11,"key":"Ancient Tea Set"},{"floor":19,"key":"Nilry\u0027s Codex"},{"floor":24,"key":"Red Skull"},{"floor":26,"key":"Meat on the Bone"}],"event_choices":[{"event_name":"World of Goop","player_choice":"Gather Gold","floor":3,"damage_taken":0},{"event_name":"The Cleric","player_choice":"Card Removal","floor":4,"damage_taken":0},{"event_name":"Golden Wing","player_choice":"Card Removal","floor":12,"damage_taken":0},{"event_name":"Cursed Tome","player_choice":"Obtained Book","floor":19,"damage_taken":0},{"event_name":"WeMeetAgain","player_choice":"Potion","floor":22,"damage_taken":0},{"event_name":"Back to Basics","player_choice":"Simplicity","floor":27,"damage_taken":0},{"event_name":"The Library","player_choice":"Read","floor":31,"damage_taken":0}],"is_beta":false,"boss_relics":[{"not_picked":["Black Star","Coffee Dripper"],"picked":"Fusion Hammer"}],"items_purged_floors":[13],"is_endless":false,"potions_floor_spawned":[1,2,11,14,18,20,24,30],"killed_by":"Champ","ascension_level":6}