{"gold_per_floor":[117,117,135,115,134,134,145,174,199,237,249,293,320,332,344,452,464,495,526,538,110,110],"floor_reached":22,"playtime":4964,"items_purged":["Strike_P"],"score":508,"play_id":"f9736c70-ed53-40cc-81de-67ec8a67d5ef","local_time":"20190925215057","is_ascension_mode":true,"campfire_choices":[{"data":"CrushJoints","floor":6.0,"key":"SMITH"},{"floor":11.0,"key":"REST"},{"data":"Meditate","floor":15.0,"key":"SMITH"}],"neow_cost":"NONE","seed_source_timestamp":0,"circlet_count":0,"master_deck":["AscendersBane","Strike_P","Strike_P+1","Strike_P+1","Defend_P","Defend_P","Defend_P+1","Defend_P","Eruption","Vigilance","EmptyFist+1","CrushJoints+1","Protect","Meditate+1","InnerPeace","CutThroughFate","Ragnarok+1","Crescendo","Nirvana","ThirdEye","Sanctity+1","RitualDagger+1","TalkToTheHand+1"],"special_seed":0,"relics":["VioletLotus","Omamori","MawBank","Whetstone","Molten Egg 2","Golden Idol","Fusion Hammer","Pantograph"],"potions_floor_usage":[19,22],"damage_taken":[{"damage":4.0,"enemies":"Small Slimes","floor":1.0,"turns":4.0},{"damage":2.0,"enemies":"Jaw Worm","floor":3.0,"turns":5.0},{"damage":0.0,"enemies":"Cultist","floor":5.0,"turns":3.0},{"damage":0.0,"enemies":"Blue Slaver","floor":7.0,"turns":4.0},{"damage":4.0,"enemies":"Lagavulin","floor":8.0,"turns":7.0},{"damage":19.0,"enemies":"3 Sentries","floor":10.0,"turns":10.0},{"damage":6.0,"enemies":"Lagavulin","floor":12.0,"turns":7.0},{"damage":0.0,"enemies":"Looter","floor":13.0,"turns":2.0},{"damage":0.0,"enemies":"Slime Boss","floor":16.0,"turns":4.0},{"damage":6.0,"enemies":"Spheric Guardian","floor":18.0,"turns":4.0},{"damage":22,"enemies":"3 Byrds","floor":19,"turns":8},{"damage":32,"enemies":"Centurion and Healer","floor":22,"turns":4}],"seed_played":"-9197299897103228328","potions_obtained":[{"floor":3.0,"key":"Fire Potion"},{"floor":4.0,"key":"SneckoOil"},{"floor":5.0,"key":"Dexterity Potion"},{"floor":12.0,"key":"SkillPotion"},{"floor":13.0,"key":"SkillPotion"}],"is_trial":false,"path_per_floor":["M","?","M","?","M","R","M","E","T","E","R","E","M","?","R","B",null,"M","M","?","$","M"],"character_chosen":"WATCHER","items_purchased":["TalkToTheHand+1","Pantograph","Block Potion"],"campfire_rested":1,"item_purchase_floors":[21,21,21],"current_hp_per_floor":[51,33,31,31,31,31,31,27,27,8,26,20,20,20,20,20,51,45,23,17,17,0],"gold":110,"neow_bonus":"BOSS_RELIC","is_prod":false,"is_daily":false,"chose_seed":false,"campfire_upgraded":2,"win_rate":0,"timestamp":1569405057,"path_taken":["M","?","M","?","M","R","M","E","T","E","R","E","?","?","R","BOSS","M","M","?","$","M"],"build_version":"2019-09-24","purchased_purges":1,"victory":false,"max_hp_per_floor":[61,61,61,61,61,61,61,61,61,61,61,61,61,61,61,61,61,61,61,61,61,61],"card_choices":[{"not_picked":["EmptyBody","Sanctity"],"picked":"EmptyFist","floor":1.0},{"not_picked":["Consecrate","FlyingSleeves"],"picked":"CrushJoints","floor":3.0},{"not_picked":["Prostrate","EmptyFist"],"picked":"Protect","floor":5.0},{"not_picked":["ClearTheMind","CrushJoints"],"picked":"Meditate","floor":7.0},{"not_picked":["WreathOfFlame","Unraveling"],"picked":"InnerPeace","floor":8.0},{"not_picked":["BattleHymn","ForeignInfluence"],"picked":"CutThroughFate","floor":10.0},{"not_picked":["ClearTheMind","Weave"],"picked":"Ragnarok","floor":12.0},{"not_picked":["Vengeance","Halt"],"picked":"Crescendo","floor":13.0},{"not_picked":["MasterReality","DevaForm"],"picked":"Nirvana","floor":16.0},{"not_picked":["WindmillStrike+1","Halt+1"],"picked":"ThirdEye","floor":18.0},{"not_picked":["BowlingBash+1","ClearTheMind"],"picked":"Sanctity+1","floor":19}],"player_experience":1241683,"relics_obtained":[{"floor":8.0,"key":"Omamori"},{"floor":9.0,"key":"MawBank"},{"floor":10.0,"key":"Whetstone"},{"floor":12.0,"key":"Molten Egg 2"}],"event_choices":[{"damage_healed":0.0,"max_hp_gain":0.0,"max_hp_loss":0.0,"gold_gain":0.0,"event_name":"Shining Light","player_choice":"Entered Light","floor":2.0,"gold_loss":0.0,"damage_taken":18.0,"cards_upgraded":["Defend_P","EmptyFist"]},{"damage_healed":0.0,"max_hp_gain":0.0,"max_hp_loss":0.0,"gold_gain":0.0,"event_name":"The Woman in Blue","player_choice":"Bought 1 Potion","floor":4.0,"gold_loss":0.0,"damage_taken":0.0},{"damage_healed":0.0,"max_hp_gain":0.0,"max_hp_loss":0.0,"gold_gain":0.0,"event_name":"Golden Idol","player_choice":"Take Wound","floor":14.0,"gold_loss":0.0,"damage_taken":0.0,"relics_obtained":["Golden Idol"],"cards_obtained":["Injury"]},{"damage_healed":0,"gold_gain":0,"player_choice":"Joined the Cult","damage_taken":6,"max_hp_gain":0,"max_hp_loss":0,"event_name":"Nest","floor":20,"gold_loss":0,"cards_obtained":["RitualDagger"]}],"is_beta":true,"boss_relics":[{"not_picked":["Tiny House","Coffee Dripper"],"picked":"Fusion Hammer"}],"items_purged_floors":[21],"is_endless":false,"potions_floor_spawned":[3,5,12,13],"killed_by":"Centurion and Healer","ascension_level":20}