{"gold_per_floor":[110,120,120,49,49,49,61,24,24,24,41,41,74,88,88,187,187,197,197,32,32,49,49,75,87,112,112,125,125,40,40,40,136,136,149,149,149,149,168,168,183,283,283,302,302,317,317,335,335,335],"floor_reached":51,"playtime":4391,"items_purged":[],"score":1012,"play_id":"25a86fb6-2ccb-40ec-b5bd-f47c73a1c0e3","local_time":"20181119213217","is_ascension_mode":true,"campfire_choices":[{"data":"Cloak And Dagger","floor":6,"key":"SMITH"},{"data":"Neutralize","floor":10,"key":"SMITH"},{"floor":12,"key":"REST"},{"floor":15,"key":"REST"},{"data":"Phantasmal Killer","floor":23,"key":"SMITH"},{"floor":27,"key":"REST"},{"data":"Accuracy","floor":32,"key":"SMITH"},{"data":"Blade Dance","floor":40,"key":"SMITH"},{"data":"Terror","floor":45,"key":"SMITH"},{"data":"Footwork","floor":49,"key":"SMITH"}],"neow_cost":"NONE","seed_source_timestamp":664387479214226,"circlet_count":0,"master_deck":["AscendersBane","Defend_G+1","Defend_G+1","Defend_G+1","Defend_G+1","Defend_G+1","Strike_G+1","Strike_G+1","Strike_G+1","Survivor","Neutralize+1","Finesse","Cloak And Dagger+1","Footwork+1","Accuracy+1","Infinite Blades","Predator","Flying Knee","Terror+1","Accuracy+1","Phantasmal Killer+1","Well Laid Plans+1","Flash of Steel","Slice","Blade Dance+1","Flying Knee+1","Dodge and Roll","Bullet Time","Endless Agony+1","Magnetism+1","Dark Shackles","Escape Plan+1","Blur","Prepared+1","Noxious Fumes+1","Footwork+1"],"relics":["Ring of the Snake","Ornamental Fan","Frozen Egg 2","Meat on the Bone","WristBlade","Blood Vial","Potion Belt","Pantograph","Eternal Feather","Peace Pipe","Bird Faced Urn"],"potions_floor_usage":[14,18,24,28,29,33,44,48,50],"damage_taken":[{"damage":0,"enemies":"Small Slimes","floor":1,"turns":4},{"damage":0,"enemies":"Cultist","floor":2,"turns":5},{"damage":9,"enemies":"Jaw Worm","floor":7,"turns":4},{"damage":2,"enemies":"Exordium Thugs","floor":11,"turns":6},{"damage":22,"enemies":"Lagavulin","floor":13,"turns":7},{"damage":0,"enemies":"3 Louse","floor":14,"turns":3},{"damage":3,"enemies":"The Guardian","floor":16,"turns":9},{"damage":2,"enemies":"Spheric Guardian","floor":18,"turns":4},{"damage":10,"enemies":"3 Byrds","floor":22,"turns":5},{"damage":15,"enemies":"Book of Stabbing","floor":24,"turns":4},{"damage":26,"enemies":"Snake Plant","floor":25,"turns":3},{"damage":18,"enemies":"3 Cultists","floor":28,"turns":6},{"damage":0,"enemies":"Chosen and Byrds","floor":29,"turns":1},{"damage":42,"enemies":"Collector","floor":33,"turns":9},{"damage":15,"enemies":"Orb Walker","floor":35,"turns":3},{"damage":20,"enemies":"3 Shapes","floor":39,"turns":7},{"damage":2,"enemies":"Sphere and 2 Shapes","floor":41,"turns":4},{"damage":21,"enemies":"Mind Bloom Boss Battle","floor":42,"turns":5},{"damage":48,"enemies":"3 Darklings","floor":44,"turns":7},{"damage":16,"enemies":"Maw","floor":46,"turns":6},{"damage":15,"enemies":"4 Shapes","floor":48,"turns":8},{"damage":79,"enemies":"Time Eater","floor":50,"turns":12}],"seed_played":"1528132814788429347","potions_obtained":[{"floor":1,"key":"Strength Potion"},{"floor":7,"key":"SpeedPotion"},{"floor":13,"key":"SteroidPotion"},{"floor":22,"key":"Poison Potion"},{"floor":24,"key":"Strength Potion"},{"floor":25,"key":"Swift Potion"},{"floor":28,"key":"SmokeBomb"},{"floor":35,"key":"FearPotion"},{"floor":39,"key":"GamblersBrew"},{"floor":42,"key":"Regen Potion"},{"floor":44,"key":"Ancient Potion"}],"is_trial":false,"path_per_floor":["M","M","?","$","?","R","M","$","T","R","M","R","E","M","R","B",null,"M","?","$","$","M","R","E","M","T","R","M","M","?","$","R","B",null,"M","$","?","?","M","R","M","?","T","M","R","M","?","M","R","B",null],"character_chosen":"THE_SILENT","items_purchased":["Accuracy","Predator","Flash of Steel","Slice","Blade Dance"],"campfire_rested":3,"item_purchase_floors":[4,8,20,20,20],"current_hp_per_floor":[63,63,63,63,56,56,47,47,47,47,45,66,44,44,65,62,68,66,66,66,66,56,56,41,29,29,50,46,48,48,48,48,40,63,50,50,45,45,39,57,57,45,45,37,58,54,54,55,66,13],"gold":335,"neow_bonus":"RANDOM_COLORLESS","is_prod":false,"is_daily":false,"chose_seed":false,"campfire_upgraded":7,"win_rate":0,"timestamp":1542681137,"path_taken":["M","M","?","?","?","R","M","$","T","R","M","R","E","M","R","BOSS","M","?","?","$","M","R","E","M","T","R","M","M","?","$","R","BOSS","M","$","?","?","M","R","M","?","T","?","R","M","?","M","R","BOSS"],"build_version":"2018-11-15","purchased_purges":0,"victory":true,"max_hp_per_floor":[70,70,70,70,70,70,70,70,70,70,70,70,70,70,70,70,70,70,70,70,70,70,70,70,70,70,70,70,70,70,70,70,70,70,70,70,70,66,66,66,66,66,66,66,66,66,66,66,66,66],"card_choices":[{"not_picked":["Sucker Punch","Prepared"],"picked":"Cloak And Dagger","floor":1},{"not_picked":["Poisoned Stab","Setup"],"picked":"Footwork","floor":2},{"not_picked":["Endless Agony","Deadly Poison"],"picked":"Infinite Blades","floor":7},{"not_picked":["Backflip","Tactician"],"picked":"Flying Knee","floor":11},{"not_picked":["Concentrate","Underhanded Strike"],"picked":"Terror","floor":13},{"not_picked":["Cloak And Dagger","Noxious Fumes+1"],"picked":"Accuracy+1","floor":14},{"not_picked":["Wraith Form v2+1","Adrenaline"],"picked":"Phantasmal Killer","floor":16},{"not_picked":["Calculated Gamble","Outmaneuver"],"picked":"Well Laid Plans+1","floor":18},{"not_picked":["Deadly Poison","Bane+1","Dagger Throw+1"],"picked":"SKIP","floor":22},{"not_picked":["Deadly Poison","Backflip"],"picked":"Flying Knee+1","floor":24},{"not_picked":["Acrobatics","Phantasmal Killer"],"picked":"Dodge and Roll","floor":25},{"not_picked":["Outmaneuver","Riddle With Holes","Underhanded Strike"],"picked":"SKIP","floor":28},{"not_picked":["Burst","Phantasmal Killer"],"picked":"Bullet Time","floor":33},{"not_picked":["Sucker Punch+1","Outmaneuver"],"picked":"Endless Agony+1","floor":35},{"not_picked":["Panacea","The Bomb"],"picked":"Magnetism+1","floor":37},{"not_picked":["Trip","PanicButton"],"picked":"Dark Shackles","floor":37},{"not_picked":["Dagger Spray","Outmaneuver"],"picked":"Escape Plan+1","floor":39},{"not_picked":["Well Laid Plans+1","Crippling Poison"],"picked":"Blur","floor":41},{"not_picked":["Dagger Throw+1","Dodge and Roll"],"picked":"Prepared+1","floor":44},{"not_picked":["Caltrops+1","Outmaneuver"],"picked":"Noxious Fumes+1","floor":46},{"not_picked":["Noxious Fumes+1","Flying Knee"],"picked":"Footwork+1","floor":48}],"player_experience":1995184,"relics_obtained":[{"floor":9,"key":"Frozen Egg 2"},{"floor":13,"key":"Meat on the Bone"},{"floor":24,"key":"Blood Vial"},{"floor":26,"key":"Potion Belt"},{"floor":42,"key":"Peace Pipe"},{"floor":43,"key":"Bird Faced Urn"}],"event_choices":[{"damage_healed":0,"gold_gain":0,"player_choice":"Gave Potion","damage_taken":0,"relics_obtained":["Ornamental Fan"],"max_hp_gain":0,"max_hp_loss":0,"event_name":"WeMeetAgain","floor":3,"gold_loss":0},{"cards_removed":["Strike_G"],"damage_healed":0,"gold_gain":0,"player_choice":"Card Removal","damage_taken":7,"max_hp_gain":0,"max_hp_loss":0,"event_name":"Golden Wing","floor":5,"gold_loss":0},{"damage_healed":0,"gold_gain":0,"player_choice":"Simplicity","damage_taken":0,"max_hp_gain":0,"max_hp_loss":0,"event_name":"Back to Basics","floor":19,"gold_loss":0,"cards_upgraded":["Defend_G","Defend_G","Defend_G","Defend_G","Defend_G","Strike_G","Strike_G","Strike_G","Strike_G"]},{"damage_healed":0,"gold_gain":0,"player_choice":"Obtained Relic","damage_taken":0,"relics_obtained":["Pantograph"],"max_hp_gain":0,"max_hp_loss":0,"event_name":"Addict","floor":30,"gold_loss":85},{"damage_healed":0,"gold_gain":0,"player_choice":"Memory 2","damage_taken":5,"max_hp_gain":0,"max_hp_loss":0,"event_name":"SensoryStone","floor":37,"gold_loss":0},{"damage_healed":0,"gold_gain":0,"player_choice":"Max HP","damage_taken":0,"max_hp_gain":0,"max_hp_loss":4,"event_name":"Winding Halls","floor":38,"gold_loss":0},{"damage_healed":0,"gold_gain":0,"player_choice":"Fight","damage_taken":0,"max_hp_gain":0,"max_hp_loss":0,"event_name":"MindBloom","floor":42,"gold_loss":0},{"cards_removed":["Strike_G"],"damage_healed":0,"gold_gain":0,"player_choice":"Offered Basic","damage_taken":0,"max_hp_gain":0,"max_hp_loss":0,"event_name":"Bonfire Elementals","floor":47,"gold_loss":0}],"is_beta":false,"boss_relics":[{"not_picked":["Snecko Eye","HoveringKite"],"picked":"WristBlade"},{"not_picked":["Black Star","Runic Pyramid"],"picked":"Eternal Feather"}],"items_purged_floors":[],"is_endless":false,"potions_floor_spawned":[1,7,13,22,24,25,28,35,39,42,44],"ascension_level":12}