{"path_per_floor":["M","?","?","$","?","?","M","R","T","M","$","M","R","E","R","B",null,"M","?","M","$","M","R","?","R","T","M","E","M","R","E","R"],"character_chosen":"THE_SILENT","items_purchased":["Dagger Throw","Noxious Fumes","Poisoned Stab","Master of Strategy"],"gold_per_floor":[118,118,118,14,14,14,38,38,38,53,53,74,74,109,109,233,233,249,249,274,58,74,74,74,74,74,90,128,141,141,177,177],"floor_reached":33,"campfire_rested":6,"playtime":3840,"current_hp_per_floor":[66,49,35,35,35,35,30,51,51,51,51,50,50,47,68,42,70,58,58,49,49,14,35,35,56,56,47,28,16,52,25,61],"items_purged":[],"gold":177,"play_id":"c2be4319-f0a0-4522-9c31-e89f17c2acf1","is_prod":false,"is_daily":false,"is_ascension_mode":false,"campfire_upgraded":1,"path_taken":["M","?","?","$","?","?","M","R","T","M","?","M","R","E","R","BOSS","M","?","M","$","M","R","?","R","T","?","E","M","R","E","R","BOSS"],"build_version":"2018-02-01-PROD3","purchased_purges":0,"victory":false,"master_deck":["Defend_G","Defend_G","Defend_G","Defend_G","Defend_G+1","Strike_G","Strike_G","Strike_G+1","Strike_G","Strike_G","Survivor","Neutralize","Predator","Bouncing Flask","Dagger Throw","Noxious Fumes","Bane","Skewer+1","Backstab","Poisoned Stab","Corpse Explosion","Bouncing Flask","Dodge and Roll+1","Poisoned Stab","Master of Strategy","Dash+1","Leg Sweep","Prepared+1","Skewer","PiercingWail"],"max_hp_per_floor":[70,70,70,70,70,70,70,70,70,70,70,70,70,70,70,70,70,70,70,70,70,70,70,70,70,70,70,70,70,70,70,70],"relics":["Ring of the Snake","Golden Idol","Lantern","Orichalcum","The Specimen","Ancient Tea Set","Tingsha","Regal Pillow","Toolbox"],"card_choices":[{"not_picked":["Outmaneuver","Dodge and Roll"],"picked":"Predator"},{"not_picked":["Dagger Spray","Flying Knee"],"picked":"Bouncing Flask"},{"not_picked":["Flechettes","Distraction"],"picked":"Bane"},{"not_picked":["Infinite Blades","Flying Knee"],"picked":"Skewer"},{"not_picked":["Acrobatics","Deadly Poison"],"picked":"Backstab"},{"not_picked":["Deadly Poison","Calculated Gamble"],"picked":"Poisoned Stab"},{"not_picked":["Venomology","Wraith Form"],"picked":"Corpse Explosion"},{"not_picked":["Backflip","Dagger Spray"],"picked":"Bouncing Flask"},{"not_picked":["Riddle With Holes","Quick Slash"],"picked":"Dodge and Roll"},{"not_picked":["Flying Knee","Deadly Poison"],"picked":"Dash"},{"not_picked":["Eviscerate","Sucker Punch"],"picked":"Leg Sweep"},{"not_picked":["Phantasmal Killer","Finisher"],"picked":"Prepared"},{"not_picked":["Backflip","Acrobatics"],"picked":"Skewer"},{"not_picked":["Flechettes","Corpse Explosion"],"picked":"PiercingWail"}],"player_experience":65744,"potions_floor_usage":[12,28,28,33,33,33],"damage_taken":[{"damage":4.0,"enemies":"Jaw Worm","floor":1.0,"turns":5.0},{"damage":5,"enemies":"Cultist","floor":7,"turns":4},{"damage":0,"enemies":"Small Slimes","floor":10,"turns":3},{"damage":7,"enemies":"Exordium Wildlife","floor":12,"turns":3},{"damage":3,"enemies":"3 Sentries","floor":14,"turns":6},{"damage":26,"enemies":"Hexaghost","floor":16,"turns":7},{"damage":12,"enemies":"Spheric Guardian","floor":18,"turns":5},{"damage":9,"enemies":"Chosen","floor":20,"turns":4},{"damage":35,"enemies":"Centurion and Healer","floor":22,"turns":6},{"damage":9,"enemies":"Snecko","floor":27,"turns":4},{"damage":37,"enemies":"Book of Stabbing","floor":28,"turns":6},{"damage":12,"enemies":"3 Cultists","floor":29,"turns":6},{"damage":27,"enemies":"Slavers","floor":31,"turns":9},{"damage":68,"enemies":"Collector","floor":33,"turns":5}],"event_choices":[{"event_name":"Golden Idol","player_choice":"Take Damage","floor":2.0,"damage_taken":0.0},{"event_name":"Shining Light","player_choice":"Entered Light","floor":3.0,"damage_taken":0.0},{"event_name":"The Lab","player_choice":"Got Potions","floor":5.0,"damage_taken":0.0},{"event_name":"Liars Game","player_choice":"disagreed","floor":6.0,"damage_taken":0.0},{"event_name":"The Mausoleum","player_choice":"Yes","floor":19,"damage_taken":0},{"event_name":"Addict","player_choice":"Ignored","floor":24,"damage_taken":0}],"boss_relics":[{"not_picked":["Ectoplasm","Orrery"],"picked":"The Specimen"}],"potions_floor_spawned":[1,12,16,27,29,31],"seed_played":"4459263147745485293","killed_by":"Collector","ascension_level":0,"is_trial":false}