{"gold_per_floor":[118,218,235,235,235,235,246,6,6,22,41,53,28,28,28,126,176,188,188,202,202],"floor_reached":21,"playtime":847,"items_purged":[],"score":171,"play_id":"03cbe9d1-e2ac-4696-8610-5703b5903e5e","local_time":"20190716203637","is_ascension_mode":false,"campfire_choices":[{"data":"Cloak And Dagger","floor":6,"key":"SMITH"},{"floor":15,"key":"REST"}],"neow_cost":"NONE","seed_source_timestamp":166383240958350,"circlet_count":0,"master_deck":["Strike_G","Strike_G","Strike_G","Strike_G","Strike_G","Defend_G+1","Defend_G+1","Defend_G","Defend_G","Defend_G","Survivor","Neutralize","Cloak And Dagger+1","Poisoned Stab","Poisoned Stab","Blade Dance","Phantasmal Killer","Skewer","Blade Dance","Bane","Deadly Poison","Backflip","Flying Knee","Outmaneuver","Cloak And Dagger+1","Storm of Steel","Cloak And Dagger","Deflect+1","Blade Dance","Phantasmal Killer","Quick Slash","Flying Knee"],"relics":["Ring of the Snake","War Paint","Prayer Wheel","Tiny House"],"potions_floor_usage":[16,16,18,18],"damage_taken":[{"damage":0,"enemies":"2 Louse","floor":1,"turns":3},{"damage":0,"enemies":"Cultist","floor":3,"turns":5},{"damage":0,"enemies":"Jaw Worm","floor":7,"turns":3},{"damage":0,"enemies":"Large Slime","floor":10,"turns":5},{"damage":0,"enemies":"Blue Slaver","floor":11,"turns":4},{"damage":23,"enemies":"Lots of Slimes","floor":12,"turns":6},{"damage":24,"enemies":"The Guardian","floor":16,"turns":9},{"damage":29,"enemies":"Spheric Guardian","floor":18,"turns":6},{"damage":14,"enemies":"Chosen","floor":20,"turns":5},{"damage":32,"enemies":"3 Cultists","floor":21,"turns":5}],"seed_played":"9038387214136638971","potions_obtained":[{"floor":3,"key":"PowerPotion"},{"floor":11,"key":"Poison Potion"},{"floor":16,"key":"SpeedPotion"},{"floor":17,"key":"LiquidBronze"}],"is_trial":false,"path_per_floor":["M","?","M","?","?","R","M","$","T","M","M","M","$","?","R","B",null,"M","?","M","M"],"character_chosen":"THE_SILENT","items_purchased":["Blade Dance","Phantasmal Killer","Skewer","Cloak And Dagger"],"campfire_rested":1,"item_purchase_floors":[8,8,8,13],"current_hp_per_floor":[70,70,70,70,70,70,70,70,70,70,70,47,47,47,68,44,75,46,46,32,0],"gold":202,"neow_bonus":"RANDOM_COMMON_RELIC","is_prod":false,"is_daily":false,"chose_seed":false,"campfire_upgraded":1,"win_rate":0.0,"timestamp":1563320197,"path_taken":["M","?","?","?","?","R","M","$","T","M","M","M","?","?","R","BOSS","M","?","M","?"],"build_version":"2019-07-05","purchased_purges":0,"victory":false,"max_hp_per_floor":[70,70,70,70,70,70,70,70,70,70,70,70,70,70,70,70,75,75,75,75,75],"card_choices":[{"not_picked":["Flechettes","Acrobatics"],"picked":"Cloak And Dagger","floor":1},{"not_picked":["Footwork","Flechettes"],"picked":"Poisoned Stab","floor":3},{"not_picked":["Dodge and Roll","Dagger Spray"],"picked":"Poisoned Stab","floor":7},{"not_picked":["Outmaneuver","Deflect"],"picked":"Blade Dance","floor":10},{"not_picked":["Acrobatics","Prepared"],"picked":"Bane","floor":10},{"not_picked":["Unload","Prepared"],"picked":"Deadly Poison","floor":11},{"not_picked":["Bane","Flying Knee"],"picked":"Backflip","floor":11},{"not_picked":["Reflex","Acrobatics"],"picked":"Flying Knee","floor":12},{"not_picked":["PiercingWail","Expertise"],"picked":"Outmaneuver","floor":12},{"not_picked":["Wraith Form v2","Grand Finale"],"picked":"Storm of Steel","floor":16},{"not_picked":["Riddle With Holes","Sucker Punch"],"picked":"Cloak And Dagger","floor":17},{"not_picked":["Expertise","Flying Knee+1"],"picked":"Deflect+1","floor":18},{"not_picked":["Flying Knee","Calculated Gamble"],"picked":"Blade Dance","floor":18},{"not_picked":["Acrobatics","Sucker Punch"],"picked":"Quick Slash","floor":20},{"not_picked":["Acrobatics+1","Prepared+1"],"picked":"Flying Knee","floor":20}],"player_experience":175636,"relics_obtained":[{"floor":9,"key":"Prayer Wheel"}],"event_choices":[{"damage_healed":0,"gold_gain":100,"player_choice":"Pray","damage_taken":0,"max_hp_gain":0,"max_hp_loss":0,"event_name":"Golden Shrine","floor":2,"gold_loss":0},{"damage_healed":0,"gold_gain":0,"player_choice":"Leave","damage_taken":0,"max_hp_gain":0,"max_hp_loss":0,"event_name":"The Cleric","floor":4,"gold_loss":0},{"damage_healed":0,"gold_gain":0,"player_choice":"Ignored","damage_taken":0,"max_hp_gain":0,"max_hp_loss":0,"event_name":"Golden Idol","floor":5,"gold_loss":0},{"damage_healed":0,"gold_gain":0,"player_choice":"Ignored","damage_taken":0,"max_hp_gain":0,"max_hp_loss":0,"event_name":"Golden Wing","floor":14,"gold_loss":0},{"damage_healed":0,"gold_gain":0,"player_choice":"Copied","damage_taken":0,"max_hp_gain":0,"max_hp_loss":0,"event_name":"Duplicator","floor":19,"gold_loss":0,"cards_obtained":["Phantasmal Killer"]}],"is_beta":false,"boss_relics":[{"not_picked":["Cursed Key","Eternal Feather"],"picked":"Tiny House"}],"items_purged_floors":[],"is_endless":false,"potions_floor_spawned":[3,11,16],"killed_by":"3 Cultists","ascension_level":0}