{"gold_per_floor":[116,191,10,24,24,50,50,81,133,180,192,223,68,78,78,177,177,147,147,147,147,147,147],"floor_reached":23,"playtime":1675,"items_purged":["Defend_G","Defend_G"],"score":261,"play_id":"9e231504-1421-487f-810e-b164a93286f9","local_time":"20190627235130","is_ascension_mode":false,"campfire_choices":[{"floor":7,"key":"REST"},{"floor":11,"key":"REST"},{"data":"Strike_G","floor":15,"key":"SMITH"}],"neow_cost":"NONE","seed_source_timestamp":622978024938193,"circlet_count":0,"master_deck":["Defend_G","Defend_G","Defend_G","Strike_G","Strike_G","Strike_G","Strike_G+1","Survivor","Neutralize","Leg Sweep","Flying Knee","Swift Strike","Masterful Stab","Sucker Punch","Flying Knee","Sucker Punch","Masterful Stab","Skewer","Skewer","Glass Knife","Slice+1","Decay","Deflect","Calculated Gamble+1","Slice"],"relics":["Ring of the Snake","Regal Pillow","Ancient Tea Set","MawBank","Mercury Hourglass","Ectoplasm"],"potions_floor_usage":[6,22,22,22],"damage_taken":[{"damage":7,"enemies":"2 Louse","floor":1,"turns":3},{"damage":1,"enemies":"Small Slimes","floor":4,"turns":3},{"damage":3,"enemies":"Gremlin Nob","floor":6,"turns":4},{"damage":15,"enemies":"3 Sentries","floor":8,"turns":11},{"damage":26,"enemies":"Gremlin Nob","floor":10,"turns":5},{"damage":1,"enemies":"Cultist","floor":12,"turns":3},{"damage":0,"enemies":"2 Fungi Beasts","floor":14,"turns":2},{"damage":0,"enemies":"Slime Boss","floor":16,"turns":6},{"damage":7,"enemies":"2 Thieves","floor":18,"turns":3},{"damage":0,"enemies":"Chosen","floor":20,"turns":3},{"damage":21,"enemies":"Snake Plant","floor":21,"turns":5},{"damage":0,"enemies":"3 Cultists","floor":22,"turns":4},{"damage":49,"enemies":"Gremlin Leader","floor":23,"turns":4}],"seed_played":"-6991843465190832286","potions_obtained":[{"floor":4,"key":"Fire Potion"},{"floor":6,"key":"GamblersBrew"},{"floor":10,"key":"SteroidPotion"},{"floor":12,"key":"FearPotion"},{"floor":20,"key":"EssenceOfSteel"}],"is_trial":false,"path_per_floor":["M","?","$","M","?","E","R","E","T","E","R","M","$","M","R","B",null,"M","?","M","M","M","E"],"character_chosen":"THE_SILENT","items_purchased":["Flying Knee","Swift Strike","Skewer"],"campfire_rested":2,"item_purchase_floors":[3,3,13],"current_hp_per_floor":[70,59,59,58,51,48,77,62,62,36,74,73,73,73,73,73,77,70,70,70,49,49,0],"gold":147,"neow_bonus":"TEN_PERCENT_HP_BONUS","is_prod":false,"is_daily":false,"chose_seed":false,"campfire_upgraded":1,"win_rate":0.0,"timestamp":1561690290,"path_taken":["M","?","$","M","?","E","R","E","T","E","R","M","$","M","R","BOSS","M","?","M","M","M","E"],"build_version":"2019-01-23","purchased_purges":2,"victory":false,"max_hp_per_floor":[77,77,77,77,77,77,77,77,77,77,77,77,77,77,77,77,77,77,77,77,77,77,77],"card_choices":[{"not_picked":["Backflip","Underhanded Strike"],"picked":"Leg Sweep","floor":1},{"not_picked":["Quick Slash","Caltrops"],"picked":"Masterful Stab","floor":4},{"not_picked":["Escape Plan","Eviscerate"],"picked":"Sucker Punch","floor":6},{"not_picked":["Backflip","Finisher"],"picked":"Flying Knee","floor":8},{"not_picked":["Calculated Gamble","Acrobatics"],"picked":"Sucker Punch","floor":10},{"not_picked":["Sucker Punch","Deadly Poison"],"picked":"Masterful Stab","floor":12},{"not_picked":["Footwork","Eviscerate"],"picked":"Skewer","floor":14},{"not_picked":["Phantasmal Killer","Tools of the Trade"],"picked":"Glass Knife","floor":16},{"not_picked":["Reflex","Prepared+1"],"picked":"Slice+1","floor":18},{"not_picked":["Reflex","Predator"],"picked":"Deflect","floor":20},{"not_picked":["Dagger Throw","Endless Agony"],"picked":"Calculated Gamble+1","floor":21},{"not_picked":["Tactician+1","Sucker Punch+1"],"picked":"Slice","floor":22}],"player_experience":24256,"relics_obtained":[{"floor":6,"key":"Regal Pillow"},{"floor":8,"key":"Ancient Tea Set"},{"floor":9,"key":"MawBank"},{"floor":10,"key":"Mercury Hourglass"}],"event_choices":[{"damage_healed":0,"gold_gain":75,"player_choice":"Gather Gold","damage_taken":11,"max_hp_gain":0,"max_hp_loss":0,"event_name":"World of Goop","floor":2,"gold_loss":0},{"cards_removed":["Strike_G"],"damage_healed":0,"gold_gain":0,"player_choice":"Card Removal","damage_taken":7,"max_hp_gain":0,"max_hp_loss":0,"event_name":"Golden Wing","floor":5,"gold_loss":0},{"damage_healed":0,"gold_gain":0,"player_choice":"Cursed","damage_taken":0,"max_hp_gain":0,"max_hp_loss":0,"event_name":"Wheel of Change","floor":19,"gold_loss":0,"cards_obtained":["Decay"]}],"is_beta":false,"boss_relics":[{"not_picked":["Empty Cage","Eternal Feather"],"picked":"Ectoplasm"}],"items_purged_floors":[3,13],"is_endless":false,"potions_floor_spawned":[4,6,10,12,20],"killed_by":"Gremlin Leader","ascension_level":0}