{"gold_per_floor":[117,40,40,117,131,131,131,146,146,169,169,25,44,44,44,168,168,186,16,32,51,67,108,108,126,126,126,126,126,49,49],"floor_reached":31,"playtime":1633,"items_purged":[],"score":245,"play_id":"861a3c15-81be-40c1-b9a5-5b9057b0989d","local_time":"20190726132715","is_ascension_mode":false,"campfire_choices":[{"data":"Doom and Gloom","floor":6,"key":"SMITH"},{"floor":11,"key":"REST"},{"data":"Zap","floor":15,"key":"SMITH"}],"neow_cost":"NONE","seed_source_timestamp":99079664038573,"circlet_count":0,"master_deck":["Strike_B","Strike_B","Strike_B","Strike_B","Defend_B","Defend_B","Defend_B","Defend_B","Zap+1","Dualcast","Streamline","Streamline","Rebound","Doom and Gloom+1","Genetic Algorithm","Sunder","Aggregate","All For One","Steam","Melter","Turbo","Self Repair","Melter","Gash+1","Rebound","Stack","J.A.X.","Gash","Sunder"],"relics":["Cracked Core","Golden Idol","Mercury Hourglass","Bronze Scales","Nuclear Battery","Art of War","Kunai"],"potions_floor_usage":[16,16,23,23,23],"damage_taken":[{"damage":2,"enemies":"2 Louse","floor":1,"turns":2},{"damage":2,"enemies":"Small Slimes","floor":5,"turns":3},{"damage":6,"enemies":"Jaw Worm","floor":8,"turns":2},{"damage":10,"enemies":"Looter","floor":10,"turns":2},{"damage":2,"enemies":"Blue Slaver","floor":13,"turns":3},{"damage":54,"enemies":"Hexaghost","floor":16,"turns":8},{"damage":27,"enemies":"Shell Parasite","floor":18,"turns":4},{"damage":0,"enemies":"Chosen","floor":20,"turns":3},{"damage":15,"enemies":"Snecko","floor":21,"turns":4},{"damage":1,"enemies":"Cultist and Chosen","floor":22,"turns":4},{"damage":34,"enemies":"Gremlin Leader","floor":23,"turns":7},{"damage":17,"enemies":"Centurion and Healer","floor":25,"turns":4},{"damage":15,"enemies":"Colosseum Slavers","floor":28,"turns":4},{"damage":14,"enemies":"Snecko","floor":31,"turns":3}],"seed_played":"-8339624205434681681","potions_obtained":[{"floor":8,"key":"Block Potion"},{"floor":10,"key":"Dexterity Potion"},{"floor":18,"key":"Block Potion"},{"floor":20,"key":"Block Potion"},{"floor":22,"key":"Swift Potion"}],"is_trial":false,"path_per_floor":["M","$","?","?","M","R","?","M","T","M","R","$","M","?","R","B",null,"M","$","M","M","M","E","?","M","T","?","?","?","$","M"],"character_chosen":"DEFECT","items_purchased":["Streamline","Rebound","Bronze Scales","Melter","Turbo","Self Repair","Sunder"],"campfire_rested":1,"item_purchase_floors":[2,2,12,19,19,19,30],"current_hp_per_floor":[80,80,80,80,78,78,78,72,72,62,82,82,80,85,85,31,87,60,60,60,52,58,31,31,21,21,21,13,13,13,0],"gold":49,"neow_bonus":"TEN_PERCENT_HP_BONUS","is_prod":false,"is_daily":false,"chose_seed":false,"campfire_upgraded":2,"win_rate":0.0,"timestamp":1564158435,"path_taken":["M","$","?","?","M","R","?","M","T","M","R","$","M","?","R","BOSS","M","$","M","M","M","E","?","M","T","?","?","?","$","M"],"build_version":"2019-07-17","purchased_purges":0,"victory":false,"max_hp_per_floor":[82,82,82,82,82,82,82,82,82,82,82,82,82,87,87,87,87,87,87,87,87,87,87,87,87,87,87,87,87,87,87],"card_choices":[{"not_picked":["Beam Cell","Stack"],"picked":"Streamline","floor":1},{"not_picked":["Sweeping Beam","Streamline"],"picked":"Doom and Gloom","floor":5},{"not_picked":["Sweeping Beam","Blizzard"],"picked":"Genetic Algorithm","floor":8},{"not_picked":["Core Surge","Beam Cell"],"picked":"Sunder","floor":10},{"not_picked":["Beam Cell","Coolheaded"],"picked":"Aggregate","floor":13},{"not_picked":["Biased Cognition","Reboot"],"picked":"All For One","floor":16},{"not_picked":["Blizzard","Compile Driver"],"picked":"Steam","floor":18},{"not_picked":["Rebound","Go for the Eyes"],"picked":"Melter","floor":20},{"not_picked":["Melter","Hologram"],"picked":"Gash+1","floor":21},{"not_picked":["Go for the Eyes","Beam Cell+1"],"picked":"Rebound","floor":22},{"not_picked":["Coolheaded","Conserve Battery"],"picked":"Stack","floor":23},{"not_picked":["Darkness","Stack"],"picked":"Gash","floor":25}],"player_experience":230180,"relics_obtained":[{"floor":9,"key":"Mercury Hourglass"},{"floor":23,"key":"Art of War"},{"floor":26,"key":"Kunai"}],"event_choices":[{"damage_healed":0,"gold_gain":0,"player_choice":"Leave","damage_taken":0,"max_hp_gain":0,"max_hp_loss":0,"event_name":"The Cleric","floor":3,"gold_loss":0},{"damage_healed":0,"gold_gain":77,"player_choice":"Gained Gold","damage_taken":0,"max_hp_gain":0,"max_hp_loss":0,"event_name":"Golden Wing","floor":4,"gold_loss":0},{"damage_healed":0,"gold_gain":0,"player_choice":"Take Wound","damage_taken":0,"relics_obtained":["Golden Idol"],"max_hp_gain":0,"max_hp_loss":0,"event_name":"Golden Idol","floor":7,"gold_loss":0,"cards_obtained":["Injury"]},{"damage_healed":0,"gold_gain":0,"player_choice":"Donut","damage_taken":0,"max_hp_gain":5,"max_hp_loss":0,"event_name":"Big Fish","floor":14,"gold_loss":0},{"damage_healed":0,"gold_gain":0,"player_choice":"Obtain J.A.X.","damage_taken":0,"max_hp_gain":0,"max_hp_loss":0,"event_name":"Drug Dealer","floor":24,"gold_loss":0,"cards_obtained":["J.A.X."]},{"damage_healed":0,"gold_gain":0,"player_choice":"Ignored","damage_taken":0,"max_hp_gain":0,"max_hp_loss":0,"event_name":"Ghosts","floor":27,"gold_loss":0},{"damage_healed":0,"gold_gain":0,"player_choice":"Fight","damage_taken":0,"max_hp_gain":0,"max_hp_loss":0,"event_name":"Colosseum","floor":28,"gold_loss":0},{"damage_healed":0,"gold_gain":0,"player_choice":"Fled From Nobs","damage_taken":0,"max_hp_gain":0,"max_hp_loss":0,"event_name":"Colosseum","floor":28,"gold_loss":0},{"cards_removed":["Injury"],"damage_healed":0,"gold_gain":0,"player_choice":"Removed Curses","damage_taken":0,"max_hp_gain":0,"max_hp_loss":0,"event_name":"Fountain of Cleansing","floor":29,"gold_loss":0}],"is_beta":false,"boss_relics":[{"not_picked":["Runic Pyramid","Fusion Hammer"],"picked":"Nuclear Battery"}],"items_purged_floors":[],"is_endless":false,"potions_floor_spawned":[8,10,18,20,22],"killed_by":"Snecko","ascension_level":0}