{"gold_per_floor":[210,228,36,53,0,26,26,40,40,315,315,28,28,63,63,141,141,155,155,169,169],"floor_reached":21,"playtime":1508,"items_purged":["Strike_G","Regret"],"score":365,"play_id":"4ae52dd7-9e06-4063-8107-4dc5aa63bbfa","local_time":"20190702145841","is_ascension_mode":true,"campfire_choices":[{"floor":7,"key":"REST"},{"data":"Neutralize","floor":11,"key":"SMITH"},{"data":"Envenom","floor":13,"key":"SMITH"},{"floor":15,"key":"REST"}],"neow_cost":"NONE","seed_source_timestamp":20438393670052,"circlet_count":0,"master_deck":["AscendersBane","Defend_G","Defend_G","Defend_G","Defend_G","Defend_G","Strike_G","Strike_G","Strike_G","Strike_G","Survivor","Neutralize+1","Backstab","Terror","Deadly Poison","Well Laid Plans","Quick Slash","Deadly Poison","Bane","Envenom+1","Dodge and Roll","Caltrops","After Image","PiercingWail","Backstab+1"],"special_seed":0,"relics":["Ring of the Snake","Torii","Mercury Hourglass","Molten Egg 2","Velvet Choker"],"potions_floor_usage":[14,21],"damage_taken":[{"damage":2.0,"enemies":"Cultist","floor":1.0,"turns":5.0},{"damage":0.0,"enemies":"2 Louse","floor":2.0,"turns":3.0},{"damage":9,"enemies":"Small Slimes","floor":4,"turns":3},{"damage":32,"enemies":"3 Sentries","floor":6,"turns":12},{"damage":0,"enemies":"3 Louse","floor":8,"turns":2},{"damage":10,"enemies":"Lagavulin","floor":14,"turns":6},{"damage":5,"enemies":"Hexaghost","floor":16,"turns":7},{"damage":17,"enemies":"Shell Parasite","floor":18,"turns":5},{"damage":12,"enemies":"3 Byrds","floor":20,"turns":5},{"damage":19,"enemies":"Masked Bandits","floor":21,"turns":2}],"seed_played":"-6468422471090807738","potions_obtained":[{"floor":1.0,"key":"SkillPotion"},{"floor":8,"key":"SpeedPotion"},{"floor":16,"key":"PowerPotion"}],"is_trial":false,"path_per_floor":["M","M","$","M","$","E","R","M","T","?","R","$","R","E","R","B",null,"M","?","M","?"],"character_chosen":"THE_SILENT","items_purchased":["Deadly Poison","Well Laid Plans","Deadly Poison","Envenom","Dodge and Roll"],"campfire_rested":2,"item_purchase_floors":[3,3,5,12,12],"current_hp_per_floor":[57,57,57,48,48,16,35,35,35,35,35,35,35,25,44,39,59,42,24,12,0],"gold":169,"neow_bonus":"HUNDRED_GOLD","is_prod":false,"is_daily":false,"chose_seed":false,"campfire_upgraded":2,"win_rate":0,"timestamp":1562093921,"path_taken":["M","M","$","M","?","E","R","M","T","?","R","$","R","E","R","BOSS","M","?","M","?"],"build_version":"2019-01-23","purchased_purges":2,"victory":false,"max_hp_per_floor":[66,66,66,66,66,66,66,66,66,66,66,66,66,66,66,66,66,66,71,71,71],"card_choices":[{"not_picked":["Distraction","Poisoned Stab"],"picked":"Backstab","floor":1.0},{"not_picked":["Dodge and Roll","Deflect"],"picked":"Terror","floor":2.0},{"not_picked":["Dagger Throw","Backflip"],"picked":"Quick Slash","floor":4},{"not_picked":["Finisher","Prepared"],"picked":"Bane","floor":6},{"not_picked":["Outmaneuver","Endless Agony","Terror"],"picked":"SKIP","floor":8},{"not_picked":["Doppelganger","Well Laid Plans"],"picked":"Caltrops","floor":14},{"not_picked":["Night Terror","Malaise"],"picked":"After Image","floor":16},{"not_picked":["Prepared","Quick Slash+1"],"picked":"PiercingWail","floor":18},{"not_picked":["Dodge and Roll","Blade Dance"],"picked":"Backstab+1","floor":20}],"player_experience":2659921,"relics_obtained":[{"floor":6,"key":"Torii"},{"floor":9,"key":"Mercury Hourglass"},{"floor":14,"key":"Molten Egg 2"}],"event_choices":[{"damage_healed":0,"gold_gain":275,"player_choice":"Desecrate","damage_taken":0,"max_hp_gain":0,"max_hp_loss":0,"event_name":"Golden Shrine","floor":10,"gold_loss":0,"cards_obtained":["Regret"]},{"damage_healed":0,"gold_gain":0,"player_choice":"Shed Blood","damage_taken":23,"max_hp_gain":5,"max_hp_loss":0,"event_name":"Forgotten Altar","floor":19,"gold_loss":0},{"damage_healed":0,"gold_gain":0,"player_choice":"Fought Bandits","damage_taken":0,"max_hp_gain":0,"max_hp_loss":0,"event_name":"Masked Bandits","floor":21,"gold_loss":0}],"is_beta":false,"boss_relics":[{"not_picked":["Eternal Feather","Snecko Eye"],"picked":"Velvet Choker"}],"items_purged_floors":[3,12],"is_endless":false,"potions_floor_spawned":[1,8,16],"killed_by":"Masked Bandits","ascension_level":19}