{"gold_per_floor":[114,114,114,124,89,118,118,118,118,118,138,13,13,13,13,116,116,135,150,165,185,64,64,64,64,64,64,76,92,122,4,4,4],"floor_reached":33,"playtime":1069,"items_purged":["Defend_R","Evolve"],"score":302,"play_id":"989090cb-076f-47cd-9532-b3c0c31afce9","local_time":"20190719174248","is_ascension_mode":true,"campfire_choices":[{"data":"Cleave","floor":8,"key":"SMITH"},{"data":"Anger","floor":10,"key":"SMITH"},{"data":"Power Through","floor":13,"key":"SMITH"},{"data":"Twin Strike","floor":15,"key":"SMITH"},{"floor":23,"key":"REST"},{"floor":25,"key":"REST"},{"floor":32,"key":"REST"}],"neow_cost":"NONE","seed_source_timestamp":268025981311925,"circlet_count":0,"master_deck":["Strike_R","Strike_R","Strike_R","Strike_R","Strike_R","Defend_R","Defend_R+1","Defend_R+1","Bash","Evolve+1","Anger+1","Cleave+1","Twin Strike+1","Power Through+1","Bludgeon","Cleave","Pommel Strike+1","Flame Barrier","Carnage","Carnage","Blood for Blood","Limit Break","Perfected Strike","Twin Strike"],"relics":["Burning Blood","NeowsBlessing","Omamori","The Courier","Mark of Pain","Singing Bowl","Bag of Preparation"],"potions_floor_usage":[16,16,16,18,21,30],"damage_taken":[{"damage":0,"enemies":"2 Louse","floor":1,"turns":1},{"damage":0,"enemies":"Jaw Worm","floor":4,"turns":1},{"damage":0,"enemies":"Gremlin Nob","floor":6,"turns":1},{"damage":0,"enemies":"Small Slimes","floor":11,"turns":3},{"damage":19,"enemies":"The Guardian","floor":16,"turns":11},{"damage":22,"enemies":"Shell Parasite","floor":18,"turns":5},{"damage":2,"enemies":"Chosen","floor":19,"turns":4},{"damage":44,"enemies":"Shelled Parasite and Fungi","floor":20,"turns":5},{"damage":15,"enemies":"Snecko","floor":21,"turns":5},{"damage":0,"enemies":"Snake Plant","floor":28,"turns":4},{"damage":21,"enemies":"Chosen and Byrds","floor":29,"turns":5},{"damage":65,"enemies":"Gremlin Leader","floor":30,"turns":6},{"damage":81,"enemies":"Automaton","floor":33,"turns":6}],"seed_played":"4333478492738407206","potions_obtained":[{"floor":4,"key":"Block Potion"},{"floor":11,"key":"Explosive Potion"},{"floor":14,"key":"Explosive Potion"},{"floor":16,"key":"PowerPotion"},{"floor":20,"key":"BloodPotion"},{"floor":21,"key":"Fire Potion"},{"floor":28,"key":"SpeedPotion"}],"is_trial":false,"path_per_floor":["M","?","?","M","?","E","?","R","T","R","M","$","R","?","R","B",null,"M","M","M","M","$","R","?","R","T","?","M","M","E","$","R","B"],"character_chosen":"IRONCLAD","items_purchased":["Power Through","Carnage","Evolve","Twin Strike"],"campfire_rested":3,"item_purchase_floors":[12,22,22,31],"current_hp_per_floor":[80,80,64,70,80,80,85,85,85,85,85,85,85,85,85,72,85,69,73,35,47,47,72,72,85,85,85,85,70,11,11,36,0],"gold":4,"neow_bonus":"THREE_ENEMY_KILL","is_prod":false,"is_daily":false,"chose_seed":false,"campfire_upgraded":4,"win_rate":0,"timestamp":1563568968,"path_taken":["M","?","?","M","?","E","?","R","T","R","M","$","R","?","R","BOSS","M","M","?","M","$","R","?","R","T","?","M","M","E","?","R","BOSS"],"build_version":"2019-07-17","purchased_purges":2,"victory":false,"max_hp_per_floor":[80,80,80,80,80,80,85,85,85,85,85,85,85,85,85,85,85,85,85,85,85,85,85,85,85,85,85,85,85,85,85,85,85],"card_choices":[{"not_picked":["Wild Strike","Iron Wave"],"picked":"Evolve","floor":1},{"not_picked":["Havoc","Body Slam"],"picked":"Anger","floor":4},{"not_picked":["Warcry","Entrench"],"picked":"Cleave","floor":6},{"not_picked":["Rupture","Intimidate"],"picked":"Twin Strike","floor":11},{"not_picked":["Barricade","Juggernaut"],"picked":"Bludgeon","floor":16},{"not_picked":["Clothesline","Intimidate"],"picked":"Cleave","floor":18},{"not_picked":["Battle Trance","Clash+1"],"picked":"Pommel Strike+1","floor":19},{"not_picked":["Inflame","Clash+1"],"picked":"Flame Barrier","floor":20},{"not_picked":["Flame Barrier","Hemokinesis"],"picked":"Carnage","floor":21},{"not_picked":["Sword Boomerang","Warcry"],"picked":"Blood for Blood","floor":28},{"not_picked":["True Grit+1","Pommel Strike+1"],"picked":"Limit Break","floor":29},{"not_picked":["Combust","Dropkick+1"],"picked":"Perfected Strike","floor":30}],"player_experience":208304,"relics_obtained":[{"floor":6,"key":"Omamori"},{"floor":9,"key":"The Courier"},{"floor":26,"key":"Singing Bowl"},{"floor":30,"key":"Bag of Preparation"}],"event_choices":[{"damage_healed":0,"gold_gain":0,"player_choice":"Grow","damage_taken":0,"max_hp_gain":0,"max_hp_loss":0,"event_name":"Living Wall","floor":2,"gold_loss":0,"cards_upgraded":["Evolve"]},{"damage_healed":0,"gold_gain":0,"player_choice":"Entered Light","damage_taken":16,"max_hp_gain":0,"max_hp_loss":0,"event_name":"Shining Light","floor":3,"gold_loss":0,"cards_upgraded":["Defend_R","Defend_R"]},{"damage_healed":20,"gold_gain":0,"player_choice":"Healed","damage_taken":0,"max_hp_gain":0,"max_hp_loss":0,"event_name":"The Cleric","floor":5,"gold_loss":35},{"damage_healed":0,"gold_gain":0,"player_choice":"Donut","damage_taken":0,"max_hp_gain":5,"max_hp_loss":0,"event_name":"Big Fish","floor":7,"gold_loss":0},{"damage_healed":0,"gold_gain":0,"player_choice":"Got Potions","damage_taken":0,"max_hp_gain":0,"max_hp_loss":0,"event_name":"Lab","floor":14,"gold_loss":0},{"damage_healed":0,"gold_gain":0,"player_choice":"Ignored","damage_taken":0,"max_hp_gain":0,"max_hp_loss":0,"event_name":"Ghosts","floor":24,"gold_loss":0},{"damage_healed":0,"gold_gain":0,"player_choice":"Ignored","damage_taken":0,"max_hp_gain":0,"max_hp_loss":0,"event_name":"Vampires","floor":27,"gold_loss":0}],"is_beta":false,"boss_relics":[{"not_picked":["White Beast Statue","Orrery"],"picked":"Mark of Pain"}],"items_purged_floors":[12,31],"is_endless":false,"potions_floor_spawned":[4,11,16,20,21,28],"killed_by":"Automaton","ascension_level":1}