{"gold_per_floor":[116,41,41,54,67,92,92,109,109,125,144,144,155,186,186,263,263,281,291,305,11,24,24,36,61,85,85,85,185,185,196,196,196],"floor_reached":33,"playtime":3218,"items_purged":["Strike_G"],"score":562,"play_id":"a692e342-ed44-421a-874c-aaad29abacc1","local_time":"20191002105524","is_ascension_mode":true,"campfire_choices":[{"floor":7.0,"key":"REST"},{"floor":12.0,"key":"REST"},{"data":"Corpse Explosion","floor":15.0,"key":"SMITH"},{"floor":23.0,"key":"REST"},{"floor":27.0,"key":"REST"},{"data":"Noxious Fumes","floor":28.0,"key":"SMITH"},{"floor":30.0,"key":"REST"},{"data":"Bullet Time","floor":32.0,"key":"SMITH"}],"neow_cost":"NONE","seed_source_timestamp":1591554476058260,"circlet_count":0,"master_deck":["AscendersBane","Defend_G","Defend_G","Defend_G","Defend_G","Strike_G","Strike_G","Strike_G","Strike_G","Survivor","Neutralize","Crippling Poison","Leg Sweep","Quick Slash","PiercingWail","Poisoned Stab","Terror","Poisoned Stab","Footwork","Corpse Explosion+1","Dagger Spray","Bullet Time+1","Skewer+1","Dodge and Roll","Backflip","Noxious Fumes+1","PiercingWail","PiercingWail","Sucker Punch+1"],"special_seed":0,"relics":["Ring of the Snake","Regal Pillow","Vajra","Letter Opener","Bottled Lightning","White Beast Statue","Chemical X","WingedGreaves","Blood Vial","The Specimen","Molten Egg 2"],"potions_floor_usage":[33,33],"damage_taken":[{"damage":1.0,"enemies":"Small Slimes","floor":1.0,"turns":4.0},{"damage":2.0,"enemies":"Cultist","floor":4.0,"turns":5.0},{"damage":0.0,"enemies":"Jaw Worm","floor":5.0,"turns":5.0},{"damage":50.0,"enemies":"3 Sentries","floor":6.0,"turns":15.0},{"damage":3.0,"enemies":"Exordium Thugs","floor":8.0,"turns":6.0},{"damage":9.0,"enemies":"Large Slime","floor":10.0,"turns":7.0},{"damage":12.0,"enemies":"Gremlin Gang","floor":11.0,"turns":4.0},{"damage":2.0,"enemies":"Blue Slaver","floor":13.0,"turns":4.0},{"damage":8.0,"enemies":"Gremlin Nob","floor":14.0,"turns":3.0},{"damage":19.0,"enemies":"The Guardian","floor":16.0,"turns":11.0},{"damage":22.0,"enemies":"Chosen","floor":18.0,"turns":5.0},{"damage":0.0,"enemies":"3 Byrds","floor":19.0,"turns":3.0},{"damage":0.0,"enemies":"3 Cultists","floor":20.0,"turns":2.0},{"damage":17.0,"enemies":"Sentry and Sphere","floor":22.0,"turns":5.0},{"damage":15.0,"enemies":"Snake Plant","floor":24.0,"turns":4.0},{"damage":29.0,"enemies":"Book of Stabbing","floor":25.0,"turns":7.0},{"damage":10.0,"enemies":"Colosseum Slavers","floor":29.0,"turns":2.0},{"damage":5.0,"enemies":"Colosseum Nobs","floor":29.0,"turns":2.0},{"damage":1.0,"enemies":"Centurion and Healer","floor":31.0,"turns":3.0},{"damage":79,"enemies":"Collector","floor":33,"turns":8}],"seed_played":"-5310724723441312773","potions_obtained":[{"floor":5.0,"key":"Energy Potion"},{"floor":6.0,"key":"Block Potion"},{"floor":8.0,"key":"Weak Potion"},{"floor":13.0,"key":"Fire Potion"},{"floor":16.0,"key":"GhostInAJar"},{"floor":18.0,"key":"AttackPotion"},{"floor":20.0,"key":"Swift Potion"},{"floor":22.0,"key":"Block Potion"},{"floor":25.0,"key":"SpeedPotion"},{"floor":29.0,"key":"Ancient Potion"},{"floor":31.0,"key":"Ancient Potion"}],"is_trial":false,"path_per_floor":["M","$","?","M","M","E","R","M","T","M","M","R","M","E","R","B",null,"M","M","M","$","M","R","M","E","T","R","R","?","R","M","R","B"],"character_chosen":"THE_SILENT","items_purchased":["Leg Sweep","Chemical X"],"campfire_rested":5,"item_purchase_floors":[2,21],"current_hp_per_floor":[58,58,58,56,56,6,40,37,37,28,16,50,48,40,40,21,55,33,33,33,33,16,50,35,6,6,40,40,29,63,64,64,0],"gold":196,"neow_bonus":"RANDOM_COMMON_RELIC","is_prod":false,"is_daily":false,"chose_seed":false,"campfire_upgraded":3,"win_rate":0,"timestamp":1570028124,"path_taken":["M","$","?","M","M","E","R","M","T","M","M","R","?","E","R","BOSS","M","M","?","$","M","R","M","E","T","R","R","?","R","M","R","BOSS"],"build_version":"2019-01-23","purchased_purges":1,"victory":false,"max_hp_per_floor":[66,66,66,66,66,66,66,66,66,66,66,66,66,66,66,66,66,66,66,66,66,66,66,66,66,66,66,66,66,66,66,66,66],"card_choices":[{"not_picked":["Deflect","Dagger Spray"],"picked":"Crippling Poison","floor":1.0},{"not_picked":["Blade Dance","Dagger Throw"],"picked":"Quick Slash","floor":4.0},{"not_picked":["Prepared","All Out Attack"],"picked":"PiercingWail","floor":5.0},{"not_picked":["Expertise","Outmaneuver"],"picked":"Poisoned Stab","floor":6.0},{"not_picked":["Calculated Gamble","Slice"],"picked":"Terror","floor":8.0},{"not_picked":["Deflect","Outmaneuver"],"picked":"Poisoned Stab","floor":10.0},{"not_picked":["Dagger Spray","Blade Dance"],"picked":"Footwork","floor":11.0},{"not_picked":["Predator","Dash"],"picked":"Corpse Explosion","floor":13.0},{"not_picked":["Acrobatics","Finisher"],"picked":"Dagger Spray","floor":14.0},{"not_picked":["Night Terror","Wraith Form v2"],"picked":"Bullet Time","floor":16.0},{"not_picked":["Footwork","Blade Dance+1"],"picked":"Skewer+1","floor":18.0},{"not_picked":["Slice","Dagger Spray"],"picked":"Dodge and Roll","floor":19.0},{"not_picked":["Cloak And Dagger","Eviscerate"],"picked":"Backflip","floor":20.0},{"not_picked":["Underhanded Strike","Terror"],"picked":"Noxious Fumes","floor":22.0},{"not_picked":["Quick Slash","Poisoned Stab","Flying Knee"],"picked":"SKIP","floor":24.0},{"not_picked":["Prepared","Cloak And Dagger"],"picked":"PiercingWail","floor":25.0},{"not_picked":["Dagger Spray","Calculated Gamble"],"picked":"PiercingWail","floor":29.0},{"not_picked":["Corpse Explosion","Outmaneuver"],"picked":"Sucker Punch+1","floor":31.0}],"player_experience":3004716,"relics_obtained":[{"floor":6.0,"key":"Vajra"},{"floor":9.0,"key":"Letter Opener"},{"floor":14.0,"key":"Bottled Lightning"},{"floor":25.0,"key":"WingedGreaves"},{"floor":26.0,"key":"Blood Vial"},{"floor":29.0,"key":"The Specimen"},{"floor":29.0,"key":"Molten Egg 2"}],"event_choices":[{"cards_removed":["Defend_G"],"damage_healed":0.0,"max_hp_gain":0.0,"max_hp_loss":0.0,"gold_gain":0.0,"event_name":"Purifier","player_choice":"Purged","floor":3.0,"gold_loss":0.0,"damage_taken":0.0},{"damage_healed":0.0,"max_hp_gain":0.0,"max_hp_loss":0.0,"gold_gain":0.0,"event_name":"Colosseum","player_choice":"Fight","floor":29.0,"gold_loss":0.0,"damage_taken":0.0},{"damage_healed":0.0,"max_hp_gain":0.0,"max_hp_loss":0.0,"gold_gain":0.0,"event_name":"Colosseum","player_choice":"Fought Nobs","floor":29.0,"gold_loss":0.0,"damage_taken":0.0}],"is_beta":false,"boss_relics":[{"not_picked":["Snecko Eye","Astrolabe"],"picked":"White Beast Statue"}],"items_purged_floors":[21],"is_endless":false,"potions_floor_spawned":[5,6,8,13,16,18,19,20,22,24,25,29,29,31],"killed_by":"Collector","ascension_level":20}