{"gold_per_floor":[119,119,69,86,101,126,126,139,213,225,225,244,244,244,244,345,345,356,356],"floor_reached":19,"playtime":939,"items_purged":[],"score":228,"play_id":"1739f14b-17ee-421e-993e-9e453058b72d","local_time":"20180903221605","is_ascension_mode":true,"campfire_choices":[{"floor":7,"key":"REST"},{"floor":15,"key":"REST"}],"neow_cost":"NONE","seed_source_timestamp":416203333822788,"circlet_count":0,"master_deck":["Defend_G","Defend_G","Defend_G","Defend_G","Defend_G","Strike_G","Strike_G","Strike_G","Strike_G","Survivor","Neutralize","Glass Knife","Terror","Deadly Poison","Deflect","Skewer","Concentrate","Bane","Bouncing Flask","PiercingWail","Parasite","Slice","Backflip","Cloak And Dagger","Envenom","Sucker Punch","Dash","Bane","Bane","Dagger Throw","Bouncing Flask+1","Poisoned Stab"],"relics":["Ring of the Snake","Prayer Wheel","Paper Crane","Potion Belt","Orrery"],"potions_floor_usage":[16],"damage_taken":[{"damage":0,"enemies":"Small Slimes","floor":1,"turns":3},{"damage":0,"enemies":"Cultist","floor":4,"turns":2},{"damage":3,"enemies":"Jaw Worm","floor":5,"turns":3},{"damage":39,"enemies":"Lagavulin","floor":6,"turns":7},{"damage":0,"enemies":"Blue Slaver","floor":8,"turns":3},{"damage":7,"enemies":"Looter","floor":10,"turns":2},{"damage":7,"enemies":"3 Louse","floor":12,"turns":4},{"damage":57,"enemies":"Slime Boss","floor":16,"turns":9},{"damage":19,"enemies":"Shell Parasite","floor":18,"turns":3},{"damage":36,"enemies":"Colosseum Slavers","floor":19,"turns":3}],"seed_played":"7018774770278986994","potions_obtained":[{"floor":2,"key":"Regen Potion"},{"floor":2,"key":"Energy Potion"},{"floor":2,"key":"Strength Potion"}],"is_trial":false,"path_per_floor":["M","?","?","M","M","E","R","M","T","M","?","M","?","?","R","B",null,"M"],"character_chosen":"THE_SILENT","items_purchased":[],"campfire_rested":2,"item_purchase_floors":[],"current_hp_per_floor":[63,63,63,63,60,21,42,42,42,35,52,45,27,27,48,6,54,35,0],"gold":356,"neow_bonus":"ONE_RANDOM_RARE_CARD","is_prod":false,"is_daily":false,"chose_seed":false,"campfire_upgraded":0,"win_rate":0,"timestamp":1536027365,"path_taken":["M","?","?","M","M","E","R","M","T","M","?","?","?","?","R","BOSS","M","?"],"build_version":"2018-08-23v2","purchased_purges":0,"victory":false,"max_hp_per_floor":[70,70,70,70,70,70,70,70,70,70,70,70,70,70,70,70,70,70,70],"card_choices":[{"not_picked":["Dodge and Roll","Quick Slash"],"picked":"Terror","floor":1},{"not_picked":["Acrobatics","Blade Dance"],"picked":"Deadly Poison","floor":4},{"not_picked":["Expertise","Acrobatics"],"picked":"Deflect","floor":5},{"not_picked":["Night Terror","Backflip"],"picked":"Skewer","floor":6},{"not_picked":["Acrobatics","Deflect"],"picked":"Concentrate","floor":8},{"not_picked":["Prepared","Blur"],"picked":"Bane","floor":8},{"not_picked":["Dagger Throw","Phantasmal Killer"],"picked":"Bouncing Flask","floor":10},{"not_picked":["Blade Dance","Footwork"],"picked":"PiercingWail","floor":10},{"not_picked":["Dodge and Roll","Underhanded Strike"],"picked":"Slice","floor":12},{"not_picked":["Dodge and Roll","Acrobatics"],"picked":"Backflip","floor":12},{"not_picked":["Bullet Time","Doppelganger"],"picked":"Envenom","floor":16},{"not_picked":["Acrobatics","Flechettes"],"picked":"Sucker Punch","floor":17},{"not_picked":["Dagger Throw","Prepared"],"picked":"Dash","floor":17},{"not_picked":["Underhanded Strike","Dodge and Roll"],"picked":"Bane","floor":17},{"not_picked":["Sucker Punch","PiercingWail"],"picked":"Bane","floor":17},{"not_picked":["Terror","Calculated Gamble"],"picked":"Dagger Throw","floor":17},{"not_picked":["Poisoned Stab","Dash"],"picked":"Bouncing Flask+1","floor":18},{"not_picked":["Riddle With Holes","Deadly Poison"],"picked":"Poisoned Stab","floor":18}],"player_experience":1646344,"relics_obtained":[{"floor":6,"key":"Prayer Wheel"},{"floor":9,"key":"Paper Crane"}],"event_choices":[{"event_name":"The Lab","player_choice":"Got Potions","floor":2,"damage_taken":0},{"event_name":"World of Goop","player_choice":"Left","floor":3,"damage_taken":0},{"event_name":"Mushrooms","player_choice":"Healed and dodged fight","floor":11,"damage_taken":0},{"event_name":"Scrap Ooze","player_choice":"success","floor":13,"damage_taken":18},{"event_name":"Transmorgrifier","player_choice":"Transform","floor":14,"damage_taken":0},{"event_name":"Colosseum","player_choice":"Fight","floor":19,"damage_taken":0}],"is_beta":false,"boss_relics":[{"not_picked":["Philosopher\u0027s Stone","Coffee Dripper"],"picked":"Orrery"}],"items_purged_floors":[],"is_endless":false,"potions_floor_spawned":[4,12],"killed_by":"Colosseum Slavers","ascension_level":7}