{"gold_per_floor":[115,13,13,188,200,233,233,233,233,252,8,38,53,69,69,169,169,185,5,5,5,18,18,43,43,43,69,69,69,84,84,84,84],"floor_reached":33,"playtime":1505,"items_purged":[],"score":392,"play_id":"c121ae91-4679-4fa1-868d-2b9773589c1d","local_time":"20190904093148","is_ascension_mode":true,"campfire_choices":[{"floor":8,"key":"REST"},{"floor":15,"key":"REST"},{"floor":23,"key":"REST"},{"floor":25,"key":"REST"},{"floor":29,"key":"REST"},{"floor":32,"key":"REST"}],"neow_cost":"NONE","seed_source_timestamp":213420664642693,"circlet_count":0,"master_deck":["Strike_B","Strike_B","Strike_B","Strike_B","Defend_B","Defend_B","Defend_B","Defend_B","Zap","Dualcast","Gash","Gash","Streamline","Regret","Doubt","Genetic Algorithm","Static Discharge","Rebound","Melter","Coolheaded","Chaos","Rebound","Sunder","Echo Form","White Noise+1","Loop","Beam Cell+1","Rebound+1","BootSequence+1","Steam+1","J.A.X."],"relics":["Cracked Core","Strawberry","Incense Burner","Mercury Hourglass","Potion Belt","Symbiotic Virus","Anchor","Letter Opener","Fusion Hammer","Regal Pillow","Molten Egg 2","Meat on the Bone","Gambling Chip","The Courier","Nilry\u0027s Codex"],"potions_floor_usage":[16,24],"damage_taken":[{"damage":2,"enemies":"Jaw Worm","floor":1,"turns":4},{"damage":13,"enemies":"Small Slimes","floor":5,"turns":3},{"damage":35,"enemies":"Lagavulin","floor":6,"turns":6},{"damage":9,"enemies":"Cultist","floor":10,"turns":3},{"damage":28,"enemies":"3 Sentries","floor":12,"turns":4},{"damage":0,"enemies":"Exordium Wildlife","floor":13,"turns":2},{"damage":5,"enemies":"Gremlin Gang","floor":14,"turns":3},{"damage":1,"enemies":"Slime Boss","floor":16,"turns":4},{"damage":14,"enemies":"3 Byrds","floor":18,"turns":3},{"damage":2,"enemies":"Spheric Guardian","floor":22,"turns":3},{"damage":47,"enemies":"Slavers","floor":24,"turns":3},{"damage":45,"enemies":"Gremlin Leader","floor":27,"turns":7},{"damage":16,"enemies":"Snake Plant","floor":30,"turns":2},{"damage":86,"enemies":"Automaton","floor":33,"turns":8}],"seed_played":"-8034205769916122440","potions_obtained":[{"floor":10,"key":"Dexterity Potion"},{"floor":12,"key":"SteroidPotion"},{"floor":14,"key":"PowerPotion"},{"floor":18,"key":"LiquidBronze"},{"floor":24,"key":"Swift Potion"}],"is_trial":false,"path_per_floor":["M","$","?","?","M","E","?","R","T","M","$","E","M","M","R","B",null,"M","$","T","?","M","R","E","R","T","E","?","R","M","?","R","B"],"character_chosen":"DEFECT","items_purchased":["Gash","Streamline","Melter","Anchor","Coolheaded","Regal Pillow","Loop"],"campfire_rested":6,"item_purchase_floors":[2,2,11,11,11,19,19],"current_hp_per_floor":[80,80,80,80,67,32,29,53,53,44,44,16,16,11,35,34,82,68,68,68,68,66,82,35,74,74,41,25,64,48,48,82,0],"gold":84,"neow_bonus":"RANDOM_COMMON_RELIC","is_prod":false,"is_daily":false,"chose_seed":false,"campfire_upgraded":0,"win_rate":0,"timestamp":1567600308,"path_taken":["M","$","?","?","M","E","?","R","T","M","?","E","M","M","R","BOSS","M","$","?","?","?","R","E","R","T","E","?","R","M","?","R","BOSS"],"build_version":"2019-07-17","purchased_purges":0,"victory":false,"max_hp_per_floor":[82,82,82,82,82,82,82,82,82,82,82,82,82,82,82,82,82,82,82,82,82,82,82,82,82,82,82,82,82,82,82,82,82],"card_choices":[{"not_picked":["Defragment","Sweeping Beam"],"picked":"Gash","floor":1},{"not_picked":["Rebound","Creative AI"],"picked":"Genetic Algorithm","floor":5},{"not_picked":["Skim","Ball Lightning"],"picked":"Static Discharge","floor":6},{"not_picked":["Stack","Go for the Eyes"],"picked":"Rebound","floor":10},{"not_picked":["Amplify","Loop"],"picked":"Chaos","floor":12},{"not_picked":["Turbo","Steam"],"picked":"Rebound","floor":13},{"not_picked":["Cold Snap","Lockon"],"picked":"Sunder","floor":14},{"not_picked":["Core Surge","Meteor Strike"],"picked":"Echo Form","floor":16},{"not_picked":["Streamline","Sweeping Beam+1"],"picked":"White Noise+1","floor":18},{"not_picked":["Recycle","Chaos"],"picked":"Beam Cell+1","floor":22},{"not_picked":["Sweeping Beam+1","Amplify"],"picked":"Rebound+1","floor":24},{"not_picked":["Barrage+1","Hello World"],"picked":"BootSequence+1","floor":27},{"not_picked":["Scrape+1","Rebound+1"],"picked":"Steam+1","floor":30}],"player_experience":369895,"relics_obtained":[{"floor":6,"key":"Mercury Hourglass"},{"floor":9,"key":"Symbiotic Virus"},{"floor":12,"key":"Letter Opener"},{"floor":20,"key":"Molten Egg 2"},{"floor":24,"key":"Meat on the Bone"},{"floor":26,"key":"Gambling Chip"},{"floor":27,"key":"The Courier"},{"floor":28,"key":"Nilry\u0027s Codex"}],"event_choices":[{"damage_healed":0,"gold_gain":0,"player_choice":"Box","damage_taken":0,"relics_obtained":["Incense Burner"],"max_hp_gain":0,"max_hp_loss":0,"event_name":"Big Fish","floor":3,"gold_loss":0,"cards_obtained":["Regret"]},{"damage_healed":0,"gold_gain":175,"player_choice":"AGREE","damage_taken":0,"max_hp_gain":0,"max_hp_loss":0,"event_name":"Liars Game","floor":4,"gold_loss":0,"cards_obtained":["Doubt"]},{"damage_healed":0,"gold_gain":0,"player_choice":"Success","damage_taken":3,"relics_obtained":["Potion Belt"],"max_hp_gain":0,"max_hp_loss":0,"event_name":"Scrap Ooze","floor":7,"gold_loss":0},{"damage_healed":0,"gold_gain":0,"player_choice":"Leave","damage_taken":0,"max_hp_gain":0,"max_hp_loss":0,"event_name":"FaceTrader","floor":21,"gold_loss":0},{"damage_healed":0,"gold_gain":0,"player_choice":"Obtained Book","damage_taken":16,"max_hp_gain":0,"max_hp_loss":0,"event_name":"Cursed Tome","floor":28,"gold_loss":0},{"damage_healed":0,"gold_gain":0,"player_choice":"Obtain J.A.X.","damage_taken":0,"max_hp_gain":0,"max_hp_loss":0,"event_name":"Drug Dealer","floor":31,"gold_loss":0,"cards_obtained":["J.A.X."]}],"is_beta":false,"boss_relics":[{"not_picked":["Nuclear Battery","Pandora\u0027s Box"],"picked":"Fusion Hammer"}],"items_purged_floors":[],"is_endless":false,"potions_floor_spawned":[10,12,14,18,24],"killed_by":"Automaton","ascension_level":3}