{"gold_per_floor":[114,134,134,150,167,202,221,221,221,37,37],"floor_reached":11,"playtime":953,"items_purged":["Strike_G"],"score":150,"play_id":"071eed6d-bb34-41d8-883e-aa344f334a77","local_time":"20190928021715","is_ascension_mode":true,"campfire_choices":[{"data":"Neutralize","floor":8,"key":"SMITH"}],"neow_cost":"NONE","seed_source_timestamp":1494909148214901,"circlet_count":0,"master_deck":["AscendersBane","Defend_G","Defend_G","Defend_G","Defend_G","Defend_G","Strike_G","Strike_G","Strike_G","Strike_G","Survivor","Neutralize+1","Noxious Fumes","Finisher","Flying Knee","Deadly Poison","Bane","Backflip","Bane"],"relics":["Ring of the Snake","SsserpentHead","Meat on the Bone","Letter Opener"],"potions_floor_usage":[1,5,6],"damage_taken":[{"damage":0,"enemies":"Jaw Worm","floor":1,"turns":4},{"damage":5,"enemies":"Cultist","floor":2,"turns":5},{"damage":1,"enemies":"Small Slimes","floor":4,"turns":5},{"damage":0,"enemies":"Gremlin Gang","floor":5,"turns":4},{"damage":20,"enemies":"Lagavulin","floor":6,"turns":6},{"damage":12,"enemies":"Looter","floor":7,"turns":3},{"damage":52,"enemies":"Gremlin Nob","floor":11,"turns":4}],"seed_played":"5953491848715225228","potions_obtained":[{"floor":0,"key":"GhostInAJar"},{"floor":0,"key":"SteroidPotion"},{"floor":2,"key":"AttackPotion"},{"floor":4,"key":"Explosive Potion"}],"is_trial":false,"path_per_floor":["M","M","?","M","M","E","M","R","T","$","E"],"character_chosen":"THE_SILENT","items_purchased":["Backflip","Bane"],"campfire_rested":0,"item_purchase_floors":[10,10],"current_hp_per_floor":[59,54,54,53,53,33,33,33,33,33,0],"gold":37,"neow_bonus":"THREE_SMALL_POTIONS","is_prod":false,"is_daily":false,"chose_seed":false,"campfire_upgraded":1,"win_rate":0,"timestamp":1569651435,"path_taken":["M","M","?","M","M","E","M","R","T","$","E"],"build_version":"2019-01-23","purchased_purges":1,"victory":false,"max_hp_per_floor":[66,66,66,66,66,66,66,66,66,66,66],"card_choices":[{"not_picked":["Backstab","PiercingWail"],"picked":"Noxious Fumes","floor":1},{"not_picked":["Underhanded Strike","Setup"],"picked":"Finisher","floor":2},{"not_picked":["Heel Hook","Slice"],"picked":"Flying Knee","floor":4},{"not_picked":["PiercingWail","Calculated Gamble"],"picked":"Deadly Poison","floor":5},{"not_picked":["Slice","Unload"],"picked":"Bane","floor":6},{"not_picked":["Endless Agony","Tactician","Flying Knee"],"picked":"SKIP","floor":7}],"player_experience":2993286,"relics_obtained":[{"floor":6,"key":"Meat on the Bone"},{"floor":9,"key":"Letter Opener"}],"event_choices":[{"damage_healed":0,"gold_gain":0,"player_choice":"Trade","damage_taken":0,"relics_obtained":["SsserpentHead"],"max_hp_gain":0,"max_hp_loss":0,"event_name":"FaceTrader","floor":3,"gold_loss":0}],"is_beta":false,"boss_relics":[],"items_purged_floors":[10],"is_endless":false,"potions_floor_spawned":[2,4],"killed_by":"Gremlin Nob","ascension_level":20}