{"gold_per_floor":[213,227,243,258,258,215,215,246,270,2,22,33,53,53,53,53],"floor_reached":16,"playtime":2112,"items_purged":[],"score":207,"play_id":"01c475d1-ff83-4799-a6a4-7ef357e822b4","local_time":"20190702222153","is_ascension_mode":true,"campfire_choices":[{"floor":7,"key":"REST"},{"floor":15,"key":"REST"}],"neow_cost":"NONE","seed_source_timestamp":37420182832736,"circlet_count":0,"master_deck":["AscendersBane","Defend_G","Defend_G+1","Defend_G","Defend_G","Defend_G","Strike_G+1","Strike_G","Strike_G","Strike_G","Strike_G","Survivor","Neutralize","PiercingWail","Dodge and Roll","Dodge and Roll","Dagger Spray","Masterful Stab","Heel Hook","Deadly Poison","Crippling Poison","Sucker Punch"],"relics":["Ring of the Snake","Paper Crane","Centennial Puzzle","Letter Opener"],"potions_floor_usage":[3,8,13],"damage_taken":[{"damage":3,"enemies":"Cultist","floor":1,"turns":5},{"damage":6,"enemies":"2 Louse","floor":2,"turns":5},{"damage":4,"enemies":"Jaw Worm","floor":3,"turns":7},{"damage":4,"enemies":"3 Louse","floor":4,"turns":9},{"damage":3,"enemies":"Exordium Thugs","floor":6,"turns":5},{"damage":4,"enemies":"3 Sentries","floor":8,"turns":10},{"damage":17,"enemies":"Red Slaver","floor":11,"turns":4},{"damage":0,"enemies":"Blue Slaver","floor":12,"turns":4},{"damage":0,"enemies":"Lots of Slimes","floor":13,"turns":1},{"damage":37,"enemies":"Hexaghost","floor":16,"turns":11}],"seed_played":"5897753556729774086","potions_obtained":[{"floor":2,"key":"SpeedPotion"},{"floor":6,"key":"SkillPotion"},{"floor":12,"key":"Explosive Potion"}],"is_trial":false,"path_per_floor":["M","M","M","M","?","M","R","E","T","$","M","M","M","$","R","B"],"character_chosen":"THE_SILENT","items_purchased":["Letter Opener"],"campfire_rested":2,"item_purchase_floors":[10],"current_hp_per_floor":[56,50,46,42,22,19,38,34,34,34,17,17,17,17,36,0],"gold":53,"neow_bonus":"HUNDRED_GOLD","is_prod":false,"is_daily":false,"chose_seed":false,"campfire_upgraded":0,"win_rate":0,"timestamp":1562120513,"path_taken":["M","M","M","M","?","M","R","E","T","$","M","M","M","$","R","BOSS"],"build_version":"2019-01-23","purchased_purges":0,"victory":false,"max_hp_per_floor":[66,66,66,66,66,66,66,66,66,66,66,66,66,66,66,66],"card_choices":[{"not_picked":["Deadly Poison","Dagger Throw"],"picked":"PiercingWail","floor":1},{"not_picked":["Distraction","Night Terror"],"picked":"Dodge and Roll","floor":2},{"not_picked":["Finisher","Prepared"],"picked":"Dodge and Roll","floor":3},{"not_picked":["Flechettes","Well Laid Plans"],"picked":"Dagger Spray","floor":4},{"not_picked":["PiercingWail","A Thousand Cuts"],"picked":"Masterful Stab","floor":6},{"not_picked":["Quick Slash","Slice"],"picked":"Heel Hook","floor":8},{"not_picked":["Backstab","Catalyst"],"picked":"Deadly Poison","floor":11},{"not_picked":["Poisoned Stab","Prepared"],"picked":"Crippling Poison","floor":12},{"not_picked":["Outmaneuver","Blade Dance"],"picked":"Sucker Punch","floor":13}],"player_experience":2662854,"relics_obtained":[{"floor":8,"key":"Paper Crane"},{"floor":9,"key":"Centennial Puzzle"}],"event_choices":[{"damage_healed":0,"gold_gain":0,"player_choice":"Entered Light","damage_taken":20,"max_hp_gain":0,"max_hp_loss":0,"event_name":"Shining Light","floor":5,"gold_loss":0,"cards_upgraded":["Strike_G","Defend_G"]}],"is_beta":false,"boss_relics":[],"items_purged_floors":[],"is_endless":false,"potions_floor_spawned":[2,6,12],"killed_by":"Hexaghost","ascension_level":19}