{"gold_per_floor":[115,115,129,147,165,165,165,208,208,208,28,28,49,88,88,219,219,243,262,283,283,283,283,306,306,306,306,318,354,366,378],"floor_reached":31,"playtime":3385,"items_purged":[],"score":294,"play_id":"8dba797d-8b54-4714-a919-1155b8f237cb","local_time":"20180801220012","is_ascension_mode":true,"campfire_choices":[{"floor":6,"key":"REST"},{"floor":10,"key":"REST"},{"data":"Scrape","floor":15,"key":"SMITH"},{"floor":23,"key":"REST"},{"floor":25,"key":"REST"},{"floor":28,"key":"REST"},{"floor":30,"key":"REST"}],"neow_cost":"NONE","seed_source_timestamp":87478799280973,"circlet_count":0,"master_deck":["Strike_B","Strike_B","Strike_B","Defend_B","Defend_B","Defend_B","Defend_B","Zap","Dualcast+1","Auto Shields+1","Gash","Steam","FTL","Static Discharge","Self Repair","Flash of Steel","Sweeping Beam","Scrape+1","BootSequence","Thunder Strike","Turbo","Beam Cell","Echo Form","RitualDagger","Leap+1","Writhe","Conserve Battery+1"],"relics":["Cracked Core","Golden Idol","Pantograph","Singing Bowl","The Courier","Fusion Hammer","FaceOfCleric","Dodecahedron","MawBank"],"potions_floor_usage":[14,16,16,16,19,24],"damage_taken":[{"damage":2,"enemies":"Jaw Worm","floor":1,"turns":3},{"damage":3,"enemies":"2 Louse","floor":3,"turns":2},{"damage":1,"enemies":"Cultist","floor":4,"turns":3},{"damage":12,"enemies":"Lots of Slimes","floor":5,"turns":4},{"damage":18,"enemies":"Gremlin Nob","floor":8,"turns":4},{"damage":6,"enemies":"Looter","floor":13,"turns":3},{"damage":9,"enemies":"Lagavulin","floor":14,"turns":7},{"damage":38,"enemies":"Hexaghost","floor":16,"turns":10},{"damage":0,"enemies":"Spheric Guardian","floor":18,"turns":3},{"damage":16,"enemies":"Shell Parasite","floor":19,"turns":5},{"damage":38,"enemies":"Snake Plant","floor":20,"turns":5},{"damage":54,"enemies":"Slaver and Parasite","floor":24,"turns":7},{"damage":34,"enemies":"Centurion and Healer","floor":29,"turns":5},{"damage":68,"enemies":"Book of Stabbing","floor":31,"turns":6}],"seed_played":"-3322428615054694897","potions_obtained":[{"floor":4,"key":"Swift Potion"},{"floor":13,"key":"EntropicBrew"},{"floor":18,"key":"Poison Potion"}],"is_trial":false,"path_per_floor":["M","?","M","M","M","R","?","E","T","R","$","?","M","E","R","B",null,"M","M","M","?","?","R","M","R","T","?","R","M","R"],"character_chosen":"DEFECT","items_purchased":["Self Repair","Flash of Steel","Sweeping Beam"],"campfire_rested":6,"item_purchase_floors":[11,11,11],"current_hp_per_floor":[73,55,52,51,39,61,61,43,43,65,65,65,66,64,64,44,75,75,66,35,29,29,51,21,43,43,43,65,39,62,0],"gold":378,"neow_bonus":"UPGRADE_CARD","is_prod":false,"is_daily":false,"chose_seed":false,"campfire_upgraded":1,"win_rate":0,"timestamp":1533175212,"path_taken":["M","?","M","M","M","R","?","E","T","R","$","?","?","E","R","BOSS","M","M","M","?","?","R","?","R","T","?","R","?","R","E"],"build_version":"2018-07-26","purchased_purges":0,"victory":false,"max_hp_per_floor":[75,75,75,75,75,75,75,75,75,75,75,75,75,75,75,75,75,75,75,75,75,75,75,76,76,76,76,76,77,77,77],"card_choices":[{"not_picked":["Stack","Static Discharge"],"picked":"Auto Shields","floor":1},{"not_picked":["Steam","Coolheaded"],"picked":"Gash","floor":3},{"not_picked":["Chaos","Compile Driver"],"picked":"Steam","floor":4},{"not_picked":["Rip and Tear","Sunder"],"picked":"FTL","floor":5},{"not_picked":["Redo","Stack"],"picked":"Static Discharge","floor":8},{"not_picked":["Storm","Reprogram"],"picked":"Scrape","floor":13},{"not_picked":["Fission","Darkness"],"picked":"BootSequence","floor":14},{"not_picked":["Fission","Creative AI"],"picked":"Thunder Strike","floor":16},{"not_picked":["Darkness","Cold Snap"],"picked":"Turbo","floor":18},{"not_picked":["Reinforced Body+1","Redo"],"picked":"Beam Cell","floor":19},{"not_picked":["Go for the Eyes","Rebound"],"picked":"Echo Form","floor":20},{"not_picked":["Capacitor","Stack"],"picked":"Leap+1","floor":24},{"not_picked":["Coolheaded+1","Hello World"],"picked":"Conserve Battery+1","floor":29}],"player_experience":1415064,"relics_obtained":[{"floor":8,"key":"Pantograph"},{"floor":9,"key":"Singing Bowl"},{"floor":14,"key":"The Courier"},{"floor":26,"key":"Dodecahedron"}],"event_choices":[{"event_name":"Golden Idol","player_choice":"Take Damage","floor":2,"damage_taken":0},{"event_name":"Upgrade Shrine","player_choice":"Upgraded","floor":7,"damage_taken":0},{"event_name":"Living Wall","player_choice":"Forget","floor":12,"damage_taken":0},{"event_name":"Nest","player_choice":"Joined the Cult","floor":21,"damage_taken":0},{"event_name":"FaceTrader","player_choice":"Trade","floor":22,"damage_taken":0},{"event_name":"The Mausoleum","player_choice":"Yes","floor":27,"damage_taken":0}],"is_beta":false,"boss_relics":[{"not_picked":["Black Star","Tiny House"],"picked":"Fusion Hammer"}],"items_purged_floors":[],"is_endless":false,"potions_floor_spawned":[4,13,18],"killed_by":"Book of Stabbing","ascension_level":4}