{"gold_per_floor":[110,130,305,305,317,317,348,358,358,358,22,41,60,80,80,181,181,150,150,161,53,53,53,68,68,95,95,107,32,65,65,65,65],"floor_reached":33,"playtime":1865,"items_purged":["Writhe"],"score":319,"play_id":"0668ce02-a792-45ab-a243-ba0ac42dc402","local_time":"20191025190843","is_ascension_mode":true,"campfire_choices":[{"data":"Tactician","floor":6,"key":"SMITH"},{"floor":15,"key":"REST"},{"floor":23,"key":"REST"},{"floor":25,"key":"REST"},{"data":"Envenom","floor":32,"key":"SMITH"}],"neow_cost":"NONE","seed_source_timestamp":867133430578200,"circlet_count":0,"master_deck":["Strike_G","Strike_G","Defend_G","Defend_G","Defend_G","Defend_G","Survivor","Neutralize","Concentrate+1","Deadly Poison+1","Deadly Poison+1","Outmaneuver","Deadly Poison","Tactician+1","Underhanded Strike","Dagger Spray","Backstab","Blur","Heel Hook","Prepared","Leg Sweep","Envenom+1","Deadly Poison+1","Leg Sweep","Cloak And Dagger","All Out Attack","RitualDagger","Bane","Endless Agony+1","Well Laid Plans"],"relics":["Astrolabe","Blood Vial","Bag of Preparation","Boot","Pen Nib","MealTicket","Empty Cage","Enchiridion","Strawberry","Bronze Scales","Ornamental Fan"],"potions_floor_usage":[8,12,16,20,28,30,30],"damage_taken":[{"damage":0,"enemies":"Cultist","floor":1,"turns":4},{"damage":1,"enemies":"Jaw Worm","floor":2,"turns":4},{"damage":0,"enemies":"Small Slimes","floor":5,"turns":3},{"damage":25,"enemies":"3 Sentries","floor":7,"turns":12},{"damage":4,"enemies":"Looter","floor":8,"turns":4},{"damage":0,"enemies":"Blue Slaver","floor":12,"turns":2},{"damage":15,"enemies":"Lots of Slimes","floor":13,"turns":5},{"damage":0,"enemies":"3 Louse","floor":14,"turns":2},{"damage":41,"enemies":"The Guardian","floor":16,"turns":8},{"damage":22,"enemies":"2 Thieves","floor":18,"turns":5},{"damage":8,"enemies":"3 Byrds","floor":20,"turns":3},{"damage":20,"enemies":"Cultist and Chosen","floor":24,"turns":8},{"damage":12,"enemies":"3 Cultists","floor":28,"turns":4},{"damage":22,"enemies":"Gremlin Leader","floor":30,"turns":4},{"damage":84,"enemies":"Champ","floor":33,"turns":10}],"seed_played":"9187421803944047085","potions_obtained":[{"floor":2,"key":"SpeedPotion"},{"floor":5,"key":"Energy Potion"},{"floor":8,"key":"Fire Potion"},{"floor":12,"key":"Strength Potion"},{"floor":14,"key":"Poison Potion"},{"floor":18,"key":"Explosive Potion"},{"floor":20,"key":"Dexterity Potion"},{"floor":24,"key":"Swift Potion"}],"is_trial":false,"path_per_floor":["M","M","?","T","M","R","E","M","T","?","$","M","M","M","R","B",null,"M","?","M","$","?","R","M","R","T","?","M","$","E","$","R","B"],"character_chosen":"THE_SILENT","items_purchased":["Backstab","Blur","MealTicket","Cloak And Dagger","All Out Attack"],"campfire_rested":3,"item_purchase_floors":[11,11,11,21,21],"current_hp_per_floor":[70,69,69,69,70,70,45,43,43,43,43,45,32,34,55,16,70,48,32,26,41,35,56,38,59,66,66,56,71,51,66,66,0],"gold":65,"neow_bonus":"BOSS_RELIC","is_prod":false,"is_daily":false,"chose_seed":false,"campfire_upgraded":2,"win_rate":0,"timestamp":1572023323,"path_taken":["M","?","?","?","?","R","E","M","T","?","$","M","M","M","R","BOSS","M","?","M","$","?","R","M","R","T","?","M","?","E","$","R","BOSS"],"build_version":"2019-07-17","purchased_purges":1,"victory":false,"max_hp_per_floor":[70,70,70,70,70,70,70,70,70,70,70,70,70,70,70,70,70,70,70,70,70,70,70,70,70,77,77,77,77,77,77,77,77],"card_choices":[{"not_picked":["Skewer","Accuracy"],"picked":"Outmaneuver","floor":1},{"not_picked":["Dodge and Roll","Choke"],"picked":"Deadly Poison","floor":2},{"not_picked":["Acrobatics","Deflect"],"picked":"Tactician","floor":5},{"not_picked":["Terror","Dodge and Roll"],"picked":"Underhanded Strike","floor":7},{"not_picked":["Flying Knee","Predator"],"picked":"Dagger Spray","floor":8},{"not_picked":["Dash","Slice"],"picked":"Heel Hook","floor":12},{"not_picked":["Outmaneuver","Tactician"],"picked":"Prepared","floor":13},{"not_picked":["Wraith Form v2","Blade Dance"],"picked":"Leg Sweep","floor":14},{"not_picked":["After Image","Unload"],"picked":"Envenom","floor":16},{"not_picked":["Leg Sweep","Caltrops"],"picked":"Deadly Poison+1","floor":18},{"not_picked":["Choke","Underhanded Strike+1"],"picked":"Leg Sweep","floor":20},{"not_picked":["Bouncing Flask","Sucker Punch+1"],"picked":"Bane","floor":24},{"not_picked":["Tactician","Slice"],"picked":"Endless Agony+1","floor":28},{"not_picked":["Eviscerate","Slice"],"picked":"Well Laid Plans","floor":30}],"player_experience":124714,"relics_obtained":[{"floor":4,"key":"Blood Vial"},{"floor":7,"key":"Bag of Preparation"},{"floor":9,"key":"Boot"},{"floor":19,"key":"Enchiridion"},{"floor":26,"key":"Strawberry"},{"floor":30,"key":"Ornamental Fan"}],"event_choices":[{"damage_healed":0,"gold_gain":175,"player_choice":"AGREE","damage_taken":0,"max_hp_gain":0,"max_hp_loss":0,"event_name":"Liars Game","floor":3,"gold_loss":0,"cards_obtained":["Doubt"]},{"damage_healed":0,"gold_gain":0,"player_choice":"Gave Potion","damage_taken":0,"relics_obtained":["Pen Nib"],"max_hp_gain":0,"max_hp_loss":0,"event_name":"WeMeetAgain","floor":10,"gold_loss":0},{"damage_healed":0,"gold_gain":0,"player_choice":"Obtained Book","damage_taken":16,"max_hp_gain":0,"max_hp_loss":0,"event_name":"Cursed Tome","floor":19,"gold_loss":0},{"damage_healed":0,"gold_gain":0,"player_choice":"Joined the Cult","damage_taken":6,"max_hp_gain":0,"max_hp_loss":0,"event_name":"Nest","floor":22,"gold_loss":0,"cards_obtained":["RitualDagger"]},{"damage_healed":0,"gold_gain":0,"player_choice":"Opened","damage_taken":0,"relics_obtained":["Bronze Scales"],"max_hp_gain":0,"max_hp_loss":0,"event_name":"The Mausoleum","floor":27,"gold_loss":0,"cards_obtained":["Writhe"]}],"is_beta":false,"boss_relics":[{"not_picked":["Tiny House","Runic Dome"],"picked":"Empty Cage"}],"items_purged_floors":[29],"is_endless":false,"potions_floor_spawned":[2,5,8,12,14,18,20,24],"killed_by":"Champ","ascension_level":2}