{"gold_per_floor":[119,135,146,146,159,159,5,43,55,67,98,136,162,184,196,312,324,351,278,290,302,314,326,338,366,378,410,422,66,66,91,91,186,186,205,218,218,318,318,318,330,330,355,355,369,383,132,150,150,150],"floor_reached":51,"playtime":5868,"items_purged":["Strike_R"],"score":1083,"play_id":"b49a41da-93da-4d82-a6e3-a19f627ac0af","local_time":"20181109202910","is_ascension_mode":true,"campfire_choices":[{"data":"True Grit","floor":6.0,"key":"SMITH"},{"data":"Seeing Red","floor":10.0,"key":"SMITH"},{"data":"Pommel Strike","floor":15.0,"key":"SMITH"},{"data":"Pommel Strike","floor":23.0,"key":"SMITH"},{"floor":32.0,"key":"REST"},{"data":"1","floor":40.0,"key":"LIFT"},{"floor":42.0,"key":"REST"},{"floor":49.0,"key":"REST"}],"neow_cost":"NONE","seed_source_timestamp":0,"circlet_count":0,"master_deck":["AscendersBane","Strike_R+1","Strike_R+1","Defend_R","Defend_R","Defend_R","Defend_R","Bash","True Grit+1","Pommel Strike+1","Seeing Red+1","Pommel Strike+1","Double Tap","Dropkick","Anger","Reckless Charge","Fiend Fire+1","Ghostly Armor","Whirlwind+1","J.A.X.","Bandage Up","Fiend Fire","Ghostly Armor+1","Second Wind","Offering","Parasite","Iron Wave+1","Ghostly Armor","Shockwave+1","Iron Wave","True Grit","Bandage Up","Clothesline","Corruption"],"special_seed":0,"relics":["Burning Blood","NeowsBlessing","MawBank","Charon\u0027s Ashes","Pocketwatch","Self Forming Clay","Runic Pyramid","Juzu Bracelet","Ancient Tea Set","Matryoshka","HandDrill","Girya","Runic Cube","Incense Burner","Potion Belt","Pen Nib"],"potions_floor_usage":[50,50],"damage_taken":[{"damage":0.0,"enemies":"Cultist","floor":1.0,"turns":1.0},{"damage":0.0,"enemies":"2 Louse","floor":2.0,"turns":1.0},{"damage":0.0,"enemies":"Jaw Worm","floor":3.0,"turns":1.0},{"damage":1.0,"enemies":"2 Fungi Beasts","floor":5.0,"turns":4.0},{"damage":26.0,"enemies":"3 Sentries","floor":8.0,"turns":7.0},{"damage":4.0,"enemies":"Exordium Thugs","floor":11.0,"turns":4.0},{"damage":16.0,"enemies":"Lagavulin","floor":12.0,"turns":5.0},{"damage":0.0,"enemies":"Exordium Wildlife","floor":13.0,"turns":2.0},{"damage":0.0,"enemies":"Red Slaver","floor":14.0,"turns":2.0},{"damage":0.0,"enemies":"Slime Boss","floor":16.0,"turns":5.0},{"damage":0.0,"enemies":"Chosen","floor":18.0,"turns":3.0},{"damage":0.0,"enemies":"Spheric Guardian","floor":25.0,"turns":3.0},{"damage":13.0,"enemies":"Snake Plant","floor":27.0,"turns":3.0},{"damage":16.0,"enemies":"Gremlin Leader","floor":31.0,"turns":4.0},{"damage":70.0,"enemies":"Automaton","floor":33.0,"turns":8.0},{"damage":21.0,"enemies":"3 Darklings","floor":35.0,"turns":3.0},{"damage":17.0,"enemies":"3 Shapes","floor":36.0,"turns":4.0},{"damage":12.0,"enemies":"Mind Bloom Boss Battle","floor":38.0,"turns":4.0},{"damage":17.0,"enemies":"Writhing Mass","floor":41.0,"turns":4.0},{"damage":2.0,"enemies":"4 Shapes","floor":45.0,"turns":8.0},{"damage":22.0,"enemies":"Maw","floor":46.0,"turns":7.0},{"damage":44.0,"enemies":"Writhing Mass","floor":48.0,"turns":5.0},{"damage":46,"enemies":"Awakened One","floor":50,"turns":9}],"seed_played":"-2553124083181812329","potions_obtained":[{"floor":1.0,"key":"AttackPotion"},{"floor":2.0,"key":"BloodPotion"},{"floor":11.0,"key":"FearPotion"},{"floor":14.0,"key":"SteroidPotion"},{"floor":25.0,"key":"Energy Potion"},{"floor":41.0,"key":"Weak Potion"},{"floor":45.0,"key":"Energy Potion"},{"floor":46.0,"key":"Fire Potion"},{"floor":48.0,"key":"Swift Potion"}],"is_trial":false,"path_per_floor":["M","M","M","?","M","R","$","E","T","R","M","E","M","M","R","B",null,"M","?","?","$","?","R","?","M","T","M","?","$","?","E","R","B",null,"M","M","?","?","?","R","M","R","T","?","M","M","$","M","R","B",null],"character_chosen":"IRONCLAD","items_purchased":["MawBank","Bandage Up","HandDrill","Iron Wave","True Grit","Bandage Up","Clothesline"],"campfire_rested":3,"item_purchase_floors":[7,29,29,47,47,47,47],"current_hp_per_floor":[78,80,80,64,69,69,69,57,57,57,59,49,55,61,61,67,77,80,80,80,80,80,80,80,80,80,73,73,73,73,67,80,20,65,54,47,47,45,45,45,38,62,62,62,70,58,58,28,52,20],"gold":150,"neow_bonus":"THREE_ENEMY_KILL","is_prod":false,"is_daily":false,"chose_seed":false,"campfire_upgraded":4,"win_rate":0,"timestamp":1541813350,"path_taken":["M","?","?","?","M","R","$","E","T","R","M","E","M","M","R","BOSS","M","?","?","$","?","R","?","M","T","M","?","$","?","E","R","BOSS","M","M","?","?","?","R","M","R","T","?","M","M","$","M","R","BOSS"],"build_version":"2018-11-08","purchased_purges":1,"victory":true,"max_hp_per_floor":[80,80,80,80,80,80,80,80,80,80,80,80,80,80,80,80,80,80,80,80,80,80,80,80,80,80,80,80,80,80,80,80,80,80,80,80,80,80,80,80,80,80,80,80,80,80,80,80,80,80],"card_choices":[{"not_picked":["Hemokinesis","Clothesline"],"picked":"True Grit","floor":1.0},{"not_picked":["Inflame","Rupture"],"picked":"Pommel Strike","floor":2.0},{"not_picked":["Battle Trance","Perfected Strike"],"picked":"Seeing Red","floor":3.0},{"not_picked":["Wild Strike","Iron Wave"],"picked":"Pommel Strike","floor":5.0},{"not_picked":["Limit Break","Thunderclap"],"picked":"Double Tap","floor":8.0},{"not_picked":["Body Slam","Headbutt"],"picked":"Dropkick","floor":11.0},{"not_picked":["Perfected Strike","Pommel Strike","Body Slam"],"picked":"SKIP","floor":12.0},{"not_picked":["Rupture","Sword Boomerang"],"picked":"Anger","floor":13.0},{"not_picked":["Wild Strike","Fire Breathing"],"picked":"Reckless Charge","floor":14.0},{"not_picked":["Reaper","Brutality"],"picked":"Fiend Fire","floor":16.0},{"not_picked":["Iron Wave","Perfected Strike"],"picked":"Ghostly Armor","floor":18.0},{"not_picked":["Shrug It Off+1","Twin Strike"],"picked":"Whirlwind+1","floor":25.0},{"not_picked":["Clash","Cleave+1"],"picked":"Thunderclap","floor":27.0},{"not_picked":["Blood for Blood","Carnage","Armaments"],"picked":"SKIP","floor":31.0},{"not_picked":["Bludgeon","Brutality"],"picked":"Fiend Fire","floor":33.0},{"not_picked":["Reckless Charge","Twin Strike"],"picked":"Ghostly Armor+1","floor":35.0},{"not_picked":["Second Wind","Headbutt","Anger"],"picked":"SKIP","floor":36.0},{"not_picked":["Headbutt","Anger"],"picked":"Second Wind","floor":36.0},{"not_picked":["Wild Strike+1","Armaments"],"picked":"Iron Wave+1","floor":41.0},{"not_picked":["Body Slam","Hemokinesis"],"picked":"Ghostly Armor","floor":45.0},{"not_picked":["Double Tap","Reckless Charge"],"picked":"Shockwave+1","floor":46.0},{"not_picked":["Thunderclap","Headbutt"],"picked":"Corruption","floor":48.0}],"player_experience":1957309,"relics_obtained":[{"floor":8.0,"key":"Charon\u0027s Ashes"},{"floor":9.0,"key":"Pocketwatch"},{"floor":12.0,"key":"Self Forming Clay"},{"floor":26.0,"key":"Matryoshka"},{"floor":31.0,"key":"Girya"},{"floor":38.0,"key":"Incense Burner"},{"floor":43.0,"key":"Potion Belt"},{"floor":43.0,"key":"Pen Nib"}],"event_choices":[{"damage_healed":0.0,"max_hp_gain":0.0,"max_hp_loss":0.0,"gold_gain":0.0,"event_name":"Shining Light","player_choice":"Entered Light","floor":4.0,"gold_loss":0.0,"damage_taken":16.0,"cards_upgraded":["Strike_R","Strike_R"]},{"damage_healed":0.0,"max_hp_gain":0.0,"max_hp_loss":0.0,"gold_gain":0.0,"event_name":"Addict","player_choice":"Obtained Relic","floor":19.0,"gold_loss":85.0,"damage_taken":0.0,"relics_obtained":["Juzu Bracelet"]},{"damage_healed":0.0,"max_hp_gain":0.0,"max_hp_loss":0.0,"gold_gain":0.0,"event_name":"Accursed Blacksmith","player_choice":"Forge","floor":20.0,"gold_loss":0.0,"damage_taken":0.0,"cards_upgraded":["Fiend Fire"]},{"damage_healed":0.0,"max_hp_gain":0.0,"max_hp_loss":0.0,"gold_gain":0.0,"event_name":"The Mausoleum","player_choice":"Opened","floor":22.0,"gold_loss":0.0,"damage_taken":0.0,"relics_obtained":["Ancient Tea Set"]},{"cards_removed":["Strike_R"],"damage_healed":0.0,"max_hp_gain":0.0,"max_hp_loss":0.0,"gold_gain":0.0,"event_name":"Bonfire Elementals","player_choice":"Offered Basic","floor":24.0,"gold_loss":0.0,"damage_taken":0.0},{"damage_healed":0.0,"max_hp_gain":0.0,"max_hp_loss":0.0,"gold_gain":0.0,"event_name":"Drug Dealer","player_choice":"Obtain J.A.X.","floor":28.0,"gold_loss":0.0,"damage_taken":0.0,"cards_obtained":["J.A.X."]},{"cards_removed":["Strike_R"],"damage_healed":0.0,"max_hp_gain":0.0,"max_hp_loss":0.0,"gold_gain":0.0,"event_name":"Back to Basics","player_choice":"Elegance","floor":30.0,"gold_loss":0.0,"damage_taken":0.0},{"damage_healed":0.0,"max_hp_gain":0.0,"max_hp_loss":0.0,"gold_gain":0.0,"event_name":"Match and Keep!","player_choice":"1 cards matched","floor":37.0,"gold_loss":0.0,"damage_taken":0.0,"cards_obtained":["Offering"]},{"damage_healed":0.0,"max_hp_gain":0.0,"max_hp_loss":0.0,"gold_gain":0.0,"event_name":"MindBloom","player_choice":"Fight","floor":38.0,"gold_loss":0.0,"damage_taken":0.0},{"damage_healed":0.0,"max_hp_gain":0.0,"max_hp_loss":0.0,"gold_gain":0.0,"event_name":"Tomb of Lord Red Mask","player_choice":"Ignored","floor":39.0,"gold_loss":0.0,"damage_taken":0.0},{"cards_removed":["Thunderclap"],"damage_healed":0.0,"max_hp_gain":0.0,"max_hp_loss":0.0,"gold_gain":0.0,"event_name":"Falling","player_choice":"Removed Attack","floor":44.0,"gold_loss":0.0,"damage_taken":0.0}],"is_beta":false,"boss_relics":[{"not_picked":["Sozu","Snecko Eye"],"picked":"Runic Pyramid"},{"not_picked":["Coffee Dripper","Runic Dome"],"picked":"Runic Cube"}],"items_purged_floors":[29],"is_endless":false,"potions_floor_spawned":[1,2,11,14,25,41,45,46,48],"ascension_level":12}