{"gold_per_floor":[161,222,242,260,335,335,366,366,366,9,9,21,32,51,51,156,156,176,176,193,118,118,144,144,69,121,121],"floor_reached":27,"playtime":1119,"items_purged":[],"score":254,"play_id":"3fd9e5c7-19a9-4ecc-89e6-a2c8fe1add0d","local_time":"20190807142422","is_ascension_mode":true,"campfire_choices":[{"data":"Perfected Strike","floor":6,"key":"SMITH"},{"floor":8,"key":"REST"},{"data":"Armaments","floor":11,"key":"SMITH"},{"floor":15,"key":"REST"},{"floor":24,"key":"REST"}],"neow_cost":"NONE","seed_source_timestamp":20427692416556,"circlet_count":0,"master_deck":["Strike_R","Strike_R","Strike_R","Strike_R","Strike_R","Defend_R","Defend_R","Defend_R","Defend_R","Iron Wave","Perfected Strike+1","Shrug It Off","Armaments+1","Cleave","Perfected Strike+1","Anger","Immolate","Flex","Berserk","Pommel Strike","J.A.X.","Headbutt","Uppercut","Heavy Blade","Shrug It Off","Clumsy"],"relics":["Tiny House","Bird Faced Urn","Blue Candle","DollysMirror","Pen Nib","Cursed Key","Nilry\u0027s Codex","Boot","Orichalcum"],"potions_floor_usage":[16,18,23,23],"damage_taken":[{"damage":2,"enemies":"Small Slimes","floor":1,"turns":5},{"damage":0,"enemies":"Cultist","floor":3,"turns":2},{"damage":2,"enemies":"Jaw Worm","floor":4,"turns":4},{"damage":17,"enemies":"Lagavulin","floor":7,"turns":7},{"damage":4,"enemies":"2 Fungi Beasts","floor":12,"turns":3},{"damage":0,"enemies":"Large Slime","floor":13,"turns":3},{"damage":7,"enemies":"Exordium Wildlife","floor":14,"turns":3},{"damage":53,"enemies":"The Guardian","floor":16,"turns":7},{"damage":56,"enemies":"3 Byrds","floor":18,"turns":8},{"damage":15,"enemies":"Shell Parasite","floor":20,"turns":3},{"damage":12,"enemies":"Gremlin Leader","floor":23,"turns":4},{"damage":32,"enemies":"Book of Stabbing","floor":27,"turns":4}],"seed_played":"-7881233352159961177","potions_obtained":[{"floor":0,"key":"GamblersBrew"},{"floor":1,"key":"SpeedPotion"},{"floor":12,"key":"Regen Potion"},{"floor":13,"key":"Weak Potion"},{"floor":14,"key":"Explosive Potion"},{"floor":20,"key":"Dexterity Potion"}],"is_trial":false,"path_per_floor":["M","?","M","M","?","R","E","R","T","$","R","M","M","M","R","B",null,"M","?","M","?","?","E","R","$","T","E"],"character_chosen":"IRONCLAD","items_purchased":["DollysMirror","Pen Nib","Heavy Blade","Shrug It Off"],"campfire_rested":3,"item_purchase_floors":[10,10,25,25],"current_hp_per_floor":[83,83,83,81,73,73,56,81,81,81,81,77,77,70,85,32,85,45,45,30,30,14,4,29,29,29,0],"gold":121,"neow_bonus":"BOSS_RELIC","is_prod":false,"is_daily":false,"chose_seed":false,"campfire_upgraded":2,"win_rate":0,"timestamp":1565198662,"path_taken":["M","?","M","M","?","R","E","R","T","$","R","?","M","M","R","BOSS","M","?","M","?","?","E","R","$","T","E"],"build_version":"2019-07-17","purchased_purges":0,"victory":false,"max_hp_per_floor":[85,85,85,85,85,85,85,85,85,85,85,85,85,85,85,85,85,85,85,85,85,85,85,85,85,85,85],"card_choices":[{"not_picked":["Pummel","Wild Strike"],"picked":"Iron Wave","floor":0},{"not_picked":["Armaments","Feel No Pain"],"picked":"Perfected Strike","floor":1},{"not_picked":["Warcry","Evolve"],"picked":"Shrug It Off","floor":3},{"not_picked":["Clash","Sentinel"],"picked":"Armaments","floor":4},{"not_picked":["Sword Boomerang","Burning Pact"],"picked":"Cleave","floor":7},{"not_picked":["Havoc","Heavy Blade"],"picked":"Anger","floor":12},{"not_picked":["Warcry","Infernal Blade"],"picked":"Immolate","floor":13},{"not_picked":["Second Wind","Havoc"],"picked":"Flex","floor":14},{"not_picked":["Brutality","Immolate"],"picked":"Berserk","floor":16},{"not_picked":["Thunderclap","Armaments"],"picked":"Pommel Strike","floor":18},{"not_picked":["Sword Boomerang","Clothesline+1"],"picked":"Headbutt","floor":20},{"not_picked":["Corruption","Whirlwind"],"picked":"Uppercut","floor":23}],"player_experience":282016,"relics_obtained":[{"floor":7,"key":"Bird Faced Urn"},{"floor":9,"key":"Blue Candle"},{"floor":22,"key":"Nilry\u0027s Codex"},{"floor":23,"key":"Boot"},{"floor":26,"key":"Orichalcum"}],"event_choices":[{"damage_healed":0,"gold_gain":61,"player_choice":"Gained Gold","damage_taken":0,"max_hp_gain":0,"max_hp_loss":0,"event_name":"Golden Wing","floor":2,"gold_loss":0},{"damage_healed":0,"gold_gain":75,"player_choice":"Touch","damage_taken":8,"max_hp_gain":0,"max_hp_loss":0,"event_name":"FaceTrader","floor":5,"gold_loss":0},{"damage_healed":0,"gold_gain":0,"player_choice":"Obtain J.A.X.","damage_taken":0,"max_hp_gain":0,"max_hp_loss":0,"event_name":"Drug Dealer","floor":19,"gold_loss":0,"cards_obtained":["J.A.X."]},{"cards_removed":["Bash"],"damage_healed":0,"gold_gain":0,"player_choice":"Gave Gold","damage_taken":0,"max_hp_gain":0,"max_hp_loss":0,"event_name":"Beggar","floor":21,"gold_loss":75},{"damage_healed":0,"gold_gain":0,"player_choice":"Obtained Book","damage_taken":16,"max_hp_gain":0,"max_hp_loss":0,"event_name":"Cursed Tome","floor":22,"gold_loss":0}],"is_beta":false,"boss_relics":[{"not_picked":["Velvet Choker","Sozu"],"picked":"Cursed Key"}],"items_purged_floors":[],"is_endless":false,"potions_floor_spawned":[1,12,13,14,20],"killed_by":"Book of Stabbing","ascension_level":2}