{"gold_per_floor":[143,143,143,143,143,143,163,187,240,284,309,322,345,383,383,489,489,507,170,177,177,32,32,32,54,133,180,180,202,247,262,262,359,359,375,158,179,10,40,40,55,71,71,78,121,454,476,500,500,500,500,500,70,110,110],"floor_reached":55,"playtime":4347,"items_purged":["Defend_P","Strike_P","Strike_P"],"score":1444,"play_id":"cb7d3e81-03e7-4fbd-9aa6-192086901f92","local_time":"20190915210559","is_ascension_mode":true,"campfire_choices":[{"data":"Vigilance","floor":6,"key":"SMITH"},{"data":"CrushJoints","floor":15,"key":"SMITH"},{"data":"RitualDagger","floor":23,"key":"SMITH"},{"data":"Adaptation","floor":28,"key":"SMITH"},{"floor":32,"key":"REST"},{"floor":40,"key":"REST"},{"floor":49,"key":"RECALL"},{"data":"MentalFortress","floor":52,"key":"SMITH"}],"neow_cost":"NONE","seed_source_timestamp":26146307782472,"circlet_count":0,"master_deck":["AscendersBane","Strike_P+1","Defend_P+1","Defend_P","Defend_P","Eruption+1","Vigilance+1","FearNoEvil","FlyingSleeves","CrushJoints+1","SandsOfTime","ClearTheMind","Protect","EmptyBody","Judgement","Adaptation+1","Collect","RitualDagger+1","EmptyMind","ClearTheMind+1","SandsOfTime+1","EmptyFist+1","FlowState","DevaForm+1","Establishment","FlurryOfBlows+1","Panache","LessonLearned+1","Finesse","MentalFortress+1","Crescendo+1","EmptyBody","EmptyMind","CutThroughFate+1","Protect+1"],"relics":["PureWater","Tiny Chest","HornCleat","Pen Nib","TeardropLocket","Blood Vial","CeramicFish","VioletLotus","Chemical X","Mummified Hand","Molten Egg 2","Regal Pillow","Runic Pyramid","Lantern","Smiling Mask","Oddly Smooth Stone","Membership Card","Ginger","Art of War"],"potions_floor_usage":[27,30,55,55],"damage_taken":[{"damage":0,"enemies":"Small Slimes","floor":1,"turns":2},{"damage":0,"enemies":"2 Louse","floor":7,"turns":2},{"damage":0,"enemies":"Cultist","floor":8,"turns":3},{"damage":20,"enemies":"Gremlin Nob","floor":10,"turns":3},{"damage":0,"enemies":"Exordium Wildlife","floor":12,"turns":3},{"damage":0,"enemies":"3 Louse","floor":13,"turns":3},{"damage":10,"enemies":"Lagavulin","floor":14,"turns":3},{"damage":0,"enemies":"Slime Boss","floor":16,"turns":4},{"damage":4,"enemies":"2 Thieves","floor":18,"turns":4},{"damage":1,"enemies":"3 Byrds","floor":25,"turns":3},{"damage":16,"enemies":"Book of Stabbing","floor":27,"turns":5},{"damage":10,"enemies":"Shelled Parasite and Fungi","floor":29,"turns":5},{"damage":0,"enemies":"Slavers","floor":30,"turns":4},{"damage":0,"enemies":"Snecko","floor":31,"turns":2},{"damage":0,"enemies":"Collector","floor":33,"turns":5},{"damage":0,"enemies":"Orb Walker","floor":35,"turns":1},{"damage":28,"enemies":"3 Darklings","floor":37,"turns":4},{"damage":11,"enemies":"Writhing Mass","floor":39,"turns":3},{"damage":0,"enemies":"Spire Growth","floor":41,"turns":2},{"damage":0,"enemies":"Sphere and 2 Shapes","floor":42,"turns":4},{"damage":9,"enemies":"Nemesis","floor":45,"turns":5},{"damage":0,"enemies":"Maw","floor":47,"turns":5},{"damage":23,"enemies":"Donu and Deca","floor":50,"turns":8},{"damage":12,"enemies":"Shield and Spear","floor":54,"turns":4},{"damage":45,"enemies":"The Heart","floor":55,"turns":5}],"seed_played":"-7484397296584791629","potions_obtained":[{"floor":1,"key":"Energy Potion"},{"floor":12,"key":"EssenceOfSteel"},{"floor":13,"key":"Fire Potion"},{"floor":14,"key":"PowerPotion"},{"floor":29,"key":"Dexterity Potion"},{"floor":30,"key":"Dexterity Potion"},{"floor":39,"key":"Fire Potion"}],"is_trial":false,"path_per_floor":["M","?","?","?","T","R","M","M","T","E","T","M","M","E","R","B",null,"M","$","?","?","$","R","?","M","T","E","R","M","E","M","R","B",null,"M","$","M","$","M","R","M","M","T","?","E","?","M","T","R","B",null,"R","$","E","B"],"character_chosen":"WATCHER","items_purchased":["Adaptation","Collect","Chemical X","EmptyMind","Lantern","Establishment","Panache","Membership Card","Ginger","PowerPotion","EmptyBody","EmptyMind","CutThroughFate+1"],"campfire_rested":2,"item_purchase_floors":[19,19,19,22,36,36,38,53,53,53,53,53,53],"current_hp_per_floor":[59,52,39,39,39,39,39,39,39,19,19,21,23,15,15,17,49,47,47,41,41,41,41,41,42,42,28,28,20,22,24,57,59,60,60,60,32,32,23,56,58,60,60,55,48,48,50,50,50,29,52,52,52,42,0],"gold":110,"neow_bonus":"RANDOM_COMMON_RELIC","is_prod":false,"is_daily":false,"chose_seed":false,"campfire_upgraded":5,"win_rate":0,"timestamp":1568538359,"path_taken":["M","?","?","?","?","R","M","M","T","E","?","?","M","E","R","BOSS","M","$","?","?","?","R","?","M","T","E","R","?","E","M","R","BOSS","M","$","M","$","M","R","M","M","T","?","E","?","M","?","R","BOSS","R","$","E","BOSS"],"build_version":"2019-09-12","purchased_purges":3,"victory":false,"max_hp_per_floor":[65,65,65,60,60,60,60,60,60,60,60,60,60,60,60,60,60,60,60,60,60,60,60,60,60,60,60,60,60,60,60,60,60,60,60,60,60,60,60,60,60,60,60,60,60,60,60,60,60,60,60,60,60,60,60],"card_choices":[{"not_picked":["CrushJoints","EmptyMind"],"picked":"FearNoEvil","floor":1},{"not_picked":["Establishment","FollowUp"],"picked":"FlyingSleeves","floor":7},{"not_picked":["Scrawl","Evaluate"],"picked":"CrushJoints","floor":8},{"not_picked":["CutThroughFate","Nirvana"],"picked":"SandsOfTime","floor":10},{"not_picked":["CleanseEvil","JustLucky"],"picked":"ClearTheMind","floor":12},{"not_picked":["Wireheading","Prostrate"],"picked":"Protect","floor":13},{"not_picked":["FearNoEvil","Consecrate"],"picked":"EmptyBody","floor":14},{"not_picked":["BattleHymn","Wallop"],"picked":"Judgement","floor":16},{"not_picked":["ThirdEye","WaveOfTheHand","FlyingSleeves"],"picked":"SKIP","floor":18},{"not_picked":["Prostrate","CrushJoints"],"picked":"ClearTheMind","floor":25},{"not_picked":["Establishment","FlyingSleeves"],"picked":"SandsOfTime","floor":27},{"not_picked":["SandsOfTime+1","Crescendo"],"picked":"EmptyFist+1","floor":29},{"not_picked":["DeusExMachina","Conclude+1"],"picked":"FlowState","floor":30},{"not_picked":["Establishment","Swivel","EmptyBody"],"picked":"SKIP","floor":31},{"not_picked":["DeusExMachina","Alpha"],"picked":"DevaForm","floor":33},{"not_picked":["EmptyMind","Protect","EmptyFist+1"],"picked":"SKIP","floor":35},{"not_picked":["Consecrate+1","Evaluate+1"],"picked":"FlurryOfBlows+1","floor":37},{"not_picked":["CarveReality+1","JustLucky+1"],"picked":"LessonLearned+1","floor":39},{"not_picked":["Halt","FlyingSleeves+1","Conclude+1"],"picked":"SKIP","floor":41},{"not_picked":["Protect","TalkToTheHand+1","CutThroughFate+1"],"picked":"SKIP","floor":42},{"not_picked":["Thinking Ahead","Chrysalis"],"picked":"Finesse","floor":44},{"not_picked":["Establishment+1","Collect"],"picked":"MentalFortress","floor":45},{"not_picked":["Vengeance","Protect"],"picked":"Crescendo+1","floor":47},{"not_picked":["Vengeance","SpiritShield"],"picked":"Protect+1","floor":54}],"player_experience":1095581,"relics_obtained":[{"floor":5,"key":"HornCleat"},{"floor":9,"key":"Pen Nib"},{"floor":10,"key":"TeardropLocket"},{"floor":11,"key":"Blood Vial"},{"floor":14,"key":"CeramicFish"},{"floor":26,"key":"Mummified Hand"},{"floor":27,"key":"Molten Egg 2"},{"floor":30,"key":"Regal Pillow"},{"floor":45,"key":"Smiling Mask"},{"floor":48,"key":"Oddly Smooth Stone"},{"floor":54,"key":"Art of War"}],"event_choices":[{"cards_removed":["Strike_P"],"damage_healed":0,"gold_gain":0,"player_choice":"Card Removal","damage_taken":7,"max_hp_gain":0,"max_hp_loss":0,"event_name":"Golden Wing","floor":2,"gold_loss":0},{"damage_healed":0,"gold_gain":0,"player_choice":"Entered Light","damage_taken":13,"max_hp_gain":0,"max_hp_loss":0,"event_name":"Shining Light","floor":3,"gold_loss":0,"cards_upgraded":["Strike_P","Eruption"]},{"damage_healed":0,"gold_gain":0,"player_choice":"Lose Max HP","damage_taken":0,"relics_obtained":["Golden Idol"],"max_hp_gain":0,"max_hp_loss":5,"event_name":"Golden Idol","floor":4,"gold_loss":0},{"damage_healed":0,"gold_gain":0,"player_choice":"Joined the Cult","damage_taken":6,"max_hp_gain":0,"max_hp_loss":0,"event_name":"Nest","floor":20,"gold_loss":0,"cards_obtained":["RitualDagger"]},{"damage_healed":0,"gold_gain":0,"player_choice":"Ignored","damage_taken":0,"max_hp_gain":0,"max_hp_loss":0,"event_name":"The Mausoleum","floor":21,"gold_loss":0},{"damage_healed":0,"gold_gain":0,"player_choice":"Ignored","damage_taken":0,"max_hp_gain":0,"max_hp_loss":0,"event_name":"Ghosts","floor":24,"gold_loss":0},{"damage_healed":0,"gold_gain":0,"player_choice":"Memory 2","damage_taken":5,"max_hp_gain":0,"max_hp_loss":0,"event_name":"SensoryStone","floor":44,"gold_loss":0},{"damage_healed":0,"gold_gain":333,"player_choice":"Gave Idol","damage_taken":0,"max_hp_gain":0,"max_hp_loss":0,"event_name":"The Moai Head","floor":46,"relics_lost":["Golden Idol"],"gold_loss":0}],"is_beta":true,"boss_relics":[{"not_picked":["SlaversCollar","Black Star"],"picked":"VioletLotus"},{"not_picked":["SacredBark","Sozu"],"picked":"Runic Pyramid"}],"items_purged_floors":[19,22,53],"is_endless":false,"potions_floor_spawned":[1,12,13,14,18,29,30,35,39,45],"killed_by":"The Heart","ascension_level":13}