{"gold_per_floor":[114,129,144,144,163,163,182,201,201,201,201,201,31,69,69,194,194,213,232,251,271,290,309,309,56,56,56,16,35,35,73,73,73],"floor_reached":33,"playtime":1181,"items_purged":[],"score":294,"play_id":"6d9d5293-5558-4a95-8b4f-9603773ceeba","local_time":"20191008090710","daily_mods":["Shiny","Uncertain Future","Binary"],"is_ascension_mode":false,"campfire_choices":[{"floor":6,"key":"REST"},{"floor":12,"key":"REST"},{"floor":15,"key":"REST"},{"floor":24,"key":"REST"},{"floor":30,"key":"REST"},{"floor":32,"key":"REST"}],"neow_cost":"","seed_source_timestamp":0,"circlet_count":0,"master_deck":["Venomology+1","Corpse Explosion","Malaise+1","Phantasmal Killer","Die Die Die","Adrenaline","Envenom","Doppelganger","Burst","Wraith Form v2","Tools of the Trade","Night Terror","Unload","After Image","Bullet Time","Storm of Steel","Glass Knife","A Thousand Cuts","Grand Finale","Poisoned Stab+1","Deflect","Underhanded Strike","Dagger Spray","Dagger Spray","Catalyst","Violence","Accuracy","Storm of Steel+1","Backflip","Backflip+1","Dagger Throw+1","Dagger Spray","Predator","Dash","Dagger Throw","Noxious Fumes","Dash","Leg Sweep","Deflect"],"special_seed":18177,"relics":["Ring of the Snake","Golden Idol","Bottled Lightning","MealTicket","WristBlade","Red Mask","TwistedFunnel","Letter Opener","War Paint"],"potions_floor_usage":[5,14,16,16,16,18,19,20,21,23,23,31,33,33],"damage_taken":[{"damage":2,"enemies":"Small Slimes","floor":1,"turns":3},{"damage":0,"enemies":"2 Louse","floor":2,"turns":2},{"damage":6,"enemies":"Jaw Worm","floor":3,"turns":3},{"damage":10,"enemies":"Large Slime","floor":5,"turns":6},{"damage":10,"enemies":"Exordium Thugs","floor":7,"turns":2},{"damage":0,"enemies":"3 Louse","floor":8,"turns":1},{"damage":19,"enemies":"3 Sentries","floor":14,"turns":3},{"damage":34,"enemies":"The Guardian","floor":16,"turns":7},{"damage":10,"enemies":"Chosen","floor":18,"turns":3},{"damage":0,"enemies":"Spheric Guardian","floor":19,"turns":3},{"damage":15,"enemies":"Chosen and Byrds","floor":20,"turns":2},{"damage":10,"enemies":"Masked Bandits","floor":21,"turns":2},{"damage":21,"enemies":"Centurion and Healer","floor":22,"turns":3},{"damage":0,"enemies":"Snake Plant","floor":23,"turns":3},{"damage":20,"enemies":"Sentry and Sphere","floor":29,"turns":4},{"damage":14,"enemies":"Slavers","floor":31,"turns":2},{"damage":70,"enemies":"Champ","floor":33,"turns":5}],"seed_played":"1723373554375379297","potions_obtained":[{"floor":1,"key":"EssenceOfSteel"},{"floor":14,"key":"Fire Potion"},{"floor":16,"key":"EntropicBrew"},{"floor":21,"key":"SmokeBomb"},{"floor":22,"key":"FearPotion"},{"floor":29,"key":"Weak Potion"},{"floor":31,"key":"FearPotion"}],"is_trial":false,"path_per_floor":["M","M","M","?","M","R","M","M","T","?","?","R","$","E","R","B",null,"M","M","M","?","M","M","R","$","T","?","$","M","R","E","R","B"],"character_chosen":"THE_SILENT","items_purchased":["Violence","TwistedFunnel","Dagger Throw","Noxious Fumes","Dash"],"campfire_rested":6,"item_purchase_floors":[13,25,25,25,28],"current_hp_per_floor":[68,68,62,62,52,70,60,60,60,46,39,60,60,41,62,28,70,60,60,45,35,14,14,35,50,50,50,65,45,66,52,70,0],"gold":73,"neow_bonus":"","is_prod":false,"is_daily":true,"chose_seed":false,"campfire_upgraded":0,"win_rate":0,"timestamp":1570536430,"path_taken":["M","M","M","?","M","R","M","M","T","?","?","R","$","E","R","BOSS","M","M","M","?","M","M","R","?","T","?","$","M","R","E","R","BOSS"],"build_version":"2019-10-07","purchased_purges":0,"victory":false,"max_hp_per_floor":[70,70,70,70,70,70,70,70,70,70,70,70,70,70,70,70,70,70,70,70,70,70,70,70,70,70,70,70,70,70,70,70,70],"card_choices":[{"not_picked":["Deflect"],"picked":"Poisoned Stab","floor":1},{"not_picked":["Heel Hook"],"picked":"Deflect","floor":2},{"not_picked":["After Image"],"picked":"Underhanded Strike","floor":3},{"not_picked":["PiercingWail"],"picked":"Dagger Spray","floor":5},{"not_picked":["Deflect"],"picked":"Dagger Spray","floor":7},{"not_picked":["Footwork"],"picked":"Catalyst","floor":8},{"not_picked":["Calculated Gamble"],"picked":"Accuracy","floor":14},{"not_picked":["Malaise"],"picked":"Storm of Steel","floor":16},{"not_picked":["PiercingWail"],"picked":"Backflip","floor":18},{"not_picked":["Prepared"],"picked":"Backflip+1","floor":19},{"not_picked":["Quick Slash"],"picked":"Dagger Throw+1","floor":20},{"not_picked":["Sucker Punch"],"picked":"Dagger Spray","floor":21},{"not_picked":["Dagger Throw"],"picked":"Predator","floor":22},{"not_picked":["Acrobatics"],"picked":"Dash","floor":23},{"not_picked":["Sucker Punch"],"picked":"Leg Sweep","floor":29},{"not_picked":["Dagger Spray"],"picked":"Deflect","floor":31}],"player_experience":440291,"relics_obtained":[{"floor":9,"key":"Bottled Lightning"},{"floor":14,"key":"MealTicket"},{"floor":21,"key":"Red Mask"},{"floor":26,"key":"Letter Opener"},{"floor":31,"key":"War Paint"}],"event_choices":[{"damage_healed":0,"gold_gain":0,"player_choice":"Take Wound","damage_taken":0,"relics_obtained":["Golden Idol"],"max_hp_gain":0,"max_hp_loss":0,"event_name":"Golden Idol","floor":4,"gold_loss":0,"cards_obtained":["Injury"]},{"damage_healed":0,"gold_gain":0,"player_choice":"Entered Light","damage_taken":14,"max_hp_gain":0,"max_hp_loss":0,"event_name":"Shining Light","floor":10,"gold_loss":0,"cards_upgraded":["Malaise","Poisoned Stab"]},{"cards_removed":["Injury"],"damage_healed":0,"gold_gain":0,"player_choice":"Card Removal","damage_taken":7,"max_hp_gain":0,"max_hp_loss":0,"event_name":"Golden Wing","floor":11,"gold_loss":0},{"damage_healed":0,"gold_gain":0,"player_choice":"Fought Bandits","damage_taken":0,"max_hp_gain":0,"max_hp_loss":0,"event_name":"Masked Bandits","floor":21,"gold_loss":0},{"damage_healed":0,"gold_gain":0,"player_choice":"Ignored","damage_taken":0,"max_hp_gain":0,"max_hp_loss":0,"event_name":"N\u0027loth","floor":27,"gold_loss":0}],"is_beta":true,"boss_relics":[{"not_picked":["Ectoplasm","Tiny House"],"picked":"WristBlade"}],"items_purged_floors":[],"is_endless":false,"potions_floor_spawned":[1,2,14,16,21,22,29,31],"killed_by":"Champ","ascension_level":0}