{"gold_per_floor":[114,114,126,143,5,5,22,41,86,106,106,116,116,149,149,250,250,217,230,230,230,145,145,155,155],"floor_reached":25,"playtime":1831,"items_purged":[],"score":205,"play_id":"56fdb8e1-b0ce-4098-bd55-bfb656f8435e","local_time":"20190710183128","is_ascension_mode":false,"campfire_choices":[{"data":"Quick Slash","floor":6,"key":"SMITH"},{"floor":11,"key":"REST"},{"floor":15,"key":"REST"},{"floor":23,"key":"REST"}],"neow_cost":"NONE","seed_source_timestamp":8009194468295,"circlet_count":0,"master_deck":["Strike_G","Strike_G","Strike_G","Strike_G","Strike_G","Defend_G","Defend_G","Defend_G","Defend_G","Survivor","Quick Slash+1","Cloak And Dagger","Deadly Poison","Cloak And Dagger","Poisoned Stab","Footwork","Dagger Throw","Infinite Blades","Outmaneuver","Dagger Spray","Dagger Spray","PiercingWail","Flying Knee","Burst","Poisoned Stab+1","Masterful Stab","Endless Agony","Prepared"],"relics":["Ring of the Snake","Juzu Bracelet","The Courier","Dream Catcher","Lizard Tail","StoneCalendar"],"potions_floor_usage":[3,7,7,7,8,10,12,24],"damage_taken":[{"damage":0,"enemies":"Small Slimes","floor":1,"turns":5},{"damage":0,"enemies":"Cultist","floor":3,"turns":4},{"damage":4,"enemies":"Jaw Worm","floor":4,"turns":7},{"damage":1,"enemies":"Large Slime","floor":7,"turns":5},{"damage":8,"enemies":"Lots of Slimes","floor":8,"turns":4},{"damage":0,"enemies":"Blue Slaver","floor":10,"turns":3},{"damage":5,"enemies":"Gremlin Gang","floor":12,"turns":3},{"damage":24,"enemies":"3 Sentries","floor":14,"turns":7},{"damage":46,"enemies":"Hexaghost","floor":16,"turns":10},{"damage":28,"enemies":"2 Thieves","floor":18,"turns":5},{"damage":40,"enemies":"Spheric Guardian","floor":19,"turns":7},{"damage":28,"enemies":"Centurion and Healer","floor":24,"turns":7},{"damage":34,"enemies":"Slavers","floor":25,"turns":3}],"seed_played":"-2767627544639596444","potions_obtained":[{"floor":1,"key":"Weak Potion"},{"floor":4,"key":"EntropicBrew"},{"floor":7,"key":"Weak Potion"},{"floor":10,"key":"Poison Potion"},{"floor":19,"key":"SpeedPotion"}],"is_trial":false,"path_per_floor":["M","?","M","M","$","R","M","M","T","M","R","M","?","E","R","B",null,"M","M","?","?","?","R","M","E"],"character_chosen":"THE_SILENT","items_purchased":["Poisoned Stab","Footwork","Dagger Throw"],"campfire_rested":3,"item_purchase_floors":[5,5,5],"current_hp_per_floor":[70,70,70,66,66,66,65,57,57,57,70,65,62,38,59,13,70,42,2,2,2,2,23,33,0],"gold":155,"neow_bonus":"TRANSFORM_CARD","is_prod":false,"is_daily":false,"chose_seed":false,"campfire_upgraded":1,"win_rate":0.0,"timestamp":1562794288,"path_taken":["M","?","M","M","?","R","M","M","T","M","R","M","?","E","R","BOSS","M","M","?","?","?","R","M","E"],"build_version":"2019-07-05","purchased_purges":0,"victory":false,"max_hp_per_floor":[70,70,70,70,70,70,70,70,70,70,70,70,70,70,70,70,70,70,70,70,70,70,70,70,70],"card_choices":[{"not_picked":["Flying Knee","Outmaneuver"],"picked":"Cloak And Dagger","floor":1},{"not_picked":["Heel Hook","Bane"],"picked":"Deadly Poison","floor":3},{"not_picked":["Predator","Outmaneuver"],"picked":"Cloak And Dagger","floor":4},{"not_picked":["Distraction","Backstab"],"picked":"Infinite Blades","floor":7},{"not_picked":["Tactician","Acrobatics"],"picked":"Outmaneuver","floor":8},{"not_picked":["Deflect","Quick Slash"],"picked":"Dagger Spray","floor":10},{"not_picked":["Leg Sweep","Underhanded Strike"],"picked":"Dagger Spray","floor":12},{"not_picked":["Tools of the Trade","Dodge and Roll"],"picked":"PiercingWail","floor":14},{"not_picked":["Prepared","Dodge and Roll"],"picked":"Flying Knee","floor":15},{"not_picked":["Wraith Form v2","Night Terror"],"picked":"Burst","floor":16},{"not_picked":["Underhanded Strike","Noxious Fumes"],"picked":"Poisoned Stab+1","floor":18},{"not_picked":["Quick Slash","Sucker Punch"],"picked":"Masterful Stab","floor":19},{"not_picked":["Flechettes","Tactician"],"picked":"Endless Agony","floor":23},{"not_picked":["Expertise","Acrobatics"],"picked":"Prepared","floor":24}],"player_experience":120686,"relics_obtained":[{"floor":9,"key":"Juzu Bracelet"},{"floor":14,"key":"Dream Catcher"}],"event_choices":[{"damage_healed":0,"gold_gain":0,"player_choice":"Leave","damage_taken":0,"max_hp_gain":0,"max_hp_loss":0,"event_name":"FaceTrader","floor":2,"gold_loss":0},{"damage_healed":0,"gold_gain":0,"player_choice":"Success","damage_taken":3,"relics_obtained":["The Courier"],"max_hp_gain":0,"max_hp_loss":0,"event_name":"Scrap Ooze","floor":13,"gold_loss":0},{"damage_healed":0,"gold_gain":0,"player_choice":"Ignored","damage_taken":0,"max_hp_gain":0,"max_hp_loss":0,"event_name":"Beggar","floor":20,"gold_loss":0},{"cards_removed":["Defend_G"],"damage_healed":0,"gold_gain":0,"player_choice":"Card Removal","damage_taken":0,"max_hp_gain":0,"max_hp_loss":0,"event_name":"Wheel of Change","floor":21,"gold_loss":0},{"damage_healed":0,"gold_gain":0,"player_choice":"Obtained Relic","damage_taken":0,"relics_obtained":["StoneCalendar"],"max_hp_gain":0,"max_hp_loss":0,"event_name":"Addict","floor":22,"gold_loss":85}],"is_beta":false,"boss_relics":[{"not_picked":["Snecko Eye","Eternal Feather"],"picked":"Lizard Tail"}],"items_purged_floors":[],"is_endless":false,"potions_floor_spawned":[1,4,7,10,19],"killed_by":"Slavers","ascension_level":0}