{"path_per_floor":["M","M","?","$","T","E","R","M","T","M","E","R","M","E","R","B",null,"M","M","$","M","?","R","M","E","T","?","R","E","M","$","R","B",null,"M","?","M","M"],"character_chosen":"THE_SILENT","items_purchased":[],"gold_per_floor":[113,130,130,55,55,82,82,95,95,107,139,139,158,190,190,292,292,292,232,232,232,232,232,232,232,232,232,232,232,232,232,232,232,232,232,232,232,232,232],"floor_reached":39,"campfire_rested":4,"playtime":5024,"item_purchase_floors":[],"current_hp_per_floor":[69,66,59,59,59,25,46,46,46,43,39,70,70,68,68,29,70,60,43,43,17,17,35,33,29,29,29,29,29,14,14,35,4,40,40,35,27,2,0],"items_purged":["Strike_G"],"gold":232,"score":563,"play_id":"f1b008e5-6d1c-4dfb-b501-9ea7c274fa5b","local_time":"20180526163311","is_prod":false,"is_daily":false,"chose_seed":false,"is_ascension_mode":true,"campfire_upgraded":2,"win_rate":0,"timestamp":1527366791,"campfire_choices":[{"floor":7,"key":"REST"},{"floor":12,"key":"REST"},{"data":"Well Laid Plans","floor":15,"key":"SMITH"},{"floor":23,"key":"REST"},{"data":"Storm of Steel","floor":28,"key":"SMITH"},{"floor":32,"key":"REST"}],"path_taken":["M","M","?","?","?","E","R","M","T","M","E","R","?","E","R","BOSS","M","M","$","M","?","R","M","E","T","?","R","E","M","?","R","BOSS","M","?","M","?","M"],"build_version":"2018-05-24","seed_source_timestamp":663885998812631,"purchased_purges":1,"victory":false,"master_deck":["Defend_G","Defend_G","Defend_G","Defend_G","Strike_G","Strike_G","Strike_G","Strike_G","Survivor","Neutralize","Well Laid Plans+1","Quick Slash","Deadly Poison","Dagger Spray","Footwork","Blur","Caltrops","Dagger Spray","Storm of Steel+1","Slice","PiercingWail","Backstab","Ghostly","Ghostly","Ghostly","Ghostly+1","Ghostly","Cloak And Dagger","Noxious Fumes+1","Writhe","Dash","Outmaneuver+1","Wraith Form v2","Skewer+1","Outmaneuver+1","Madness+1","Madness+1","Bouncing Flask+1","Riddle With Holes"],"max_hp_per_floor":[70,70,70,70,70,70,70,70,70,70,70,70,70,70,70,70,70,70,70,70,70,35,35,35,35,35,35,35,35,35,35,35,35,40,40,40,40,40,40],"relics":["Ring of the Snake","Gremlin Horn","Anchor","Dodecahedron","Regal Pillow","Shuriken","Ectoplasm","Toxic Egg 2","Orichalcum","Pen Nib","Du-Vu Doll","Tiny House"],"card_choices":[{"not_picked":["Poisoned Stab","Footwork"],"picked":"Well Laid Plans","floor":1},{"not_picked":["Calculated Gamble","Sucker Punch"],"picked":"Quick Slash","floor":2},{"not_picked":["Malaise","Acrobatics"],"picked":"Deadly Poison","floor":6},{"not_picked":["Calculated Gamble","Backflip"],"picked":"Dagger Spray","floor":8},{"not_picked":["Masterful Stab","Slice"],"picked":"Footwork","floor":10},{"not_picked":["Backstab","Calculated Gamble"],"picked":"Blur","floor":11},{"not_picked":["Heel Hook","Expertise"],"picked":"Caltrops","floor":13},{"not_picked":["Prepared","Venomology"],"picked":"Dagger Spray","floor":14},{"not_picked":["Night Terror","Glass Knife"],"picked":"Storm of Steel","floor":16},{"not_picked":["Bane+1","Expertise"],"picked":"Slice","floor":18},{"not_picked":["Dagger Throw","Poisoned Stab+1"],"picked":"PiercingWail","floor":19},{"not_picked":["Quick Slash","Deadly Poison"],"picked":"Backstab","floor":21},{"not_picked":["Sucker Punch","Outmaneuver"],"picked":"Cloak And Dagger","floor":24},{"not_picked":["Concentrate","Deadly Poison"],"picked":"Noxious Fumes+1","floor":25},{"not_picked":["Corpse Explosion","All Out Attack"],"picked":"Dash","floor":29},{"not_picked":["Noxious Fumes","All Out Attack"],"picked":"Outmaneuver+1","floor":30},{"not_picked":["Storm of Steel+1","Venomology+1"],"picked":"Wraith Form v2","floor":33},{"not_picked":["Dagger Throw","Reflex+1"],"picked":"Skewer+1","floor":34},{"not_picked":["Predator","Dagger Throw+1"],"picked":"Outmaneuver+1","floor":35},{"not_picked":["Acrobatics+1","Calculated Gamble+1"],"picked":"Bouncing Flask+1","floor":37},{"not_picked":["Deadly Poison+1","Prepared+1"],"picked":"Riddle With Holes","floor":38}],"player_experience":483497,"potions_floor_usage":[11,11,14,16,30,33,33,33,37,38],"damage_taken":[{"damage":1,"enemies":"Small Slimes","floor":1,"turns":5},{"damage":3,"enemies":"Jaw Worm","floor":2,"turns":7},{"damage":34,"enemies":"Lagavulin","floor":6,"turns":13},{"damage":0,"enemies":"Cultist","floor":8,"turns":3},{"damage":3,"enemies":"Exordium Wildlife","floor":10,"turns":4},{"damage":4,"enemies":"Gremlin Nob","floor":11,"turns":4},{"damage":0,"enemies":"Lots of Slimes","floor":13,"turns":1},{"damage":2,"enemies":"3 Sentries","floor":14,"turns":6},{"damage":39,"enemies":"Hexaghost","floor":16,"turns":9},{"damage":10,"enemies":"Shell Parasite","floor":18,"turns":6},{"damage":17,"enemies":"2 Thieves","floor":19,"turns":3},{"damage":26,"enemies":"Snake Plant","floor":21,"turns":6},{"damage":2,"enemies":"Sentry and Sphere","floor":24,"turns":8},{"damage":4,"enemies":"Book of Stabbing","floor":25,"turns":7},{"damage":0,"enemies":"Gremlin Leader","floor":29,"turns":6},{"damage":15,"enemies":"Snecko","floor":30,"turns":7},{"damage":31,"enemies":"Champ","floor":33,"turns":13},{"damage":0,"enemies":"3 Shapes","floor":35,"turns":5},{"damage":8,"enemies":"Orb Walker","floor":37,"turns":5},{"damage":25,"enemies":"Maw","floor":38,"turns":9},{"damage":24,"enemies":"Sphere and 2 Shapes","floor":39,"turns":3}],"relics_obtained":[{"floor":5,"key":"Gremlin Horn"},{"floor":6,"key":"Anchor"},{"floor":9,"key":"Dodecahedron"},{"floor":11,"key":"Regal Pillow"},{"floor":14,"key":"Shuriken"},{"floor":25,"key":"Toxic Egg 2"},{"floor":26,"key":"Orichalcum"},{"floor":29,"key":"Du-Vu Doll"}],"event_choices":[{"event_name":"Golden Wing","player_choice":"Card Removal","floor":3,"damage_taken":0},{"event_name":"Ghosts","player_choice":"Became a Ghost","floor":22,"damage_taken":0},{"event_name":"The Mausoleum","player_choice":"Yes","floor":27,"damage_taken":0},{"event_name":"Winding Halls","player_choice":"Embrace Madness","floor":36,"damage_taken":0}],"boss_relics":[{"not_picked":["Orrery","White Beast Statue"],"picked":"Ectoplasm"},{"not_picked":["Runic Pyramid","Eternal Feather"],"picked":"Tiny House"}],"items_purged_floors":[4],"potions_floor_spawned":[6,10,11,13,19,24,29,30,37],"seed_played":"-2818108202708265807","killed_by":"Sphere and 2 Shapes","ascension_level":2,"potions_obtained":[{"floor":6,"key":"EssenceOfSteel"},{"floor":10,"key":"SteroidPotion"},{"floor":11,"key":"Poison Potion"},{"floor":13,"key":"Dexterity Potion"},{"floor":19,"key":"FearPotion"},{"floor":24,"key":"Strength Potion"},{"floor":29,"key":"SkillPotion"},{"floor":30,"key":"Dexterity Potion"},{"floor":34,"key":"SkillPotion"},{"floor":37,"key":"FearPotion"}],"is_trial":false}