{"gold_per_floor":[116,133,150,167,133,159,159,159,159,178,195,195,27,41,41,142,142,153,170,185,185,185,185,185,198,224,244,255,266,11,31,31,31],"floor_reached":33,"playtime":2436,"items_purged":["Writhe"],"score":380,"play_id":"d9cd17c5-2cd1-44d5-84f0-e324f9120925","local_time":"20190702095051","is_ascension_mode":false,"campfire_choices":[{"floor":8.0,"key":"REST"},{"floor":12,"key":"REST"},{"data":"Reaper","floor":15,"key":"SMITH"},{"floor":23,"key":"REST"},{"floor":32,"key":"REST"}],"neow_cost":"NONE","seed_source_timestamp":0,"circlet_count":0,"master_deck":["Strike_R","Strike_R","Strike_R","Strike_R","Defend_R","Defend_R","Defend_R","Defend_R","Bash","Twin Strike","Juggernaut","Infernal Blade","Cleave","Whirlwind","Iron Wave","Clothesline","Cleave","Dark Shackles","Clothesline","Armaments","Reaper+1","Immolate","Heavy Blade","Searing Blow+1","Evolve","Clothesline","Dropkick","Wild Strike","Barricade","Dramatic Entrance","Evolve","Clothesline","Dual Wield+1"],"special_seed":0,"relics":["Burning Blood","Ancient Tea Set","Paper Frog","Philosopher\u0027s Stone","Nunchaku","Lantern"],"potions_floor_usage":[16,16,18,20,29,31,33],"damage_taken":[{"damage":3.0,"enemies":"Jaw Worm","floor":1.0,"turns":5.0},{"damage":6.0,"enemies":"Cultist","floor":2.0,"turns":3.0},{"damage":0.0,"enemies":"Small Slimes","floor":3.0,"turns":3.0},{"damage":13.0,"enemies":"3 Louse","floor":4.0,"turns":4.0},{"damage":44.0,"enemies":"Lagavulin","floor":6.0,"turns":6.0},{"damage":3.0,"enemies":"Exordium Wildlife","floor":10.0,"turns":4.0},{"damage":16.0,"enemies":"Red Slaver","floor":11.0,"turns":3.0},{"damage":6,"enemies":"3 Louse","floor":14,"turns":2},{"damage":53,"enemies":"Slime Boss","floor":16,"turns":9},{"damage":9,"enemies":"Shell Parasite","floor":18,"turns":4},{"damage":36,"enemies":"2 Thieves","floor":19,"turns":4},{"damage":14,"enemies":"3 Cultists","floor":20,"turns":4},{"damage":7,"enemies":"Cultist and Chosen","floor":25,"turns":7},{"damage":4,"enemies":"Snecko","floor":27,"turns":3},{"damage":58,"enemies":"3 Cultists","floor":28,"turns":6},{"damage":46,"enemies":"Centurion and Healer","floor":29,"turns":6},{"damage":14,"enemies":"Chosen and Byrds","floor":31,"turns":5},{"damage":60,"enemies":"Champ","floor":33,"turns":5}],"seed_played":"4587039586256212237","potions_obtained":[{"floor":4.0,"key":"SteroidPotion"},{"floor":6.0,"key":"Block Potion"},{"floor":11,"key":"PowerPotion"},{"floor":14,"key":"Block Potion"},{"floor":19,"key":"Energy Potion"},{"floor":25,"key":"BloodPotion"},{"floor":29,"key":"Poison Potion"},{"floor":31,"key":"Regen Potion"}],"is_trial":false,"path_per_floor":["M","M","M","M","?","E","?","R","T","M","M","R","$","M","R","B",null,"M","M","M","?","?","R","?","M","T","M","M","M","$","M","R","B"],"character_chosen":"IRONCLAD","items_purchased":["Dark Shackles","Clothesline","Armaments","Dramatic Entrance","Evolve","Clothesline"],"campfire_rested":4,"item_purchase_floors":[13,13,13,30,30,30],"current_hp_per_floor":[80,80,80,73,73,35,35,59,59,62,52,76,76,76,76,39,80,77,49,46,31,31,56,84,85,85,85,43,24,24,16,41,0],"gold":31,"neow_bonus":"THREE_CARDS","is_prod":false,"is_daily":false,"chose_seed":false,"campfire_upgraded":1,"win_rate":0.0,"timestamp":1562071851,"path_taken":["M","M","M","M","?","E","?","R","T","M","M","R","?","M","R","BOSS","M","M","M","?","?","R","?","M","T","M","M","?","$","M","R","BOSS"],"build_version":"2019-07-01","purchased_purges":1,"victory":false,"max_hp_per_floor":[80,80,80,80,80,80,80,80,80,80,80,80,80,80,80,80,80,80,80,80,85,85,85,85,85,85,85,85,85,85,85,85,85],"card_choices":[{"not_picked":["Clash","Searing Blow"],"picked":"Hemokinesis","floor":0.0},{"not_picked":["Heavy Blade","Sever Soul"],"picked":"Twin Strike","floor":1.0},{"not_picked":["Armaments","Perfected Strike"],"picked":"Juggernaut","floor":2.0},{"not_picked":["Headbutt","Power Through"],"picked":"Infernal Blade","floor":3.0},{"not_picked":["Sword Boomerang","Heavy Blade"],"picked":"Cleave","floor":4.0},{"not_picked":["Perfected Strike","Dark Embrace"],"picked":"Whirlwind","floor":6.0},{"not_picked":["True Grit","Iron Wave"],"picked":"Clothesline","floor":10.0},{"not_picked":["Perfected Strike","Spot Weakness"],"picked":"Cleave","floor":11},{"not_picked":["Flex","Clothesline"],"picked":"Reaper","floor":14},{"not_picked":["Fiend Fire","Offering"],"picked":"Immolate","floor":16},{"not_picked":["Twin Strike+1","True Grit"],"picked":"Heavy Blade","floor":18},{"not_picked":["Clothesline","Corruption"],"picked":"Searing Blow+1","floor":19},{"not_picked":["Shockwave","Havoc"],"picked":"Evolve","floor":20},{"not_picked":["Combust","Perfected Strike"],"picked":"Clothesline","floor":25},{"not_picked":["Iron Wave","Sword Boomerang"],"picked":"Dropkick","floor":27},{"not_picked":["Reckless Charge","Rupture+1"],"picked":"Wild Strike","floor":28},{"not_picked":["Body Slam+1","Twin Strike"],"picked":"Barricade","floor":29},{"not_picked":["Corruption","Body Slam"],"picked":"Dual Wield+1","floor":31}],"player_experience":48704,"relics_obtained":[{"floor":6.0,"key":"Ancient Tea Set"},{"floor":9.0,"key":"Paper Frog"},{"floor":26,"key":"Lantern"}],"event_choices":[{"damage_healed":0.0,"max_hp_gain":0.0,"max_hp_loss":0.0,"gold_gain":0.0,"event_name":"World of Goop","player_choice":"Left Gold","floor":5.0,"gold_loss":34.0,"damage_taken":0.0},{"cards_removed":["Strike_R"],"damage_healed":0.0,"max_hp_gain":0.0,"max_hp_loss":0.0,"gold_gain":0.0,"event_name":"NoteForYourself","player_choice":"Took Card","floor":7.0,"gold_loss":0.0,"damage_taken":0.0,"cards_obtained":["Iron Wave"]},{"damage_healed":0,"gold_gain":0,"player_choice":"Shed Blood","damage_taken":20,"max_hp_gain":5,"max_hp_loss":0,"event_name":"Forgotten Altar","floor":21,"gold_loss":0},{"damage_healed":0,"gold_gain":0,"player_choice":"Opened","damage_taken":0,"relics_obtained":["Nunchaku"],"max_hp_gain":0,"max_hp_loss":0,"event_name":"The Mausoleum","floor":22,"gold_loss":0,"cards_obtained":["Writhe"]},{"damage_healed":28,"gold_gain":0,"player_choice":"Heal","damage_taken":0,"max_hp_gain":0,"max_hp_loss":0,"event_name":"The Library","floor":24,"gold_loss":0}],"is_beta":false,"boss_relics":[{"not_picked":["White Beast Statue","Black Star"],"picked":"Philosopher\u0027s Stone"}],"items_purged_floors":[30],"is_endless":false,"potions_floor_spawned":[4,6,11,14,19,25,29,31],"killed_by":"Champ","ascension_level":0}