{"gold_per_floor":[114,131,151,10,10,10,24,24,72,72,91,101,126,140,140,239,239,239,239,189,189,189,189,189,20,20,20,20,20,20,20,20,20,20,20,20,20,20,20,20,20,20,20,20,20,20,20,20,20,20],"floor_reached":50,"playtime":5788,"items_purged":[],"score":788,"play_id":"292aac13-965f-4c91-92d8-941066504af8","local_time":"20181102220859","is_ascension_mode":true,"campfire_choices":[{"data":"Neutralize","floor":6,"key":"SMITH"},{"data":"Terror","floor":8,"key":"SMITH"},{"data":"Sucker Punch","floor":10,"key":"SMITH"},{"floor":15,"key":"REST"},{"floor":23,"key":"REST"},{"floor":28,"key":"REST"},{"data":"Metamorphosis","floor":30,"key":"SMITH"},{"floor":32,"key":"REST"},{"floor":40,"key":"REST"},{"floor":44,"key":"REST"},{"data":"Phantasmal Killer","floor":46,"key":"SMITH"},{"floor":49,"key":"REST"}],"neow_cost":"NONE","seed_source_timestamp":319396580809363,"circlet_count":0,"master_deck":["Defend_G","Defend_G","Defend_G","Defend_G","Defend_G","Strike_G","Strike_G","Strike_G","Strike_G","Survivor","Neutralize+1","AscendersBane","Sucker Punch+1","Terror+1","Poisoned Stab","Bane","Finesse","Choke","Noxious Fumes","Slice","Infinite Blades","Venomology","Adrenaline","Infinite Blades+1","Calculated Gamble","Deflect","Deadly Poison+1","Leg Sweep","Metamorphosis+1","Prepared+1","After Image","Quick Slash","Deflect","Finisher+1","Blade Dance","Cloak And Dagger","Phantasmal Killer+1","Quick Slash+1","Secret Weapon","Good Instincts","Catalyst+1","Sucker Punch+1","Deadly Poison+1","Parasite","Phantasmal Killer"],"relics":["Ring of the Snake","Orichalcum","Snake Skull","Ectoplasm","Red Mask","Torii","Vajra","Regal Pillow","Orrery","Blue Candle","Bottled Lightning"],"potions_floor_usage":[2,13,14,18,18,19,21,22,24,33,33,33,39,41,48,50],"damage_taken":[{"damage":3,"enemies":"Cultist","floor":1,"turns":4},{"damage":0,"enemies":"Jaw Worm","floor":2,"turns":5},{"damage":2,"enemies":"2 Louse","floor":3,"turns":3},{"damage":1,"enemies":"Large Slime","floor":7,"turns":5},{"damage":13,"enemies":"Exordium Thugs","floor":11,"turns":5},{"damage":4,"enemies":"Looter","floor":12,"turns":2},{"damage":18,"enemies":"3 Sentries","floor":13,"turns":7},{"damage":9,"enemies":"Lots of Slimes","floor":14,"turns":4},{"damage":16,"enemies":"The Guardian","floor":16,"turns":10},{"damage":2,"enemies":"Shell Parasite","floor":18,"turns":4},{"damage":15,"enemies":"Masked Bandits","floor":19,"turns":5},{"damage":2,"enemies":"Spheric Guardian","floor":21,"turns":3},{"damage":11,"enemies":"Snecko","floor":22,"turns":5},{"damage":25,"enemies":"Slavers","floor":24,"turns":6},{"damage":25,"enemies":"Shelled Parasite and Fungi","floor":31,"turns":5},{"damage":65,"enemies":"Champ","floor":33,"turns":10},{"damage":1,"enemies":"3 Shapes","floor":35,"turns":7},{"damage":2,"enemies":"Orb Walker","floor":36,"turns":3},{"damage":18,"enemies":"Maw","floor":39,"turns":8},{"damage":23,"enemies":"Giant Head","floor":41,"turns":6},{"damage":9,"enemies":"Transient","floor":47,"turns":5},{"damage":44,"enemies":"Writhing Mass","floor":48,"turns":5},{"damage":89,"enemies":"Time Eater","floor":50,"turns":5}],"seed_played":"-3337912914675675169","potions_obtained":[{"floor":1,"key":"Regen Potion"},{"floor":2,"key":"FearPotion"},{"floor":13,"key":"SkillPotion"},{"floor":16,"key":"EssenceOfSteel"},{"floor":19,"key":"Ancient Potion"},{"floor":31,"key":"Swift Potion"},{"floor":36,"key":"EssenceOfSteel"},{"floor":41,"key":"FearPotion"},{"floor":48,"key":"AttackPotion"}],"is_trial":false,"path_per_floor":["M","M","M","$","?","R","M","R","T","R","M","M","E","M","R","B",null,"M","?","?","M","M","R","E","$","T","$","R","T","R","M","R","B",null,"M","M","?","?","M","R","E","$","T","R","?","R","M","M","R"],"character_chosen":"THE_SILENT","items_purchased":["Bane","Finesse","Metamorphosis"],"campfire_rested":7,"item_purchase_floors":[4,4,25],"current_hp_per_floor":[67,77,75,75,80,80,79,79,79,79,66,62,44,35,59,43,72,70,55,55,53,42,66,41,41,41,41,65,65,65,40,79,14,65,64,62,62,57,39,78,55,55,55,82,82,82,73,29,68,0],"gold":20,"neow_bonus":"TEN_PERCENT_HP_BONUS","is_prod":false,"is_daily":false,"chose_seed":false,"campfire_upgraded":5,"win_rate":0,"timestamp":1541210939,"path_taken":["M","M","M","$","?","R","?","R","T","R","M","M","E","M","R","BOSS","M","?","?","?","M","R","E","$","T","$","R","?","R","M","R","BOSS","M","M","?","?","M","R","E","$","T","R","?","R","M","M","R","BOSS"],"build_version":"2018-10-25v2","purchased_purges":0,"victory":false,"max_hp_per_floor":[77,77,77,77,82,82,82,82,82,82,82,82,82,82,82,82,82,82,82,82,82,82,82,82,82,82,82,82,82,82,82,82,82,82,82,82,82,82,82,82,82,82,82,82,82,82,82,82,82,82],"card_choices":[{"not_picked":["Blade Dance","Prepared"],"picked":"Sucker Punch","floor":1},{"not_picked":["Prepared","Backflip"],"picked":"Terror","floor":2},{"not_picked":["Bane","Sucker Punch"],"picked":"Poisoned Stab","floor":3},{"not_picked":["Setup","Distraction"],"picked":"Choke","floor":7},{"not_picked":["Prepared","Dagger Spray"],"picked":"Noxious Fumes","floor":11},{"not_picked":["Deflect","Prepared"],"picked":"Slice","floor":12},{"not_picked":["Skewer","Leg Sweep"],"picked":"Infinite Blades","floor":13},{"not_picked":["Quick Slash","Footwork"],"picked":"Venomology","floor":14},{"not_picked":["Storm of Steel","Malaise"],"picked":"Adrenaline","floor":16},{"not_picked":["Escape Plan","All Out Attack"],"picked":"Infinite Blades+1","floor":18},{"not_picked":["Outmaneuver","Flechettes"],"picked":"Calculated Gamble","floor":19},{"not_picked":["Dagger Throw","Caltrops"],"picked":"Deflect","floor":21},{"not_picked":["Blur","Predator"],"picked":"Deadly Poison+1","floor":22},{"not_picked":["Crippling Poison","Backstab"],"picked":"Leg Sweep","floor":24},{"not_picked":["PiercingWail","Underhanded Strike"],"picked":"Prepared+1","floor":31},{"not_picked":["Malaise","Burst"],"picked":"After Image","floor":33},{"not_picked":["Underhanded Strike","Acrobatics"],"picked":"Quick Slash","floor":34},{"not_picked":["Deadly Poison","Dash"],"picked":"Deflect","floor":34},{"not_picked":["Outmaneuver+1","Sucker Punch"],"picked":"Finisher+1","floor":34},{"not_picked":["Poisoned Stab","Dagger Spray"],"picked":"Blade Dance","floor":34},{"not_picked":["Backstab","Backflip"],"picked":"Cloak And Dagger","floor":34},{"not_picked":["Terror+1","Dagger Throw"],"picked":"Phantasmal Killer","floor":35},{"not_picked":["Infinite Blades+1","Bane+1"],"picked":"Quick Slash+1","floor":36},{"not_picked":["Dark Shackles","Enlightenment"],"picked":"Secret Weapon","floor":38},{"not_picked":["Metamorphosis","PanicButton"],"picked":"Good Instincts","floor":38},{"not_picked":["Blade Dance+1","Acrobatics+1"],"picked":"Catalyst+1","floor":39},{"not_picked":["Dagger Spray+1","Poisoned Stab"],"picked":"Sucker Punch+1","floor":41},{"not_picked":["Calculated Gamble","Quick Slash"],"picked":"Deadly Poison+1","floor":47},{"not_picked":["Slice","Prepared+1"],"picked":"Phantasmal Killer","floor":48}],"player_experience":1910207,"relics_obtained":[{"floor":9,"key":"Orichalcum"},{"floor":13,"key":"Snake Skull"},{"floor":19,"key":"Red Mask"},{"floor":24,"key":"Torii"},{"floor":26,"key":"Vajra"},{"floor":29,"key":"Regal Pillow"},{"floor":41,"key":"Blue Candle"},{"floor":43,"key":"Bottled Lightning"}],"event_choices":[{"damage_healed":0,"gold_gain":0,"player_choice":"Donut","damage_taken":0,"max_hp_gain":5,"max_hp_loss":0,"event_name":"Big Fish","floor":5,"gold_loss":0},{"damage_healed":0,"gold_gain":0,"player_choice":"Fought Bandits","damage_taken":0,"max_hp_gain":0,"max_hp_loss":0,"event_name":"Masked Bandits","floor":19,"gold_loss":0},{"damage_healed":0,"gold_gain":0,"player_choice":"Bet on Murderer","damage_taken":0,"max_hp_gain":0,"max_hp_loss":0,"event_name":"The Joust","floor":20,"gold_loss":50},{"damage_healed":0,"gold_gain":222,"player_choice":"Wore Mask","damage_taken":0,"max_hp_gain":0,"max_hp_loss":0,"event_name":"Tomb of Lord Red Mask","floor":37,"gold_loss":0},{"damage_healed":0,"gold_gain":0,"player_choice":"Memory 2","damage_taken":5,"max_hp_gain":0,"max_hp_loss":0,"event_name":"SensoryStone","floor":38,"gold_loss":0},{"cards_removed":["Strike_G"],"damage_healed":0,"gold_gain":0,"player_choice":"Removed Attack","damage_taken":0,"max_hp_gain":0,"max_hp_loss":0,"event_name":"Falling","floor":45,"gold_loss":0}],"is_beta":false,"boss_relics":[{"not_picked":["Calling Bell","Lizard Tail"],"picked":"Ectoplasm"},{"not_picked":["HoveringKite","Snecko Eye"],"picked":"Orrery"}],"items_purged_floors":[],"is_endless":false,"potions_floor_spawned":[1,2,13,16,19,31,36,41,48],"killed_by":"Time Eater","ascension_level":11}