{"gold_per_floor":[114,134,149,163,179,179,204,224,224,224,299,311,329,349,349,447,447,467,13,26,26,41,41,56,56,79,0,0,0,0,19,19,114,164,174,194,194,205,55,55,73,73,144,161,161,161],"floor_reached":46,"playtime":2535,"items_purged":[],"score":567,"play_id":"a037f1ae-1074-4f96-bd33-846197671c82","local_time":"20190916151216","is_ascension_mode":true,"campfire_choices":[{"floor":6.0,"key":"REST"},{"floor":10.0,"key":"RECALL"},{"floor":15.0,"key":"REST"},{"floor":23.0,"key":"REST"},{"floor":25.0,"key":"REST"},{"floor":30.0,"key":"REST"},{"data":"White Noise","floor":32,"key":"SMITH"},{"floor":40,"key":"REST"},{"floor":42,"key":"REST"},{"floor":45,"key":"REST"}],"neow_cost":"NONE","seed_source_timestamp":0,"circlet_count":0,"master_deck":["Strike_B","Strike_B","Strike_B","Strike_B","Defend_B","Defend_B","Defend_B","Defend_B","Zap","Dualcast","Cold Snap","Self Repair","Ball Lightning","Leap","Sweeping Beam","Sunder","Melter","Loop","Streamline","Rebound","Rainbow","Rebound+1","Leap+1","Chill+1","Barrage+1","Writhe","White Noise+1","Machine Learning","Beam Cell","Melter","Melter","Mind Blast","Aggregate+1","Steam+1","Chill+1","Defragment","Sweeping Beam+1","Buffer","Parasite","Static Discharge+1","Streamline"],"special_seed":0,"relics":["Cracked Core","Orichalcum","Mango","Runic Pyramid","StoneCalendar","Strawberry","Boot","MealTicket","Tiny House","Orrery","Eternal Feather"],"potions_floor_usage":[33,36,41,46],"damage_taken":[{"damage":7.0,"enemies":"Small Slimes","floor":1.0,"turns":4.0},{"damage":2.0,"enemies":"Jaw Worm","floor":2.0,"turns":4.0},{"damage":0.0,"enemies":"2 Louse","floor":3.0,"turns":4.0},{"damage":13.0,"enemies":"Exordium Wildlife","floor":4.0,"turns":5.0},{"damage":20.0,"enemies":"3 Louse","floor":5.0,"turns":4.0},{"damage":27.0,"enemies":"Gremlin Nob","floor":7.0,"turns":5.0},{"damage":6.0,"enemies":"Blue Slaver","floor":8.0,"turns":4.0},{"damage":11.0,"enemies":"Gremlin Gang","floor":12.0,"turns":4.0},{"damage":0.0,"enemies":"2 Fungi Beasts","floor":13.0,"turns":3.0},{"damage":2.0,"enemies":"Blue Slaver","floor":14.0,"turns":3.0},{"damage":22.0,"enemies":"Slime Boss","floor":16.0,"turns":12.0},{"damage":18.0,"enemies":"Chosen","floor":18.0,"turns":5.0},{"damage":34.0,"enemies":"2 Thieves","floor":20.0,"turns":4.0},{"damage":13.0,"enemies":"Snecko","floor":22.0,"turns":5.0},{"damage":43.0,"enemies":"Snake Plant","floor":24.0,"turns":6.0},{"damage":16.0,"enemies":"3 Cultists","floor":31.0,"turns":6.0},{"damage":82,"enemies":"Collector","floor":33,"turns":15},{"damage":41,"enemies":"3 Darklings","floor":35,"turns":7},{"damage":0,"enemies":"3 Shapes","floor":36,"turns":2},{"damage":61,"enemies":"Sphere and 2 Shapes","floor":38,"turns":5},{"damage":35,"enemies":"Writhing Mass","floor":41,"turns":7},{"damage":28,"enemies":"Jaw Worm Horde","floor":44,"turns":5},{"damage":107,"enemies":"Giant Head","floor":46,"turns":7}],"seed_played":"-4688693850189145123","potions_obtained":[{"floor":2.0,"key":"Regen Potion"},{"floor":4.0,"key":"AttackPotion"},{"floor":5.0,"key":"Fire Potion"},{"floor":7.0,"key":"Swift Potion"},{"floor":18.0,"key":"SpeedPotion"},{"floor":24.0,"key":"Fire Potion"},{"floor":31.0,"key":"FearPotion"},{"floor":34,"key":"Ancient Potion"},{"floor":35,"key":"AttackPotion"},{"floor":44,"key":"AttackPotion"}],"is_trial":false,"path_per_floor":["M","M","M","M","M","R","E","M","T","R","?","M","M","M","R","B",null,"M","$","M","?","M","R","M","R","T","?","?","$","R","M","R","B",null,"M","M","?","M","$","R","M","R","T","M","R","E"],"character_chosen":"DEFECT","items_purchased":["StoneCalendar","Strawberry","Orrery"],"campfire_rested":8,"item_purchase_floors":[19,19,39],"current_hp_per_floor":[75,73,80,82,69,82,62,63,77,77,66,62,69,67,95,73,96,85,92,58,37,31,63,27,59,59,59,59,74,106,97,97,22,113,79,79,79,18,33,66,38,71,71,43,100,0],"gold":161,"neow_bonus":"TEN_PERCENT_HP_BONUS","is_prod":false,"is_daily":false,"chose_seed":false,"campfire_upgraded":1,"win_rate":0,"timestamp":1568657536,"path_taken":["M","M","M","M","M","R","E","M","T","R","?","M","M","M","R","BOSS","M","$","M","?","M","R","M","R","T","?","?","$","R","M","R","BOSS","M","M","?","M","$","R","M","R","T","M","R","E"],"build_version":"2019-09-12","purchased_purges":0,"victory":false,"max_hp_per_floor":[82,82,82,82,82,82,82,82,96,96,96,96,96,96,96,96,96,96,103,103,108,108,108,108,108,108,108,108,108,108,108,108,108,113,113,113,113,113,113,113,113,113,113,113,113,113],"card_choices":[{"not_picked":["Stack","Turbo"],"picked":"Cold Snap","floor":1.0},{"not_picked":["Stack","Reinforced Body"],"picked":"Self Repair","floor":2.0},{"not_picked":["Beam Cell","Leap"],"picked":"Ball Lightning","floor":3.0},{"not_picked":["Tempest","Lockon"],"picked":"Leap","floor":4.0},{"not_picked":["Stack","Fusion"],"picked":"Sweeping Beam","floor":5.0},{"not_picked":["Go for the Eyes","Gash"],"picked":"Sunder","floor":7.0},{"not_picked":["Recycle","FTL"],"picked":"Melter","floor":8.0},{"not_picked":["Hologram","Recycle"],"picked":"Loop","floor":12.0},{"not_picked":["Recycle","Rebound"],"picked":"Streamline","floor":13.0},{"not_picked":["Turbo","Compile Driver"],"picked":"Rebound","floor":14.0},{"not_picked":["Amplify","Hyperbeam"],"picked":"Rainbow","floor":16.0},{"not_picked":["BootSequence","Scrape"],"picked":"Rebound","floor":18.0},{"not_picked":["Compile Driver","Scrape+1"],"picked":"Leap+1","floor":20.0},{"not_picked":["Sweeping Beam","Tempest"],"picked":"Chill+1","floor":22.0},{"not_picked":["Rebound","Static Discharge"],"picked":"Barrage+1","floor":24.0},{"not_picked":["Compile Driver+1","Sweeping Beam+1"],"picked":"White Noise","floor":31.0},{"not_picked":["Reboot","Hyperbeam"],"picked":"Machine Learning","floor":33},{"not_picked":["Barrage","Redo"],"picked":"Beam Cell","floor":34},{"not_picked":["Glacier+1","Auto Shields"],"picked":"Melter","floor":35},{"not_picked":["Hologram","Steam Power"],"picked":"Melter","floor":36},{"not_picked":["Enlightenment","Thinking Ahead"],"picked":"Mind Blast","floor":37},{"not_picked":["Scrape","Sweeping Beam"],"picked":"Aggregate+1","floor":38},{"not_picked":["Rebound","Cold Snap+1"],"picked":"Steam+1","floor":39},{"not_picked":["Tempest+1","Compile Driver"],"picked":"Chill+1","floor":39},{"not_picked":["Melter","Cold Snap+1"],"picked":"Defragment","floor":39},{"not_picked":["Double Energy+1","Redo+1"],"picked":"Sweeping Beam+1","floor":39},{"not_picked":["Ball Lightning+1","Tempest"],"picked":"Buffer","floor":39},{"not_picked":["Tempest+1","Rebound+1"],"picked":"Static Discharge+1","floor":41},{"not_picked":["Stack+1","Consume+1"],"picked":"Streamline","floor":44}],"player_experience":423607,"relics_obtained":[{"floor":7.0,"key":"Orichalcum"},{"floor":9.0,"key":"Mango"},{"floor":26.0,"key":"Boot"},{"floor":43,"key":"Eternal Feather"}],"event_choices":[{"damage_healed":0.0,"max_hp_gain":0.0,"max_hp_loss":0.0,"gold_gain":75.0,"event_name":"World of Goop","player_choice":"Gather Gold","floor":11.0,"gold_loss":0.0,"damage_taken":11.0},{"damage_healed":0.0,"max_hp_gain":5.0,"max_hp_loss":0.0,"gold_gain":0.0,"event_name":"Forgotten Altar","player_choice":"Shed Blood","floor":21.0,"gold_loss":0.0,"damage_taken":26.0},{"damage_healed":0.0,"max_hp_gain":0.0,"max_hp_loss":0.0,"gold_gain":0.0,"event_name":"Masked Bandits","player_choice":"Paid Fearfully","floor":27.0,"gold_loss":79.0,"damage_taken":0.0},{"damage_healed":0.0,"max_hp_gain":0.0,"max_hp_loss":0.0,"gold_gain":0.0,"event_name":"The Mausoleum","player_choice":"Opened","floor":28.0,"gold_loss":0.0,"damage_taken":0.0,"relics_obtained":["MealTicket"],"cards_obtained":["Writhe"]},{"damage_healed":0,"gold_gain":0,"player_choice":"Memory 1","damage_taken":0,"max_hp_gain":0,"max_hp_loss":0,"event_name":"SensoryStone","floor":37,"gold_loss":0}],"is_beta":true,"boss_relics":[{"not_picked":["SacredBark","FrozenCore"],"picked":"Runic Pyramid"},{"not_picked":["Empty Cage","Sozu"],"picked":"Tiny House"}],"items_purged_floors":[],"is_endless":false,"potions_floor_spawned":[2,4,5,7,8,18,24,31,35,44],"killed_by":"Giant Head","ascension_level":3}