{"gold_per_floor":[112,122,135,145,145,145,171,182,182,192,210,210,221,231,231,308,308,323,19,32,32,32,59,59,59,111,52,103,115,146,31,31,107,107,122,122],"floor_reached":36,"playtime":3105,"items_purged":[],"score":1056,"play_id":"7ca9a527-8178-40e8-8ed9-20c71e1b0466","local_time":"20190513003728","is_ascension_mode":true,"campfire_choices":[{"data":"True Grit","floor":6.0,"key":"SMITH"},{"floor":12.0,"key":"REST"},{"floor":15.0,"key":"REST"},{"data":"Entrench","floor":25.0,"key":"SMITH"},{"data":"Evolve","floor":32,"key":"SMITH"}],"neow_cost":"NONE","seed_source_timestamp":0,"circlet_count":0,"master_deck":["AscendersBane","Strike_R+1","Strike_R+1","Strike_R+1","Strike_R+1","Strike_R+1","Defend_R+1","Defend_R+1","Defend_R+1","Defend_R+1","Bash","Fiend Fire","Shrug It Off","Inflame","Armaments+1","True Grit+1","Body Slam+1","Flame Barrier","Anger","Twin Strike","Reaper","Offering","Heavy Blade","Entrench+1","J.A.X.","Feel No Pain","Shrug It Off+1","Decay","Limit Break+1","Rage+1","Clothesline","Evolve+1","Juggernaut","Rage+1"],"special_seed":0,"relics":["Burning Blood","Omamori","Whetstone","Cursed Key","Kunai","Anchor","Toxic Egg 2","Potion Belt","Smiling Mask","PreservedInsect","Eternal Feather"],"potions_floor_usage":[33],"damage_taken":[{"damage":2.0,"enemies":"2 Louse","floor":1.0,"turns":3.0},{"damage":2.0,"enemies":"Jaw Worm","floor":2.0,"turns":4.0},{"damage":0.0,"enemies":"Cultist","floor":3.0,"turns":3.0},{"damage":1.0,"enemies":"3 Louse","floor":4.0,"turns":3.0},{"damage":27.0,"enemies":"3 Sentries","floor":7.0,"turns":13.0},{"damage":19.0,"enemies":"2 Fungi Beasts","floor":8.0,"turns":6.0},{"damage":0.0,"enemies":"Large Slime","floor":10.0,"turns":4.0},{"damage":20.0,"enemies":"Lots of Slimes","floor":11.0,"turns":5.0},{"damage":8.0,"enemies":"Exordium Wildlife","floor":13.0,"turns":5.0},{"damage":6.0,"enemies":"Blue Slaver","floor":14.0,"turns":4.0},{"damage":31.0,"enemies":"Hexaghost","floor":16.0,"turns":9.0},{"damage":18.0,"enemies":"2 Thieves","floor":18.0,"turns":4.0},{"damage":13.0,"enemies":"Chosen","floor":20.0,"turns":4.0},{"damage":42.0,"enemies":"Book of Stabbing","floor":23.0,"turns":5.0},{"damage":17.0,"enemies":"Shelled Parasite and Fungi","floor":29.0,"turns":4.0},{"damage":37,"enemies":"Gremlin Leader","floor":30,"turns":9},{"damage":48,"enemies":"Collector","floor":33,"turns":12},{"damage":33,"enemies":"Orb Walker","floor":35,"turns":5},{"damage":60,"enemies":"3 Darklings","floor":36,"turns":6}],"seed_played":"2905083831110659494","potions_obtained":[{"floor":1.0,"key":"SteroidPotion"},{"floor":3.0,"key":"Fire Potion"},{"floor":8.0,"key":"Strength Potion"},{"floor":10.0,"key":"PowerPotion"},{"floor":16.0,"key":"SmokeBomb"},{"floor":18.0,"key":"LiquidBronze"},{"floor":20.0,"key":"Regen Potion"},{"floor":30,"key":"Strength Potion"}],"is_trial":false,"path_per_floor":["M","M","M","M","?","R","E","M","T","M","M","R","M","M","R","B",null,"M","$","M","?","?","E","?","R","T","$","T","M","E","$","R","B",null,"M","M"],"character_chosen":"IRONCLAD","items_purchased":["Kunai","Entrench","Shrug It Off+1","Clothesline","Evolve"],"campfire_rested":2,"item_purchase_floors":[19,19,27,31,31],"current_hp_per_floor":[72,75,75,75,52,52,31,18,18,24,10,32,30,34,56,37,66,68,68,66,66,66,55,55,55,55,55,55,44,58,58,58,42,67,48,0],"gold":122,"neow_bonus":"ONE_RANDOM_RARE_CARD","is_prod":false,"is_daily":false,"chose_seed":false,"campfire_upgraded":3,"win_rate":0,"timestamp":1557722248,"path_taken":["M","M","M","M","?","R","E","M","T","M","M","R","M","M","R","BOSS","M","$","M","?","?","E","?","R","T","?","?","M","E","$","R","BOSS","M","M"],"build_version":"2019-01-23","purchased_purges":0,"victory":false,"max_hp_per_floor":[75,75,75,75,75,75,75,75,75,75,75,75,75,75,75,75,75,75,75,75,75,75,75,75,75,75,75,75,75,75,75,75,75,75,75,75],"card_choices":[{"not_picked":["Infernal Blade","Inflame"],"picked":"Shrug It Off","floor":1.0},{"not_picked":["Headbutt","Armaments"],"picked":"Inflame","floor":2.0},{"not_picked":["Sever Soul","Headbutt"],"picked":"Armaments","floor":3.0},{"not_picked":["Anger","Intimidate"],"picked":"True Grit","floor":4.0},{"not_picked":["Fire Breathing","Anger"],"picked":"Body Slam","floor":7.0},{"not_picked":["True Grit","Offering"],"picked":"Flame Barrier","floor":8.0},{"not_picked":["Rupture","Burning Pact"],"picked":"Anger","floor":10.0},{"not_picked":["Wild Strike","Heavy Blade"],"picked":"Twin Strike","floor":11.0},{"not_picked":["Carnage","Perfected Strike"],"picked":"Reaper","floor":13.0},{"not_picked":["Havoc","True Grit","Shrug It Off"],"picked":"SKIP","floor":14.0},{"not_picked":["Reaper","Bludgeon"],"picked":"Offering","floor":16.0},{"not_picked":["Seeing Red","Reckless Charge+1"],"picked":"Heavy Blade","floor":18.0},{"not_picked":["True Grit","Twin Strike","Perfected Strike"],"picked":"SKIP","floor":20.0},{"not_picked":["Flex","Entrench"],"picked":"Feel No Pain","floor":23.0},{"not_picked":["Pummel","Metallicize+1"],"picked":"Limit Break+1","floor":29.0},{"not_picked":["Fiend Fire","Sword Boomerang+1"],"picked":"Rage+1","floor":30},{"not_picked":["Berserk","Bludgeon"],"picked":"Juggernaut","floor":33},{"not_picked":["Cleave","Pommel Strike"],"picked":"Rage+1","floor":35}],"player_experience":2591601,"relics_obtained":[{"floor":7.0,"key":"Omamori"},{"floor":9.0,"key":"Whetstone"},{"floor":23.0,"key":"Toxic Egg 2"},{"floor":26.0,"key":"Potion Belt"},{"floor":28.0,"key":"Smiling Mask"},{"floor":30,"key":"PreservedInsect"}],"event_choices":[{"damage_healed":0.0,"max_hp_gain":0.0,"max_hp_loss":0.0,"gold_gain":0.0,"event_name":"Shining Light","player_choice":"Entered Light","floor":5.0,"gold_loss":0.0,"damage_taken":23.0,"cards_upgraded":["Strike_R","Armaments"]},{"damage_healed":0.0,"max_hp_gain":0.0,"max_hp_loss":0.0,"gold_gain":0.0,"event_name":"The Mausoleum","player_choice":"Opened","floor":21.0,"gold_loss":0.0,"damage_taken":0.0,"relics_obtained":["Anchor"],"cards_obtained":["Writhe"]},{"damage_healed":0.0,"max_hp_gain":0.0,"max_hp_loss":0.0,"gold_gain":0.0,"event_name":"Drug Dealer","player_choice":"Obtain J.A.X.","floor":22.0,"gold_loss":0.0,"damage_taken":0.0,"cards_obtained":["J.A.X."]},{"damage_healed":0.0,"max_hp_gain":0.0,"max_hp_loss":0.0,"gold_gain":0.0,"event_name":"Back to Basics","player_choice":"Simplicity","floor":24.0,"gold_loss":0.0,"damage_taken":0.0,"cards_upgraded":["Strike_R","Strike_R","Strike_R","Defend_R","Defend_R","Defend_R","Defend_R"]}],"is_beta":false,"boss_relics":[{"not_picked":["Calling Bell","White Beast Statue"],"picked":"Cursed Key"},{"not_picked":["Runic Dome","Astrolabe"],"picked":"Eternal Feather"}],"items_purged_floors":[],"is_endless":false,"potions_floor_spawned":[1,3,8,10,14,16,18,20,30],"killed_by":"3 Darklings","ascension_level":18}