{"gold_per_floor":[114,128,142,142,142,142,115,115,115,130,130],"floor_reached":11,"playtime":497,"items_purged":[],"score":104,"play_id":"9fa098ef-bc3c-415f-8665-ab565be284e9","local_time":"20190215223925","is_ascension_mode":true,"campfire_choices":[{"data":"Defragment","floor":6,"key":"SMITH"},{"data":"Dualcast","floor":8,"key":"SMITH"}],"neow_cost":"PERCENT_DAMAGE","seed_source_timestamp":724624053689045,"circlet_count":0,"master_deck":["AscendersBane","Strike_B","Strike_B","Strike_B","Defend_B","Defend_B","Defend_B","Zap+1","Dualcast+1","Conserve Battery","Defragment+1","Self Repair","Go for the Eyes"],"relics":["Cracked Core","Sundial"],"potions_floor_usage":[10],"damage_taken":[{"damage":8,"enemies":"Jaw Worm","floor":1,"turns":4},{"damage":0,"enemies":"2 Louse","floor":2,"turns":3},{"damage":0,"enemies":"Cultist","floor":3,"turns":3},{"damage":18,"enemies":"Gremlin Gang","floor":10,"turns":6},{"damage":46,"enemies":"3 Sentries","floor":11,"turns":6}],"seed_played":"-802959262746312834","potions_obtained":[{"floor":1,"key":"Regen Potion"},{"floor":2,"key":"Ancient Potion"}],"is_trial":false,"path_per_floor":["M","M","M","?","?","R","?","R","T","M","E"],"character_chosen":"DEFECT","items_purchased":[],"campfire_rested":0,"item_purchase_floors":[],"current_hp_per_floor":[42,42,42,42,42,42,42,42,42,46,0],"gold":130,"neow_bonus":"REMOVE_TWO","is_prod":false,"is_daily":false,"chose_seed":false,"campfire_upgraded":2,"win_rate":0,"timestamp":1550288365,"path_taken":["M","M","M","?","?","R","?","R","T","M","E"],"build_version":"2019-01-23","purchased_purges":0,"victory":false,"max_hp_per_floor":[75,75,75,75,75,75,75,75,75,75,75],"card_choices":[{"not_picked":["Consume","Leap"],"picked":"Conserve Battery","floor":1},{"not_picked":["Coolheaded","Fusion"],"picked":"Defragment","floor":2},{"not_picked":["Coolheaded","Fusion"],"picked":"Self Repair","floor":3},{"not_picked":["Coolheaded","Stack"],"picked":"Go for the Eyes","floor":10}],"player_experience":2275861,"relics_obtained":[{"floor":9,"key":"Sundial"}],"event_choices":[{"damage_healed":0,"gold_gain":0,"player_choice":"Fled","damage_taken":0,"max_hp_gain":0,"max_hp_loss":0,"event_name":"Scrap Ooze","floor":4,"gold_loss":0},{"damage_healed":0,"gold_gain":0,"player_choice":"Grow","damage_taken":0,"max_hp_gain":0,"max_hp_loss":0,"event_name":"Living Wall","floor":5,"gold_loss":0,"cards_upgraded":["Zap"]},{"damage_healed":0,"gold_gain":0,"player_choice":"Left Gold","damage_taken":0,"max_hp_gain":0,"max_hp_loss":0,"event_name":"World of Goop","floor":7,"gold_loss":27}],"is_beta":false,"boss_relics":[],"items_purged_floors":[],"is_endless":false,"potions_floor_spawned":[1,2],"killed_by":"3 Sentries","ascension_level":13}