{"path_per_floor":["M","?","M","M","M","R","M","?","T","$","M","E","$","M","R","B",null,"M","M","$","M"],"character_chosen":"DEFECT","items_purchased":["Regal Pillow","Ball Lightning","Hologram","Electrodynamics","Sweeping Beam"],"gold_per_floor":[114,114,129,144,159,159,174,174,204,8,23,53,5,20,20,120,120,135,150,24,39,39],"floor_reached":22,"campfire_rested":0,"playtime":2632,"item_purchase_floors":[10,10,13,20,20],"current_hp_per_floor":[70,70,70,70,70,70,54,85,85,85,85,71,71,69,69,45,85,15,15,15,7,0],"items_purged":[],"gold":39,"score":190,"play_id":"1325abb9-2f68-40f6-9602-44e75b574bbd","local_time":"20180623022606","daily_mods":["Allstar","Uncertain Future","Lethality"],"is_prod":false,"is_daily":true,"chose_seed":false,"is_ascension_mode":false,"campfire_upgraded":2,"win_rate":0.0,"timestamp":1529735166,"campfire_choices":[{"data":"Thinking Ahead","floor":6,"key":"SMITH"},{"data":"Seek","floor":15,"key":"SMITH"}],"path_taken":["M","?","M","M","M","R","M","?","T","$","M","E","?","M","R","BOSS","M","M","$","M","M"],"build_version":"2018-06-14v2","seed_source_timestamp":1086858428945971,"purchased_purges":0,"victory":false,"master_deck":["Strike_B","Strike_B","Strike_B","Strike_B","Defend_B","Defend_B","Defend_B","Defend_B","Zap","Dualcast+1","Dark Shackles","Thinking Ahead+1","Finesse","Dramatic Entrance","Ball Lightning","Hologram","Tempest","Beam Cell","Doom and Gloom","Ball Lightning","Machine Learning","Seek+1","Hologram","Conserve Battery","Electrodynamics","Self Repair","Steam+1","Electrodynamics","Sweeping Beam","Go for the Eyes+1"],"max_hp_per_floor":[75,75,75,75,75,75,75,85,85,85,85,85,85,85,85,85,85,85,85,85,85,85],"special_seed":17700,"relics":["Cracked Core","Tiny Chest","Regal Pillow","Dream Catcher","Fusion Hammer"],"card_choices":[{"not_picked":["Streamline","Turbo"],"picked":"Ball Lightning","floor":1},{"not_picked":["Coolheaded","Streamline"],"picked":"Hologram","floor":3},{"not_picked":["Conserve Battery","Double Energy"],"picked":"Tempest","floor":4},{"not_picked":["Rip and Tear","Ball Lightning"],"picked":"Beam Cell","floor":5},{"not_picked":["Undo","Reprogram"],"picked":"Doom and Gloom","floor":7},{"not_picked":["Gash","Sweeping Beam"],"picked":"Machine Learning","floor":11},{"not_picked":["Streamline","Fusion"],"picked":"Seek","floor":12},{"not_picked":["Reinforced Body","Darkness"],"picked":"Conserve Battery","floor":14},{"not_picked":["Hyperbeam","Seek"],"picked":"Electrodynamics","floor":16},{"not_picked":["Doom and Gloom","Rebound"],"picked":"Self Repair","floor":18},{"not_picked":["Steam Power+1","Defragment"],"picked":"Steam+1","floor":19},{"not_picked":["Rip and Tear","Leap+1"],"picked":"Go for the Eyes+1","floor":21}],"player_experience":1125107,"potions_floor_usage":[5,12,16,22,22],"damage_taken":[{"damage":5,"enemies":"2 Louse","floor":1,"turns":2},{"damage":0,"enemies":"Cultist","floor":3,"turns":2},{"damage":0,"enemies":"Small Slimes","floor":4,"turns":2},{"damage":0,"enemies":"3 Louse","floor":5,"turns":2},{"damage":16,"enemies":"Gremlin Gang","floor":7,"turns":3},{"damage":0,"enemies":"Blue Slaver","floor":11,"turns":1},{"damage":14,"enemies":"Gremlin Nob","floor":12,"turns":3},{"damage":2,"enemies":"Red Slaver","floor":14,"turns":2},{"damage":24,"enemies":"Slime Boss","floor":16,"turns":6},{"damage":70,"enemies":"3 Byrds","floor":18,"turns":3},{"damage":0,"enemies":"Chosen","floor":19,"turns":3},{"damage":8,"enemies":"3 Cultists","floor":21,"turns":3},{"damage":7,"enemies":"Centurion and Healer","floor":22,"turns":1}],"relics_obtained":[{"floor":9,"key":"Tiny Chest"},{"floor":12,"key":"Dream Catcher"}],"event_choices":[{"event_name":"Upgrade Shrine","player_choice":"Upgraded","floor":2,"damage_taken":0},{"event_name":"Bonfire Elementals","player_choice":"RARE","floor":8,"damage_taken":0}],"boss_relics":[{"not_picked":["Empty Cage","White Beast Statue"],"picked":"Fusion Hammer"}],"items_purged_floors":[],"is_endless":false,"potions_floor_spawned":[1,4,7,12,16,18],"seed_played":"-1606100397584430063","killed_by":"Centurion and Healer","ascension_level":0,"potions_obtained":[{"floor":1,"key":"Fire Potion"},{"floor":4,"key":"FearPotion"},{"floor":7,"key":"AttackPotion"},{"floor":12,"key":"Fire Potion"},{"floor":16,"key":"Strength Potion"},{"floor":18,"key":"GamblersBrew"}],"is_trial":false}