{"gold_per_floor":[211,211,94,109,127,158,158,185,185,185,210,260,273,273,273,350,350,367,367,367,367,377,377,397,429,480,183,197,197,211,240,240,240],"floor_reached":33,"playtime":2572,"items_purged":["Defend_P","Defend_P"],"score":586,"play_id":"2a34409b-331a-4b1b-929f-53fc22900b35","local_time":"20190918232730","is_ascension_mode":true,"campfire_choices":[{"data":"BowlingBash","floor":7.0,"key":"SMITH"},{"floor":10.0,"key":"REST"},{"data":"SashWhip","floor":15.0,"key":"SMITH"},{"data":"RitualDagger","floor":23.0,"key":"SMITH"},{"data":"SashWhip","floor":32,"key":"SMITH"}],"neow_cost":"NONE","seed_source_timestamp":0,"circlet_count":0,"master_deck":["AscendersBane","Defend_P","Eruption","Vigilance","EmptyFist","Adaptation","SashWhip+1","BowlingBash+1","ThirdEye","SandsOfTime","ClearTheMind","FlurryOfBlows","MasterReality","SashWhip+1","Bite","Bite","Bite","Bite","Bite","RitualDagger+1","Devotion+1","DevaForm","Apotheosis","WindmillStrike+1","Collect","Adaptation"],"special_seed":0,"relics":["PureWater","Question Card","Blue Candle","StoneCalendar","Ginger","Ice Cream","Snecko Eye","Yang","Boot","Du-Vu Doll"],"potions_floor_usage":[31],"damage_taken":[{"damage":7.0,"enemies":"Cultist","floor":1.0,"turns":4.0},{"damage":7.0,"enemies":"Small Slimes","floor":4.0,"turns":5.0},{"damage":0.0,"enemies":"Jaw Worm","floor":5.0,"turns":2.0},{"damage":22.0,"enemies":"Lagavulin","floor":6.0,"turns":6.0},{"damage":8.0,"enemies":"3 Sentries","floor":8.0,"turns":8.0},{"damage":8.0,"enemies":"Lagavulin","floor":11.0,"turns":5.0},{"damage":3.0,"enemies":"Looter","floor":13.0,"turns":3.0},{"damage":10.0,"enemies":"Hexaghost","floor":16.0,"turns":9.0},{"damage":0.0,"enemies":"Spheric Guardian","floor":18.0,"turns":3.0},{"damage":0.0,"enemies":"Chosen","floor":22.0,"turns":3.0},{"damage":0.0,"enemies":"Snecko","floor":24.0,"turns":5.0},{"damage":18.0,"enemies":"Gremlin Leader","floor":25.0,"turns":5.0},{"damage":19.0,"enemies":"Snake Plant","floor":28.0,"turns":7.0},{"damage":0.0,"enemies":"Cultist and Chosen","floor":30.0,"turns":5.0},{"damage":15,"enemies":"Book of Stabbing","floor":31,"turns":4},{"damage":55,"enemies":"Collector","floor":33,"turns":5}],"seed_played":"-2710958837147422852","potions_obtained":[{"floor":1.0,"key":"StancePotion"},{"floor":6.0,"key":"EssenceOfSteel"},{"floor":11.0,"key":"Fire Potion"},{"floor":16.0,"key":"SkillPotion"},{"floor":25.0,"key":"LiquidBronze"}],"is_trial":false,"path_per_floor":["M","T","$","M","M","E","R","E","T","R","E","?","M","?","R","B",null,"M","?","?","?","M","R","M","E","T","$","M","?","M","E","R","B"],"character_chosen":"WATCHER","items_purchased":["Adaptation","Apotheosis"],"campfire_rested":1,"item_purchase_floors":[3,27],"current_hp_per_floor":[48,48,48,41,41,19,19,11,11,29,21,21,18,18,18,8,48,48,42,36,36,42,42,42,34,34,34,30,30,42,27,27,0],"gold":240,"neow_bonus":"HUNDRED_GOLD","is_prod":false,"is_daily":false,"chose_seed":false,"campfire_upgraded":4,"win_rate":0,"timestamp":1568806050,"path_taken":["M","?","$","M","M","E","R","E","T","R","E","?","?","?","R","BOSS","M","?","?","?","M","R","M","E","T","$","M","?","M","E","R","BOSS"],"build_version":"2019-09-17","purchased_purges":2,"victory":false,"max_hp_per_floor":[61,61,61,61,61,61,61,61,61,61,61,61,61,61,61,61,61,61,42,42,42,42,42,42,42,42,42,42,42,42,42,42,42],"card_choices":[{"not_picked":["Wireheading","Sanctity"],"picked":"EmptyFist","floor":1.0},{"not_picked":["BowlingBash","TalkToTheHand","EmptyFist"],"picked":"SashWhip","floor":4.0},{"not_picked":["EmptyMind","Adaptation","Consecrate"],"picked":"BowlingBash","floor":5.0},{"not_picked":["Conclude","Metaphysics","Consecrate"],"picked":"ThirdEye","floor":6.0},{"not_picked":["Sanctity","CleanseEvil","FollowUp"],"picked":"SandsOfTime","floor":8.0},{"not_picked":["FollowUp","WaveOfTheHand","Weave"],"picked":"ClearTheMind","floor":11.0},{"not_picked":["BowlingBash","Crescendo","Establishment"],"picked":"FlurryOfBlows","floor":13.0},{"not_picked":["Nirvana","Omniscience","DeusExMachina"],"picked":"MasterReality","floor":16.0},{"not_picked":["CarveReality","ThirdEye","Worship"],"picked":"SashWhip","floor":18.0},{"not_picked":["JustLucky","ClearTheMind","BowlingBash"],"picked":"Devotion+1","floor":22.0},{"not_picked":["PathToVictory","FlyingSleeves","JustLucky","ClearTheMind"],"picked":"SKIP","floor":24.0},{"not_picked":["Prostrate","Weave","Adaptation"],"picked":"DevaForm","floor":25.0},{"not_picked":["Halt","Consecrate","Prostrate"],"picked":"WindmillStrike+1","floor":28.0},{"not_picked":["ClearTheMind","CrushJoints","Prostrate"],"picked":"Collect","floor":30.0},{"not_picked":["FlurryOfBlows","Wireheading","Judgement"],"picked":"Adaptation","floor":31}],"player_experience":1129502,"relics_obtained":[{"floor":2.0,"key":"Question Card"},{"floor":6.0,"key":"Blue Candle"},{"floor":8.0,"key":"StoneCalendar"},{"floor":9.0,"key":"Ginger"},{"floor":11.0,"key":"Ice Cream"},{"floor":25.0,"key":"Yang"},{"floor":26.0,"key":"Boot"},{"floor":31,"key":"Du-Vu Doll"}],"event_choices":[{"damage_healed":0.0,"max_hp_gain":0.0,"max_hp_loss":0.0,"gold_gain":50.0,"event_name":"Golden Shrine","player_choice":"Pray","floor":12.0,"gold_loss":0.0,"damage_taken":0.0},{"damage_healed":0.0,"max_hp_gain":0.0,"max_hp_loss":0.0,"gold_gain":0.0,"event_name":"Liars Game","player_choice":"Ignored","floor":14.0,"gold_loss":0.0,"damage_taken":0.0},{"damage_healed":0.0,"max_hp_gain":0.0,"max_hp_loss":19.0,"gold_gain":0.0,"event_name":"Vampires","player_choice":"Became a vampire","floor":19.0,"gold_loss":0.0,"damage_taken":0.0,"cards_obtained":["Bite","Bite","Bite","Bite","Bite"]},{"damage_healed":0.0,"max_hp_gain":0.0,"max_hp_loss":0.0,"gold_gain":0.0,"event_name":"Nest","player_choice":"Joined the Cult","floor":20.0,"gold_loss":0.0,"damage_taken":6.0,"cards_obtained":["RitualDagger"]},{"damage_healed":0.0,"max_hp_gain":0.0,"max_hp_loss":0.0,"gold_gain":0.0,"event_name":"Ghosts","player_choice":"Ignored","floor":21.0,"gold_loss":0.0,"damage_taken":0.0},{"cards_removed":["Defend_P"],"damage_healed":0.0,"max_hp_gain":0.0,"max_hp_loss":0.0,"gold_gain":0.0,"event_name":"Back to Basics","player_choice":"Elegance","floor":29.0,"gold_loss":0.0,"damage_taken":0.0}],"is_beta":true,"boss_relics":[{"not_picked":["Runic Pyramid","Calling Bell"],"picked":"Snecko Eye"}],"items_purged_floors":[3,27],"is_endless":false,"potions_floor_spawned":[1,6,11,16,18,24,25],"killed_by":"Collector","ascension_level":17}