{"gold_per_floor":[117,117,132,132,132,159,159,176,176,193,207,222,252,252,252,349,349,364,381,381,391,0,0,14,43,89,89,106,134,145,45,45,45],"floor_reached":33,"playtime":3410,"items_purged":[],"score":389,"play_id":"233a22ca-3cf3-44ef-b194-e74bb8766a99","local_time":"20180828001859","is_ascension_mode":true,"campfire_choices":[{"data":"Zap","floor":7,"key":"SMITH"},{"floor":15,"key":"REST"},{"floor":23,"key":"REST"},{"floor":27,"key":"REST"},{"floor":32,"key":"REST"}],"neow_cost":"NONE","seed_source_timestamp":253306926058754,"circlet_count":0,"master_deck":["Strike_B","Strike_B","Defend_B","Defend_B+1","Defend_B+1","Zap+1","Dualcast","Sunder+1","Beam Cell","Go for the Eyes","BootSequence","Reinforced Body","Conserve Battery","Machine Learning","Gash","Echo Form","Skim","Gash","Capacitor","Gash","Loop","Skim","All For One","Loop+1","Hologram+1","Hologram","Self Repair","Hologram"],"relics":["Cracked Core","Letter Opener","War Paint","Mummified Hand","Empty Cage","Torii","Shuriken","Omamori","Dead Branch"],"potions_floor_usage":[6,21,25,25,28,30],"damage_taken":[{"damage":3,"enemies":"Jaw Worm","floor":1,"turns":4},{"damage":0,"enemies":"Cultist","floor":3,"turns":2},{"damage":36,"enemies":"3 Sentries","floor":6,"turns":9},{"damage":0,"enemies":"Small Slimes","floor":8,"turns":2},{"damage":1,"enemies":"2 Fungi Beasts","floor":10,"turns":3},{"damage":0,"enemies":"Blue Slaver","floor":11,"turns":3},{"damage":1,"enemies":"3 Louse","floor":12,"turns":4},{"damage":6,"enemies":"Lagavulin","floor":13,"turns":5},{"damage":26,"enemies":"Slime Boss","floor":16,"turns":11},{"damage":11,"enemies":"2 Thieves","floor":18,"turns":4},{"damage":12,"enemies":"Shell Parasite","floor":19,"turns":4},{"damage":12,"enemies":"Centurion and Healer","floor":21,"turns":5},{"damage":23,"enemies":"Sentry and Sphere","floor":24,"turns":5},{"damage":36,"enemies":"Gremlin Leader","floor":25,"turns":6},{"damage":1,"enemies":"3 Cultists","floor":28,"turns":4},{"damage":8,"enemies":"Slavers","floor":29,"turns":4},{"damage":10,"enemies":"Snake Plant","floor":30,"turns":3},{"damage":54,"enemies":"Automaton","floor":33,"turns":6}],"seed_played":"-7389574163333338518","potions_obtained":[{"floor":1,"key":"Regen Potion"},{"floor":6,"key":"Regen Potion"},{"floor":13,"key":"Weak Potion"},{"floor":18,"key":"Fire Potion"},{"floor":25,"key":"Strength Potion"},{"floor":29,"key":"SpeedPotion"},{"floor":30,"key":"Poison Potion"}],"is_trial":false,"path_per_floor":["M","?","M","?","?","E","R","M","T","M","M","M","E","?","R","B",null,"M","M","?","M","$","R","M","E","T","R","M","E","M","$","R"],"character_chosen":"DEFECT","items_purchased":["Gash","Torii","Loop","Self Repair","Hologram"],"campfire_rested":4,"item_purchase_floors":[22,22,22,31,31],"current_hp_per_floor":[65,65,65,65,65,44,44,44,44,43,43,42,36,41,65,39,70,59,47,47,35,35,59,36,14,14,38,37,29,19,19,43,0],"gold":45,"neow_bonus":"REMOVE_CARD","is_prod":false,"is_daily":false,"chose_seed":false,"campfire_upgraded":1,"win_rate":0,"timestamp":1535429939,"path_taken":["M","?","?","?","?","E","R","M","T","M","M","M","E","?","R","BOSS","M","M","?","M","?","R","?","E","T","R","M","E","M","$","R","BOSS"],"build_version":"2018-08-23v2","purchased_purges":0,"victory":false,"max_hp_per_floor":[75,75,75,75,75,75,75,75,75,75,75,75,75,80,80,80,80,80,80,80,80,80,80,80,80,80,80,80,80,80,80,80,80],"card_choices":[{"not_picked":["Heatsinks","Turbo"],"picked":"Sunder","floor":1},{"not_picked":["Steam","Rebound"],"picked":"Beam Cell","floor":3},{"not_picked":["Melter","Beam Cell"],"picked":"Go for the Eyes","floor":6},{"not_picked":["Darkness","Streamline"],"picked":"BootSequence","floor":8},{"not_picked":["Compile Driver","Recycle"],"picked":"Reinforced Body","floor":10},{"not_picked":["Steam","Streamline"],"picked":"Conserve Battery","floor":11},{"not_picked":["Compile Driver","Steam"],"picked":"Machine Learning","floor":12},{"not_picked":["Capacitor","Defragment"],"picked":"Gash","floor":13},{"not_picked":["Reboot","Buffer"],"picked":"Echo Form","floor":16},{"not_picked":["Chaos+1","Fusion+1"],"picked":"Skim","floor":18},{"not_picked":["Reprogram","Leap+1"],"picked":"Gash","floor":19},{"not_picked":["Coolheaded","Streamline"],"picked":"Capacitor","floor":21},{"not_picked":["Rainbow","Ball Lightning"],"picked":"Skim","floor":24},{"not_picked":["Meteor Strike","Sweeping Beam"],"picked":"All For One","floor":25},{"not_picked":["Darkness","Double Energy"],"picked":"Loop+1","floor":28},{"not_picked":["Compile Driver","Core Surge"],"picked":"Hologram+1","floor":29},{"not_picked":["Steam","Rebound"],"picked":"Hologram","floor":30}],"player_experience":1596272,"relics_obtained":[{"floor":6,"key":"Letter Opener"},{"floor":9,"key":"War Paint"},{"floor":13,"key":"Mummified Hand"},{"floor":25,"key":"Shuriken"},{"floor":26,"key":"Omamori"},{"floor":29,"key":"Dead Branch"}],"event_choices":[{"event_name":"Accursed Blacksmith","player_choice":"Forge","floor":2,"damage_taken":0},{"event_name":"Liars Game","player_choice":"disagreed","floor":4,"damage_taken":0},{"event_name":"Wheel of Change","player_choice":"Curse","floor":5,"damage_taken":0},{"event_name":"Big Fish","player_choice":"Donut","floor":14,"damage_taken":0},{"event_name":"Back to Basics","player_choice":"Elegance","floor":20,"damage_taken":0}],"is_beta":false,"boss_relics":[{"not_picked":["Runic Dome","Philosopher\u0027s Stone"],"picked":"Empty Cage"}],"items_purged_floors":[],"is_endless":false,"potions_floor_spawned":[1,6,13,18,25,29,30],"killed_by":"Automaton","ascension_level":6}