{"gold_per_floor":[116,129,129,7,21,48,48,59,86,86,86,109,122,72,72,197,197,218,233,16,34,50,50],"floor_reached":23,"playtime":884,"items_purged":[],"score":224,"play_id":"c1cc08f9-354e-46b0-a621-540cbde3a203","local_time":"20191007082913","is_ascension_mode":true,"campfire_choices":[{"floor":7,"key":"REST"},{"floor":11,"key":"REST"},{"floor":15,"key":"RECALL"}],"neow_cost":"NONE","seed_source_timestamp":116851431061232,"circlet_count":0,"master_deck":["Strike_B","Strike_B","Strike_B","Strike_B","Defend_B","Defend_B","Defend_B","Defend_B","Zap","Dualcast","Ball Lightning","Steam","Swift Strike","Scrape","Auto Shields","Sunder","Sweeping Beam","Fusion","Chill","Electrodynamics","Leap","Hello World","White Noise","Doom and Gloom","Rebound"],"relics":["Cracked Core","NeowsBlessing","Juzu Bracelet","Golden Idol","Fusion Hammer","Bronze Scales"],"potions_floor_usage":[6,16,16,21,23],"damage_taken":[{"damage":0,"enemies":"2 Louse","floor":1,"turns":2},{"damage":0,"enemies":"Small Slimes","floor":2,"turns":1},{"damage":0,"enemies":"Cultist","floor":5,"turns":1},{"damage":47,"enemies":"3 Sentries","floor":6,"turns":7},{"damage":0,"enemies":"Large Slime","floor":8,"turns":3},{"damage":1,"enemies":"2 Fungi Beasts","floor":12,"turns":2},{"damage":0,"enemies":"Lots of Slimes","floor":13,"turns":3},{"damage":40,"enemies":"Slime Boss","floor":16,"turns":9},{"damage":30,"enemies":"2 Thieves","floor":18,"turns":3},{"damage":12,"enemies":"Chosen","floor":19,"turns":4},{"damage":22,"enemies":"Snake Plant","floor":21,"turns":4},{"damage":0,"enemies":"3 Cultists","floor":22,"turns":3},{"damage":57,"enemies":"Book of Stabbing","floor":23,"turns":5}],"seed_played":"-4343977831597920620","potions_obtained":[{"floor":2,"key":"DuplicationPotion"},{"floor":8,"key":"PowerPotion"},{"floor":12,"key":"DuplicationPotion"},{"floor":16,"key":"FairyPotion"},{"floor":18,"key":"SpeedPotion"},{"floor":22,"key":"Regen Potion"}],"is_trial":false,"path_per_floor":["M","M","?","$","M","E","R","M","T","?","R","M","M","?","R","B",null,"M","M","$","M","M","E"],"character_chosen":"DEFECT","items_purchased":["Swift Strike","Scrape","Bronze Scales","White Noise"],"campfire_rested":2,"item_purchase_floors":[4,4,20,20],"current_hp_per_floor":[75,75,75,75,75,28,50,50,50,50,72,71,71,71,71,31,75,45,33,33,11,11,0],"gold":50,"neow_bonus":"THREE_ENEMY_KILL","is_prod":false,"is_daily":false,"chose_seed":false,"campfire_upgraded":0,"win_rate":0,"timestamp":1570447753,"path_taken":["M","M","?","$","M","E","R","M","T","?","R","M","M","?","R","BOSS","M","M","$","M","M","E"],"build_version":"2019-10-04","purchased_purges":0,"victory":false,"max_hp_per_floor":[75,75,75,75,75,75,75,75,75,75,75,75,75,75,75,75,75,75,75,75,75,75,75],"card_choices":[{"not_picked":["Steam","Turbo"],"picked":"Ball Lightning","floor":1},{"not_picked":["Redo","Ball Lightning"],"picked":"Steam","floor":2},{"not_picked":["Barrage","Conserve Battery"],"picked":"Auto Shields","floor":5},{"not_picked":["Lockon","Redo"],"picked":"Sunder","floor":6},{"not_picked":["Consume","Rebound"],"picked":"Sweeping Beam","floor":8},{"not_picked":["Streamline","Beam Cell"],"picked":"Fusion","floor":12},{"not_picked":["Genetic Algorithm","All For One"],"picked":"Chill","floor":13},{"not_picked":["Hyperbeam","Echo Form"],"picked":"Electrodynamics","floor":16},{"not_picked":["Force Field","Heatsinks"],"picked":"Leap","floor":18},{"not_picked":["Redo","Ball Lightning"],"picked":"Hello World","floor":19},{"not_picked":["Redo","Hologram"],"picked":"Doom and Gloom","floor":21},{"not_picked":["Turbo","Fission"],"picked":"Rebound","floor":22}],"player_experience":435861,"relics_obtained":[{"floor":6,"key":"Juzu Bracelet"}],"event_choices":[{"damage_healed":0,"gold_gain":0,"player_choice":"Ignored","damage_taken":0,"max_hp_gain":0,"max_hp_loss":0,"event_name":"Golden Wing","floor":3,"gold_loss":0},{"damage_healed":0,"gold_gain":0,"player_choice":"Take Wound","damage_taken":0,"relics_obtained":["Golden Idol"],"max_hp_gain":0,"max_hp_loss":0,"event_name":"Golden Idol","floor":10,"gold_loss":0,"cards_obtained":["Injury"]},{"cards_removed":["Injury"],"damage_healed":0,"gold_gain":0,"player_choice":"Card Removal","damage_taken":0,"max_hp_gain":0,"max_hp_loss":0,"event_name":"The Cleric","floor":14,"gold_loss":50}],"is_beta":true,"boss_relics":[{"not_picked":["SlaversCollar","Black Star"],"picked":"Fusion Hammer"}],"items_purged_floors":[],"is_endless":false,"potions_floor_spawned":[2,8,12,16,18,22],"killed_by":"Book of Stabbing","ascension_level":3}