{"gold_per_floor":[365,376,35,46,61,61,90,90,182,209,238,265,297,319,331,419,431,431,463,475,257,257,257],"floor_reached":23,"playtime":1636,"items_purged":["Strike_R"],"score":380,"play_id":"d6163469-c37d-49fe-b564-c8254f6d989e","local_time":"20190304193706","is_ascension_mode":true,"campfire_choices":[{"data":"Rage","floor":6,"key":"SMITH"},{"floor":8,"key":"DIG"},{"floor":15,"key":"REST"}],"neow_cost":"TEN_PERCENT_HP_LOSS","seed_source_timestamp":1114532625635401,"circlet_count":0,"master_deck":["AscendersBane","Defend_R","Defend_R","Defend_R","Defend_R","Bash","Heavy Blade","Rage+1","Combust","Flex","Flex","Anger","Shrug It Off","Anger","Juggernaut","Clash","Anger","Demon Form","Bloodletting+1","Heavy Blade+1","Bite","Bite","Bite","Bite","Bite","Panacea","Disarm","Armaments"],"special_seed":0,"relics":["Burning Blood","Shovel","MawBank","Shuriken","Sozu","Nilry\u0027s Codex"],"potions_floor_usage":[5,10,12,13,14],"damage_taken":[{"damage":5.0,"enemies":"Small Slimes","floor":1.0,"turns":7.0},{"damage":13,"enemies":"Jaw Worm","floor":2,"turns":4},{"damage":0,"enemies":"2 Louse","floor":4,"turns":2},{"damage":26,"enemies":"Exordium Thugs","floor":5,"turns":4},{"damage":32,"enemies":"Lagavulin","floor":7,"turns":6},{"damage":12,"enemies":"3 Louse","floor":10,"turns":3},{"damage":8,"enemies":"Red Slaver","floor":11,"turns":4},{"damage":0,"enemies":"Looter","floor":12,"turns":2},{"damage":12,"enemies":"Exordium Thugs","floor":13,"turns":4},{"damage":6,"enemies":"Lots of Slimes","floor":14,"turns":4},{"damage":35,"enemies":"Hexaghost","floor":16,"turns":8},{"damage":13,"enemies":"2 Thieves","floor":18,"turns":4},{"damage":5,"enemies":"Chosen","floor":19,"turns":3},{"damage":41,"enemies":"Gremlin Leader","floor":23,"turns":2}],"seed_played":"-2988964176988190446","potions_obtained":[{"floor":2,"key":"FearPotion"},{"floor":5,"key":"GamblersBrew"},{"floor":7,"key":"Regen Potion"},{"floor":10,"key":"GamblersBrew"},{"floor":12,"key":"Explosive Potion"}],"is_trial":false,"path_per_floor":["M","M","$","M","M","R","E","R","T","M","M","M","M","M","R","B",null,"M","M","?","$","?","E"],"character_chosen":"IRONCLAD","items_purchased":["Combust","Blood Vial","Flex","Panacea","Disarm","Armaments"],"campfire_rested":1,"item_purchase_floors":[3,3,3,21,21,21],"current_hp_per_floor":[68,61,61,68,48,48,24,24,24,32,32,40,36,38,58,31,59,54,57,57,57,36,0],"gold":257,"neow_bonus":"TWO_FIFTY_GOLD","is_prod":false,"is_daily":false,"chose_seed":false,"campfire_upgraded":1,"win_rate":0,"timestamp":1551746226,"path_taken":["M","M","$","M","M","R","E","R","T","M","M","M","M","M","R","BOSS","M","M","?","$","?","E"],"build_version":"2019-01-23","purchased_purges":1,"victory":false,"max_hp_per_floor":[68,68,68,68,68,68,68,68,68,68,68,68,68,68,68,68,68,68,68,68,68,68,68],"card_choices":[{"not_picked":["Rupture","Dual Wield"],"picked":"Heavy Blade","floor":1.0},{"not_picked":["Searing Blow","Iron Wave"],"picked":"Rage","floor":2},{"not_picked":["Perfected Strike","Flame Barrier"],"picked":"Flex","floor":4},{"not_picked":["Seeing Red","Thunderclap"],"picked":"Anger","floor":5},{"not_picked":["Clothesline","Anger"],"picked":"Shrug It Off","floor":7},{"not_picked":["True Grit","Warcry","Flame Barrier"],"picked":"SKIP","floor":10},{"not_picked":["Clothesline","Uppercut"],"picked":"Anger","floor":11},{"not_picked":["Twin Strike","Second Wind"],"picked":"Juggernaut","floor":12},{"not_picked":["Wild Strike","Bloodletting"],"picked":"Clash","floor":13},{"not_picked":["Warcry","Evolve"],"picked":"Anger","floor":14},{"not_picked":["Feed","Dark Embrace"],"picked":"Demon Form","floor":16},{"not_picked":["Armaments","Headbutt"],"picked":"Bloodletting+1","floor":18},{"not_picked":["Clash","Fiend Fire"],"picked":"Heavy Blade+1","floor":19}],"player_experience":2339335,"relics_obtained":[{"floor":7,"key":"Shovel"},{"floor":8,"key":"MawBank"},{"floor":9,"key":"Shuriken"},{"floor":22,"key":"Nilry\u0027s Codex"}],"event_choices":[{"damage_healed":0,"gold_gain":0,"player_choice":"Became a vampire (Vial)","damage_taken":0,"max_hp_gain":0,"max_hp_loss":0,"event_name":"Vampires","floor":20,"relics_lost":["Blood Vial"],"gold_loss":0,"cards_obtained":["Bite","Bite","Bite","Bite","Bite"]},{"damage_healed":0,"gold_gain":0,"player_choice":"Obtained Book","damage_taken":21,"max_hp_gain":0,"max_hp_loss":0,"event_name":"Cursed Tome","floor":22,"gold_loss":0}],"is_beta":false,"boss_relics":[{"not_picked":["Astrolabe","White Beast Statue"],"picked":"Sozu"}],"items_purged_floors":[3],"is_endless":false,"potions_floor_spawned":[2,5,7,10,12,18],"killed_by":"Gremlin Leader","ascension_level":16}