{"gold_per_floor":[111,123,1,21,35,35,61,61,111,121,121,151,151,170,170,249,249,229,229,14,14,14,14,14,14,14,14,14,14,14,14,14,14,14,14,14,14,14,0,0,0,0,0,0,0,0,0,0],"floor_reached":48,"playtime":2797,"items_purged":[],"score":1301,"play_id":"77eda759-167a-4469-bbea-7bd4632c87e4","local_time":"20190731225345","is_ascension_mode":true,"campfire_choices":[{"data":"Whirlwind","floor":6.0,"key":"SMITH"},{"data":"Clothesline","floor":8.0,"key":"SMITH"},{"data":"Carnage","floor":13.0,"key":"SMITH"},{"floor":15.0,"key":"REST"},{"data":"Carnage","floor":23.0,"key":"SMITH"},{"data":"Reaper","floor":28,"key":"SMITH"},{"data":"Metallicize","floor":32,"key":"SMITH"},{"data":"Juggernaut","floor":41,"key":"SMITH"},{"data":"Flame Barrier","floor":46,"key":"SMITH"}],"neow_cost":"NONE","seed_source_timestamp":489293777988504,"circlet_count":0,"master_deck":["AscendersBane","Strike_R","Strike_R","Strike_R","Strike_R","Strike_R","Defend_R","Defend_R","Defend_R","Bash","Power Through","Wild Strike","Carnage+1","Whirlwind+1","Shrug It Off","Thunderclap","Clothesline+1","Offering+1","Anger","Reaper+1","Carnage+1","Impervious","Bloodletting+1","Ghostly Armor","Metallicize+1","Juggernaut+1","Sentinel+1","Dark Shackles","Finesse","Flame Barrier+1"],"special_seed":0,"relics":["Burning Blood","Singing Bowl","Vajra","Bag of Marbles","Ectoplasm","Strange Spoon","Omamori","Gremlin Horn","Incense Burner","Sozu","Red Mask","Ancient Tea Set","MawBank","Juzu Bracelet","Turnip"],"potions_floor_usage":[33,33],"damage_taken":[{"damage":4.0,"enemies":"2 Louse","floor":1.0,"turns":4.0},{"damage":12.0,"enemies":"Cultist","floor":2.0,"turns":4.0},{"damage":7.0,"enemies":"Jaw Worm","floor":4.0,"turns":3.0},{"damage":16.0,"enemies":"Lots of Slimes","floor":5.0,"turns":4.0},{"damage":27.0,"enemies":"Lagavulin","floor":7.0,"turns":6.0},{"damage":0.0,"enemies":"3 Louse","floor":10.0,"turns":1.0},{"damage":16.0,"enemies":"3 Sentries","floor":12.0,"turns":4.0},{"damage":6.0,"enemies":"Gremlin Gang","floor":14.0,"turns":2.0},{"damage":6.0,"enemies":"Slime Boss","floor":16.0,"turns":5.0},{"damage":11.0,"enemies":"2 Thieves","floor":18.0,"turns":2.0},{"damage":22.0,"enemies":"Shell Parasite","floor":21.0,"turns":3.0},{"damage":6.0,"enemies":"Centurion and Healer","floor":24.0,"turns":2.0},{"damage":6,"enemies":"Gremlin Leader","floor":25,"turns":3},{"damage":0,"enemies":"Cultist and Chosen","floor":29,"turns":3},{"damage":24,"enemies":"Book of Stabbing","floor":30,"turns":4},{"damage":6,"enemies":"Chosen and Byrds","floor":31,"turns":3},{"damage":17,"enemies":"Collector","floor":33,"turns":7},{"damage":6,"enemies":"3 Shapes","floor":35,"turns":6},{"damage":13,"enemies":"Nemesis","floor":40,"turns":7},{"damage":1,"enemies":"Reptomancer","floor":42,"turns":2},{"damage":20,"enemies":"2 Orb Walkers","floor":44,"turns":4},{"damage":2,"enemies":"3 Darklings","floor":45,"turns":3},{"damage":66,"enemies":"Transient","floor":47,"turns":6},{"damage":82,"enemies":"Giant Head","floor":48,"turns":7}],"seed_played":"664141835926832002","potions_obtained":[{"floor":1.0,"key":"FearPotion"},{"floor":7.0,"key":"Energy Potion"},{"floor":10.0,"key":"EssenceOfSteel"},{"floor":21.0,"key":"Ancient Potion"},{"floor":33,"key":"SteroidPotion"}],"is_trial":false,"path_per_floor":["M","M","$","M","M","R","E","R","T","M","?","E","R","M","R","B",null,"M","?","$","M","?","R","M","E","T","?","R","M","E","M","R","B",null,"M","$","?","$","?","E","R","E","T","?","M","R","M","E"],"character_chosen":"IRONCLAD","items_purchased":["Carnage","Whirlwind","Strange Spoon"],"campfire_rested":1,"item_purchase_floors":[3,3,20],"current_hp_per_floor":[77,71,71,70,60,60,39,39,39,45,45,35,35,37,62,62,79,74,74,74,65,65,65,67,88,88,88,88,88,70,79,79,68,83,88,88,83,83,83,78,78,92,92,87,94,94,48,0],"gold":0,"neow_bonus":"TEN_PERCENT_HP_BONUS","is_prod":false,"is_daily":false,"chose_seed":false,"campfire_upgraded":8,"win_rate":0,"timestamp":1564628025,"path_taken":["M","M","$","M","M","R","E","R","T","M","?","E","R","?","R","BOSS","M","?","$","?","?","R","?","E","T","?","R","M","E","M","R","BOSS","M","$","?","$","?","E","R","E","T","?","M","R","M","E"],"build_version":"2019-01-23","purchased_purges":0,"victory":false,"max_hp_per_floor":[82,82,82,82,82,82,82,82,82,82,82,82,82,84,84,84,84,84,84,84,86,86,86,88,88,88,88,88,88,88,88,88,88,88,88,88,88,88,88,90,90,92,92,92,94,94,96,96],"card_choices":[{"not_picked":["Reckless Charge","Perfected Strike"],"picked":"Power Through","floor":1.0},{"not_picked":["Clash","Flex"],"picked":"Wild Strike","floor":2.0},{"not_picked":["Dropkick","Ghostly Armor"],"picked":"Shrug It Off","floor":4.0},{"not_picked":["Cleave","Searing Blow"],"picked":"Thunderclap","floor":5.0},{"not_picked":["Warcry","Rage"],"picked":"Clothesline","floor":7.0},{"not_picked":["Hemokinesis","True Grit"],"picked":"Offering","floor":10.0},{"not_picked":["Wild Strike","Blood for Blood"],"picked":"Anger","floor":12.0},{"not_picked":["Headbutt","Body Slam","Thunderclap"],"picked":"Singing Bowl","floor":14.0},{"not_picked":["Immolate","Limit Break"],"picked":"Reaper","floor":16.0},{"not_picked":["Corruption","Perfected Strike"],"picked":"Carnage","floor":18.0},{"not_picked":["Sword Boomerang","Twin Strike","Sentinel+1"],"picked":"Singing Bowl","floor":21.0},{"not_picked":["Perfected Strike","Clothesline","Shrug It Off"],"picked":"Singing Bowl","floor":24.0},{"not_picked":["Headbutt","Pommel Strike"],"picked":"Impervious","floor":25},{"not_picked":["Anger","Perfected Strike"],"picked":"Bloodletting+1","floor":29},{"not_picked":["Sword Boomerang","True Grit"],"picked":"Ghostly Armor","floor":30},{"not_picked":["Iron Wave","Clothesline+1"],"picked":"Metallicize","floor":31},{"not_picked":["Berserk","Reaper"],"picked":"Juggernaut","floor":33},{"not_picked":["Whirlwind","Fire Breathing"],"picked":"Sentinel+1","floor":35},{"not_picked":["Sadistic Nature","Secret Weapon"],"picked":"Dark Shackles","floor":37},{"not_picked":["Trip","Forethought"],"picked":"Finesse","floor":37},{"not_picked":["Rampage+1","Thunderclap","Corruption"],"picked":"Singing Bowl","floor":40},{"not_picked":["Blood for Blood","Infernal Blade","Bloodletting"],"picked":"Singing Bowl","floor":42},{"not_picked":["Clothesline","Pommel Strike"],"picked":"Flame Barrier","floor":44},{"not_picked":["Uppercut","Rage","Pommel Strike+1"],"picked":"Singing Bowl","floor":45},{"not_picked":["Sword Boomerang","Perfected Strike","Searing Blow"],"picked":"Singing Bowl","floor":47}],"player_experience":2753350,"relics_obtained":[{"floor":7.0,"key":"Singing Bowl"},{"floor":9.0,"key":"Vajra"},{"floor":12.0,"key":"Bag of Marbles"},{"floor":25,"key":"Omamori"},{"floor":26,"key":"Gremlin Horn"},{"floor":30,"key":"Incense Burner"},{"floor":40,"key":"Ancient Tea Set"},{"floor":42,"key":"MawBank"},{"floor":43,"key":"Juzu Bracelet"},{"floor":44,"key":"Turnip"}],"event_choices":[{"damage_healed":0.0,"max_hp_gain":0.0,"max_hp_loss":0.0,"gold_gain":0.0,"event_name":"Accursed Blacksmith","player_choice":"Forge","floor":11.0,"gold_loss":0.0,"damage_taken":0.0,"cards_upgraded":["Offering"]},{"damage_healed":0.0,"max_hp_gain":0.0,"max_hp_loss":0.0,"gold_gain":0.0,"event_name":"N\u0027loth","player_choice":"Ignored","floor":19.0,"gold_loss":0.0,"damage_taken":0.0},{"cards_removed":["Defend_R"],"damage_healed":0.0,"max_hp_gain":0.0,"max_hp_loss":0.0,"gold_gain":0.0,"event_name":"Purifier","player_choice":"Purged","floor":22.0,"gold_loss":0.0,"damage_taken":0.0},{"damage_healed":0,"gold_gain":0,"player_choice":"Smashed Altar","damage_taken":0,"max_hp_gain":0,"max_hp_loss":0,"event_name":"Forgotten Altar","floor":27,"gold_loss":0,"cards_obtained":["Decay"]},{"damage_healed":0,"gold_gain":0,"player_choice":"Memory 2","damage_taken":5,"max_hp_gain":0,"max_hp_loss":0,"event_name":"SensoryStone","floor":37,"gold_loss":0},{"damage_healed":0,"gold_gain":0,"player_choice":"Paid","damage_taken":0,"relics_obtained":["Red Mask"],"max_hp_gain":0,"max_hp_loss":0,"event_name":"Tomb of Lord Red Mask","floor":39,"gold_loss":14},{"damage_healed":0,"gold_gain":0,"player_choice":"Fight","damage_taken":0,"max_hp_gain":0,"max_hp_loss":0,"event_name":"Mysterious Sphere","floor":44,"gold_loss":0}],"is_beta":false,"boss_relics":[{"not_picked":["Coffee Dripper","White Beast Statue"],"picked":"Ectoplasm"},{"not_picked":["Calling Bell","Mark of Pain"],"picked":"Sozu"}],"items_purged_floors":[],"is_endless":false,"potions_floor_spawned":[1,7,10,21,24,25,33,35,42],"killed_by":"Giant Head","ascension_level":20}