{"gold_per_floor":[112,112,112,112,124,124,150,150,228,239,239,271,285,88,88,189,189,208,224,139,153,153,153,178,178,178,453,463,497,511,511,511,614,614,631,645,175,195,38,38,51,51,51,51,64,112,122,133,133,133],"floor_reached":51,"playtime":4310,"items_purged":["Strike_R+1"],"score":1071,"play_id":"0f64e375-41d8-42aa-8a8d-6d892a11fbb8","local_time":"20180928233759","is_ascension_mode":true,"campfire_choices":[{"data":"Bash","floor":6,"key":"SMITH"},{"floor":8,"key":"REST"},{"data":"Flex","floor":11,"key":"SMITH"},{"data":"Armaments","floor":15,"key":"SMITH"},{"floor":23,"key":"REST"},{"floor":25,"key":"REST"},{"floor":32,"key":"REST"},{"floor":40,"key":"REST"},{"floor":44,"key":"REST"},{"floor":49,"key":"REST"}],"neow_cost":"NONE","seed_source_timestamp":323069575193719,"circlet_count":0,"master_deck":["Strike_R+1","Strike_R+1","Strike_R+1","Defend_R+1","Defend_R+1","Defend_R+1","Defend_R+1","Bash+1","AscendersBane","Dropkick","Offering+1","Clash","Dropkick","Anger","Metallicize","Double Tap","Rupture","Armaments+1","Juggernaut","Pommel Strike+1","Uppercut","Flame Barrier+1","Rage","Regret","Heavy Blade","Spot Weakness","Ghostly Armor+1","Combust","Brutality","Heavy Blade+1","True Grit+1","Dropkick","Combust","Fire Breathing+1","Demon Form","Feel No Pain","Juggernaut","Metallicize","Armaments+1"],"relics":["Burning Blood","Orichalcum","Kunai","Oddly Smooth Stone","Mummified Hand","Blue Candle","Fusion Hammer","Potion Belt","Blood Vial","Shuriken","Lantern","Mark of Pain","Bottled Lightning","Ice Cream","Dead Branch"],"potions_floor_usage":[12,16,18,24,24,24,33,50,50,50,50],"damage_taken":[{"damage":10,"enemies":"Small Slimes","floor":1,"turns":5},{"damage":6,"enemies":"Cultist","floor":5,"turns":3},{"damage":28,"enemies":"Lagavulin","floor":7,"turns":4},{"damage":6,"enemies":"Jaw Worm","floor":10,"turns":2},{"damage":8,"enemies":"Gremlin Nob","floor":12,"turns":4},{"damage":13,"enemies":"Blue Slaver","floor":13,"turns":2},{"damage":21,"enemies":"The Guardian","floor":16,"turns":7},{"damage":7,"enemies":"3 Byrds","floor":18,"turns":3},{"damage":8,"enemies":"2 Thieves","floor":19,"turns":3},{"damage":15,"enemies":"Sentry and Sphere","floor":21,"turns":4},{"damage":6,"enemies":"Book of Stabbing","floor":24,"turns":4},{"damage":10,"enemies":"Cultist and Chosen","floor":28,"turns":3},{"damage":24,"enemies":"Gremlin Leader","floor":29,"turns":6},{"damage":16,"enemies":"Snake Plant","floor":30,"turns":3},{"damage":47,"enemies":"Champ","floor":33,"turns":7},{"damage":12,"enemies":"Orb Walker","floor":35,"turns":3},{"damage":32,"enemies":"Flame Bruiser 1 Orb","floor":36,"turns":6},{"damage":15,"enemies":"4 Shapes","floor":38,"turns":5},{"damage":15,"enemies":"Maw","floor":41,"turns":5},{"damage":7,"enemies":"Sphere and 2 Shapes","floor":45,"turns":4},{"damage":19,"enemies":"Mysterious Sphere","floor":46,"turns":3},{"damage":17,"enemies":"Transient","floor":47,"turns":5},{"damage":12,"enemies":"Spire Growth","floor":48,"turns":4},{"damage":65,"enemies":"Time Eater","floor":50,"turns":6}],"seed_played":"3729558107351482527","potions_obtained":[{"floor":1,"key":"Dexterity Potion"},{"floor":7,"key":"Explosive Potion"},{"floor":10,"key":"SpeedPotion"},{"floor":13,"key":"Explosive Potion"},{"floor":16,"key":"Energy Potion"},{"floor":18,"key":"Block Potion"},{"floor":19,"key":"Block Potion"},{"floor":29,"key":"SpeedPotion"},{"floor":36,"key":"SkillPotion"},{"floor":41,"key":"Swift Potion"},{"floor":45,"key":"Dexterity Potion"},{"floor":46,"key":"Poison Potion"}],"is_trial":false,"path_per_floor":["M","?","?","?","M","R","E","R","T","M","R","E","M","$","R","B",null,"M","M","?","M","?","R","E","R","T","?","M","E","M","?","R","B",null,"M","M","$","M","$","R","M","?","T","R","M","?","M","M","R","B"],"character_chosen":"IRONCLAD","items_purchased":["Double Tap","Rupture","Armaments","Dropkick","Combust","Bottled Lightning","Demon Form"],"campfire_rested":7,"item_purchase_floors":[14,14,14,37,37,37,39],"current_hp_per_floor":[68,68,68,68,68,68,46,70,70,70,70,68,61,61,61,46,72,71,69,69,60,60,80,80,80,80,80,76,60,52,52,76,37,69,65,41,41,34,34,58,51,51,51,75,76,65,56,52,76,19],"gold":133,"neow_bonus":"RANDOM_COMMON_RELIC","is_prod":false,"is_daily":false,"chose_seed":false,"campfire_upgraded":3,"win_rate":0,"timestamp":1538192279,"path_taken":["M","?","?","?","M","R","E","R","T","M","R","E","?","$","R","BOSS","M","M","?","M","?","R","E","R","T","?","M","E","?","?","R","BOSS","M","M","$","M","$","R","M","?","T","R","?","?","M","M","R","BOSS"],"build_version":"2018-08-23v2","purchased_purges":1,"victory":true,"max_hp_per_floor":[80,80,80,80,80,80,80,80,80,80,80,80,80,80,80,80,80,80,80,80,80,80,80,80,80,80,80,80,80,80,80,80,80,80,80,80,80,80,80,80,80,80,80,80,80,80,80,80,80,80],"card_choices":[{"not_picked":["Blood for Blood","Flex"],"picked":"Dropkick","floor":1},{"not_picked":["Sever Soul","Ghostly Armor"],"picked":"Clash","floor":5},{"not_picked":["Berserk","Perfected Strike"],"picked":"Dropkick","floor":7},{"not_picked":["Perfected Strike","Infernal Blade"],"picked":"Flex","floor":10},{"not_picked":["True Grit","Battle Trance"],"picked":"Anger","floor":12},{"not_picked":["Power Through","Headbutt"],"picked":"Metallicize","floor":13},{"not_picked":["Double Tap","Limit Break"],"picked":"Juggernaut","floor":16},{"not_picked":["Cleave+1","Carnage"],"picked":"Pommel Strike+1","floor":18},{"not_picked":["Carnage","Twin Strike"],"picked":"Uppercut","floor":19},{"not_picked":["Sentinel+1","Battle Trance"],"picked":"Flame Barrier+1","floor":21},{"not_picked":["Combust","Warcry+1"],"picked":"Rage","floor":24},{"not_picked":["Seeing Red","Warcry"],"picked":"Heavy Blade","floor":28},{"not_picked":["Whirlwind","Flame Barrier"],"picked":"Spot Weakness","floor":29},{"not_picked":["Seeing Red","Sword Boomerang+1"],"picked":"Ghostly Armor+1","floor":30},{"not_picked":["Fiend Fire","Dark Embrace"],"picked":"Brutality","floor":33},{"not_picked":["Havoc+1","Body Slam+1"],"picked":"Heavy Blade+1","floor":35},{"not_picked":["Anger","Warcry"],"picked":"True Grit+1","floor":36},{"not_picked":["Intimidate","Battle Trance+1"],"picked":"Fire Breathing+1","floor":38},{"not_picked":["Wild Strike+1","Clash+1"],"picked":"Feel No Pain","floor":41},{"not_picked":["Shrug It Off","Iron Wave+1"],"picked":"Juggernaut","floor":45},{"not_picked":["Heavy Blade+1","Fire Breathing+1"],"picked":"Metallicize","floor":46},{"not_picked":["Heavy Blade","Bloodletting+1"],"picked":"Armaments+1","floor":47},{"not_picked":["Sever Soul","Sword Boomerang","Headbutt"],"picked":"SKIP","floor":48}],"player_experience":1780554,"relics_obtained":[{"floor":7,"key":"Oddly Smooth Stone"},{"floor":9,"key":"Mummified Hand"},{"floor":12,"key":"Blue Candle"},{"floor":24,"key":"Blood Vial"},{"floor":26,"key":"Shuriken"},{"floor":29,"key":"Lantern"},{"floor":43,"key":"Ice Cream"},{"floor":46,"key":"Dead Branch"}],"event_choices":[{"event_name":"WeMeetAgain","player_choice":"Potion","floor":2,"damage_taken":0},{"event_name":"Living Wall","player_choice":"Change","floor":3,"damage_taken":0},{"event_name":"Upgrade Shrine","player_choice":"Upgraded","floor":4,"damage_taken":0},{"event_name":"Addict","player_choice":"Obtained Relic","floor":20,"damage_taken":0},{"event_name":"Back to Basics","player_choice":"Simplicity","floor":22,"damage_taken":0},{"event_name":"Golden Shrine","player_choice":"Desecrate","floor":27,"damage_taken":0},{"event_name":"The Library","player_choice":"Read","floor":31,"damage_taken":0},{"event_name":"Falling","player_choice":"Removed Skill","floor":42,"damage_taken":0},{"event_name":"Mysterious Sphere","player_choice":"Fight","floor":46,"damage_taken":0}],"is_beta":false,"boss_relics":[{"not_picked":["Eternal Feather","White Beast Statue"],"picked":"Fusion Hammer"},{"not_picked":["Tiny House","Runic Pyramid"],"picked":"Mark of Pain"}],"items_purged_floors":[37],"is_endless":false,"potions_floor_spawned":[1,7,10,13,16,18,19,29,36,41,45,46],"ascension_level":10}