{"gold_per_floor":[117,117,43,43,43,43,56,99,99,140,140,140,153,204,204,332,332,348,57,76,76,97,97,111,111,111,111,111,129,129,129],"floor_reached":31,"playtime":1533,"items_purged":[],"score":306,"play_id":"03cb0a9b-032b-4f9b-9f32-b9b8692932d5","local_time":"20191020141122","is_ascension_mode":true,"campfire_choices":[{"data":"True Grit","floor":6,"key":"SMITH"},{"data":"Armaments","floor":11,"key":"SMITH"},{"data":"Seeing Red","floor":15,"key":"SMITH"},{"data":"Limit Break","floor":23,"key":"SMITH"},{"data":"Seeing Red","floor":25,"key":"SMITH"},{"floor":27,"key":"REST"}],"neow_cost":"NONE","seed_source_timestamp":666575425205000,"circlet_count":0,"master_deck":["Bash","Seeing Red+1","Carnage","Perfected Strike","Metallicize+1","Shockwave","Burning Pact+1","Iron Wave","Battle Trance","Shrug It Off","True Grit+1","Twin Strike","Armaments+1","Pommel Strike","Reaper","Perfected Strike","Shrug It Off","Corruption+1","Rage","Seeing Red+1","Demon Form+1","Limit Break+1","Wild Strike+1","Twin Strike+1","Reaper"],"relics":["Pandora\u0027s Box","Golden Idol","Pen Nib","Matryoshka","Frozen Egg 2","Orrery","The Courier","Magic Flower"],"potions_floor_usage":[16,31],"damage_taken":[{"damage":0,"enemies":"Cultist","floor":1,"turns":2},{"damage":3,"enemies":"Small Slimes","floor":7,"turns":3},{"damage":10,"enemies":"3 Sentries","floor":8,"turns":8},{"damage":2,"enemies":"Gremlin Nob","floor":10,"turns":4},{"damage":0,"enemies":"2 Louse","floor":13,"turns":2},{"damage":0,"enemies":"Slime Boss","floor":16,"turns":9},{"damage":3,"enemies":"Chosen","floor":18,"turns":5},{"damage":14,"enemies":"Shell Parasite","floor":20,"turns":5},{"damage":31,"enemies":"Centurion and Healer","floor":22,"turns":6},{"damage":28,"enemies":"Cultist and Chosen","floor":24,"turns":6},{"damage":3,"enemies":"Snecko","floor":29,"turns":4},{"damage":40,"enemies":"Gremlin Leader","floor":31,"turns":5}],"seed_played":"1957312553360715010","potions_obtained":[{"floor":8,"key":"Ancient Potion"},{"floor":13,"key":"Explosive Potion"},{"floor":22,"key":"Explosive Potion"}],"is_trial":false,"path_per_floor":["M","?","$","?","$","R","M","E","T","E","R","?","M","?","R","B",null,"M","$","M","?","M","R","M","R","T","R","?","M","$","E"],"character_chosen":"IRONCLAD","items_purchased":["True Grit","Twin Strike","Demon Form+1","Limit Break"],"campfire_rested":1,"item_purchase_floors":[3,3,19,19],"current_hp_per_floor":[80,64,64,64,64,64,61,51,51,49,49,49,49,49,49,49,74,71,71,57,57,36,36,8,8,8,30,30,27,27,0],"gold":129,"neow_bonus":"BOSS_RELIC","is_prod":false,"is_daily":false,"chose_seed":false,"campfire_upgraded":5,"win_rate":0,"timestamp":1571551882,"path_taken":["M","?","$","?","$","R","M","E","T","E","R","?","M","?","R","BOSS","M","$","M","?","M","R","M","R","T","R","?","?","$","E"],"build_version":"2019-07-17","purchased_purges":0,"victory":false,"max_hp_per_floor":[80,80,80,74,74,74,74,74,74,74,74,74,74,74,74,74,74,74,74,74,74,74,74,74,74,74,74,74,74,74,74],"card_choices":[{"not_picked":["Flex","Warcry"],"picked":"Shrug It Off","floor":1},{"not_picked":["Cleave","Dropkick","Headbutt"],"picked":"SKIP","floor":7},{"not_picked":["Cleave","Combust"],"picked":"Armaments","floor":8},{"not_picked":["Pummel","Entrench"],"picked":"Flex","floor":10},{"not_picked":["Impervious","Warcry"],"picked":"Pommel Strike","floor":13},{"not_picked":["Brutality+1","Dark Embrace+1"],"picked":"Reaper","floor":16},{"not_picked":["True Grit","Headbutt"],"picked":"Perfected Strike","floor":17},{"not_picked":["Cleave","Pommel Strike"],"picked":"Shrug It Off","floor":17},{"not_picked":["Sword Boomerang","Clash"],"picked":"Corruption+1","floor":17},{"not_picked":["Second Wind","Body Slam"],"picked":"Rage","floor":17},{"not_picked":["Disarm","Rage"],"picked":"Seeing Red","floor":18},{"not_picked":["Armaments+1","Flex","Uppercut+1"],"picked":"SKIP","floor":20},{"not_picked":["Intimidate","Fiend Fire"],"picked":"Wild Strike+1","floor":22},{"not_picked":["Wild Strike","Clash+1"],"picked":"Twin Strike+1","floor":24},{"not_picked":["Thunderclap","Armaments","Headbutt"],"picked":"SKIP","floor":29}],"player_experience":221311,"relics_obtained":[{"floor":8,"key":"Pen Nib"},{"floor":9,"key":"Matryoshka"},{"floor":10,"key":"Frozen Egg 2"},{"floor":26,"key":"The Courier"},{"floor":26,"key":"Magic Flower"}],"event_choices":[{"damage_healed":0,"gold_gain":0,"player_choice":"Entered Light","damage_taken":16,"max_hp_gain":0,"max_hp_loss":0,"event_name":"Shining Light","floor":2,"gold_loss":0,"cards_upgraded":["Burning Pact","Metallicize"]},{"damage_healed":0,"gold_gain":0,"player_choice":"Lose Max HP","damage_taken":0,"relics_obtained":["Golden Idol"],"max_hp_gain":0,"max_hp_loss":6,"event_name":"Golden Idol","floor":4,"gold_loss":0},{"cards_removed":["Shockwave"],"damage_healed":0,"gold_gain":0,"player_choice":"Forget","damage_taken":0,"max_hp_gain":0,"max_hp_loss":0,"event_name":"Living Wall","floor":12,"gold_loss":0},{"damage_healed":0,"gold_gain":51,"player_choice":"Gained Gold","damage_taken":0,"max_hp_gain":0,"max_hp_loss":0,"event_name":"Golden Wing","floor":14,"gold_loss":0},{"cards_removed":["Flex"],"damage_healed":0,"gold_gain":0,"player_choice":"Elegance","damage_taken":0,"max_hp_gain":0,"max_hp_loss":0,"event_name":"Back to Basics","floor":21,"gold_loss":0},{"damage_healed":0,"gold_gain":0,"player_choice":"Copied","damage_taken":0,"max_hp_gain":0,"max_hp_loss":0,"event_name":"Duplicator","floor":28,"gold_loss":0,"cards_obtained":["Reaper"]}],"is_beta":false,"boss_relics":[{"not_picked":["Empty Cage","Tiny House"],"picked":"Orrery"}],"items_purged_floors":[],"is_endless":false,"potions_floor_spawned":[8,13,22],"killed_by":"Gremlin Leader","ascension_level":1}