{"gold_per_floor":[110,37,53,53,73,73,98,98,179,210,9,9,30,30,30,149,149,172,188,98,9,9,9,9],"floor_reached":24,"playtime":2383,"items_purged":[],"score":303,"play_id":"c70435be-1a21-4257-98b2-79b16e16acfa","local_time":"20180926000627","is_ascension_mode":true,"campfire_choices":[{"data":"Anger","floor":6.0,"key":"SMITH"},{"floor":8.0,"key":"REST"},{"floor":15.0,"key":"REST"},{"floor":23.0,"key":"REST"}],"neow_cost":"NONE","seed_source_timestamp":0,"circlet_count":0,"master_deck":["Strike_R","Strike_R","Strike_R","Defend_R","Defend_R+1","Defend_R","Bash","AscendersBane","Warcry","Shrug It Off","Anger+1","Headbutt","Shrug It Off","Impervious","Rampage","Chrysalis","Headbutt","Immolate","Body Slam+1","Headbutt+1","Impatience"],"special_seed":0,"relics":["Black Blood","Bag of Marbles","Tiny Chest","Potion Belt","Golden Idol"],"potions_floor_usage":[24,24],"damage_taken":[{"damage":10.0,"enemies":"Cultist","floor":1.0,"turns":5.0},{"damage":1.0,"enemies":"2 Louse","floor":3.0,"turns":3.0},{"damage":8.0,"enemies":"Jaw Worm","floor":5.0,"turns":4.0},{"damage":35.0,"enemies":"3 Sentries","floor":7.0,"turns":10.0},{"damage":8.0,"enemies":"Gremlin Nob","floor":10.0,"turns":5.0},{"damage":19.0,"enemies":"Large Slime","floor":13.0,"turns":6.0},{"damage":67.0,"enemies":"Slime Boss","floor":16.0,"turns":12.0},{"damage":40.0,"enemies":"Shell Parasite","floor":18.0,"turns":8.0},{"damage":34.0,"enemies":"Chosen","floor":19.0,"turns":7.0},{"damage":41,"enemies":"Gremlin Leader","floor":24,"turns":5}],"seed_played":"-700230390031817454","potions_obtained":[{"floor":7.0,"key":"Dexterity Potion"},{"floor":10.0,"key":"SteroidPotion"},{"floor":13.0,"key":"FairyPotion"},{"floor":14.0,"key":"SteroidPotion"},{"floor":14.0,"key":"LiquidBronze"},{"floor":14.0,"key":"Fruit Juice"},{"floor":18.0,"key":"Strength Potion"},{"floor":19.0,"key":"SpeedPotion"}],"is_trial":false,"path_per_floor":["M","$","M","?","M","R","E","R","T","E","$","?","M","?","R","B",null,"M","M","?","$","?","R"],"character_chosen":"IRONCLAD","items_purchased":["Shrug It Off","Anger","Chrysalis","Impatience"],"campfire_rested":3,"item_purchase_floors":[2,2,11,21],"current_hp_per_floor":[68,68,73,73,71,71,42,66,66,64,64,44,31,36,61,14,67,37,13,13,13,13,38,0],"gold":9,"neow_bonus":"REMOVE_CARD","is_prod":false,"is_daily":false,"chose_seed":false,"campfire_upgraded":1,"win_rate":0,"timestamp":1537934787,"path_taken":["M","$","M","?","M","R","E","R","T","E","$","?","M","?","R","BOSS","M","?","?","?","?","R","E"],"build_version":"2018-08-23v2","purchased_purges":0,"victory":false,"max_hp_per_floor":[80,80,80,80,80,80,80,80,80,80,80,80,80,85,85,85,85,85,85,85,85,85,85,85],"card_choices":[{"not_picked":["Flex","Perfected Strike"],"picked":"Warcry","floor":1.0},{"not_picked":["Searing Blow","Blood for Blood"],"picked":"Headbutt","floor":3.0},{"not_picked":["Pummel","Fire Breathing"],"picked":"Shrug It Off","floor":5.0},{"not_picked":["Sword Boomerang","Cleave"],"picked":"Impervious","floor":7.0},{"not_picked":["Pommel Strike","Metallicize"],"picked":"Rampage","floor":10.0},{"not_picked":["Fire Breathing","Second Wind"],"picked":"Headbutt","floor":13.0},{"not_picked":["Impervious","Juggernaut"],"picked":"Immolate","floor":16.0},{"not_picked":["Cleave+1","Twin Strike"],"picked":"Body Slam+1","floor":18.0},{"not_picked":["Clash+1","Sentinel"],"picked":"Headbutt+1","floor":19.0}],"player_experience":1765710,"relics_obtained":[{"floor":7.0,"key":"Bag of Marbles"},{"floor":9.0,"key":"Tiny Chest"},{"floor":10.0,"key":"Potion Belt"}],"event_choices":[{"event_name":"Purifier","player_choice":"One Purge","floor":4.0,"damage_taken":0.0},{"event_name":"Golden Idol","player_choice":"Take Damage","floor":12.0,"damage_taken":0.0},{"event_name":"The Lab","player_choice":"Got Potions","floor":14.0,"damage_taken":0.0},{"event_name":"Designer","player_choice":"Full Service","floor":20.0,"damage_taken":0.0},{"event_name":"Cursed Tome","player_choice":"Ignored","floor":22.0,"damage_taken":0.0}],"is_beta":false,"boss_relics":[{"not_picked":["Runic Pyramid","Runic Dome"],"picked":"Black Blood"}],"items_purged_floors":[],"is_endless":false,"potions_floor_spawned":[7,10,13,18,19],"killed_by":"Gremlin Leader","ascension_level":10}