{"gold_per_floor":[116,116,36,56,56,56,56,56,125,148,172,185,285,310,310,439,439,455,18,32,56,74,74,74,97,97,117,117,117,137,152,152,276,276,301,76,100,115,115],"floor_reached":39,"playtime":3193,"items_purged":[],"score":423,"play_id":"eb4d1921-9611-4f3f-8840-c9dae9f57652","local_time":"20190731134219","is_ascension_mode":true,"campfire_choices":[{"floor":6,"key":"REST"},{"data":"Echo Form","floor":8,"key":"SMITH"},{"floor":15,"key":"REST"},{"data":"Dagger Spray","floor":23,"key":"SMITH"},{"floor":28,"key":"REST"},{"floor":32,"key":"DIG"}],"neow_cost":"NONE","seed_source_timestamp":221612144045126,"circlet_count":0,"master_deck":["Strike_B","Strike_B","Strike_B","Strike_B","Defend_B","Defend_B","Defend_B","Defend_B","Zap","Dualcast","Genetic Algorithm","Ball Lightning","Conserve Battery","Echo Form+1","Injury","Leap","Turbo","Electrodynamics","Glacier","Thunder Strike","Conserve Battery","Self Repair","Leap","Shockwave","Dagger Spray+1","Flex","Zap","Backstab+1","Dodge and Roll+1","Shame","Headbutt","Blind+1","Unload","Endless Agony","Dagger Throw","Sweeping Beam+1","Rampage","Anger+1","Outmaneuver","Thunder Strike","Chill","Distraction+1"],"relics":["Cracked Core","Gremlin Horn","Golden Idol","Symbiotic Virus","Nuclear Battery","PrismaticShard","Blood Vial","DataDisk","Shovel","Dream Catcher","Orrery","Bag of Preparation"],"potions_floor_usage":[11,12,12,16,25,25,31,33,39],"damage_taken":[{"damage":5,"enemies":"Small Slimes","floor":1,"turns":4},{"damage":0,"enemies":"2 Louse","floor":4,"turns":3},{"damage":0,"enemies":"Cultist","floor":10,"turns":2},{"damage":0,"enemies":"3 Louse","floor":11,"turns":4},{"damage":13,"enemies":"Lots of Slimes","floor":12,"turns":4},{"damage":0,"enemies":"Exordium Wildlife","floor":14,"turns":3},{"damage":45,"enemies":"The Guardian","floor":16,"turns":8},{"damage":0,"enemies":"Chosen","floor":18,"turns":4},{"damage":19,"enemies":"3 Byrds","floor":20,"turns":3},{"damage":7,"enemies":"Snake Plant","floor":21,"turns":6},{"damage":12,"enemies":"3 Cultists","floor":22,"turns":6},{"damage":6,"enemies":"Centurion and Healer","floor":25,"turns":7},{"damage":28,"enemies":"Snecko","floor":27,"turns":5},{"damage":13,"enemies":"Chosen and Byrds","floor":30,"turns":5},{"damage":25,"enemies":"Sentry and Sphere","floor":31,"turns":6},{"damage":19,"enemies":"Champ","floor":33,"turns":14},{"damage":22,"enemies":"3 Shapes","floor":35,"turns":3},{"damage":12,"enemies":"3 Darklings","floor":37,"turns":5},{"damage":34,"enemies":"Sphere and 2 Shapes","floor":38,"turns":6},{"damage":21,"enemies":"Jaw Worm Horde","floor":39,"turns":3}],"seed_played":"-8997501475010558570","potions_obtained":[{"floor":0,"key":"Strength Potion"},{"floor":0,"key":"FocusPotion"},{"floor":0,"key":"SneckoOil"},{"floor":1,"key":"Block Potion"},{"floor":11,"key":"PowerPotion"},{"floor":20,"key":"Weak Potion"},{"floor":22,"key":"EssenceOfSteel"},{"floor":30,"key":"Regen Potion"},{"floor":31,"key":"PowerPotion"},{"floor":37,"key":"Block Potion"}],"is_trial":false,"path_per_floor":["M","?","$","M","?","R","?","R","T","M","M","M","?","M","R","B",null,"M","$","M","M","M","R","?","M","T","M","R","?","M","M","R","B",null,"M","$","M","M","M"],"character_chosen":"DEFECT","items_purchased":["Ball Lightning","Conserve Battery","PrismaticShard","Blood Vial","Self Repair","Leap","Bag of Preparation","Thunder Strike"],"campfire_rested":3,"item_purchase_floors":[3,3,19,19,19,19,36,36],"current_hp_per_floor":[70,70,70,70,63,75,75,75,75,75,75,62,62,62,75,30,75,75,75,56,65,62,62,62,65,65,46,68,68,64,62,62,45,75,60,60,50,18,0],"gold":115,"neow_bonus":"THREE_SMALL_POTIONS","is_prod":false,"is_daily":false,"chose_seed":false,"campfire_upgraded":2,"win_rate":0,"timestamp":1564591339,"path_taken":["M","?","$","M","?","R","?","R","T","M","M","M","?","?","R","BOSS","M","$","M","M","M","R","?","?","T","M","R","?","M","M","R","BOSS","M","$","M","M","M"],"build_version":"2019-07-17","purchased_purges":0,"victory":false,"max_hp_per_floor":[75,75,75,75,75,75,75,75,75,75,75,75,75,75,75,75,75,75,75,75,75,75,75,75,75,75,75,75,75,75,75,75,75,75,75,75,75,75,75],"card_choices":[{"not_picked":["Conserve Battery","Ball Lightning"],"picked":"Genetic Algorithm","floor":1},{"not_picked":["Ball Lightning","Sweeping Beam"],"picked":"Echo Form","floor":4},{"not_picked":["Stack","Coolheaded"],"picked":"Leap","floor":10},{"not_picked":["Storm","Redo"],"picked":"Turbo","floor":11},{"not_picked":["Cold Snap","Go for the Eyes"],"picked":"Electrodynamics","floor":12},{"not_picked":["Compile Driver","Tempest"],"picked":"Glacier","floor":14},{"not_picked":["Creative AI","Seek"],"picked":"Thunder Strike","floor":16},{"not_picked":["Barrage","Hologram+1"],"picked":"Conserve Battery","floor":18},{"not_picked":["Clothesline","Metallicize"],"picked":"Shockwave","floor":20},{"not_picked":["Beam Cell","Blade Dance+1"],"picked":"Dagger Spray","floor":21},{"not_picked":["Escape Plan","Prepared"],"picked":"Flex","floor":22},{"not_picked":["Cleave+1","Dodge and Roll"],"picked":"Backstab+1","floor":25},{"not_picked":["Purity","Cold Snap"],"picked":"Dodge and Roll+1","floor":27},{"not_picked":["Blade Dance","Night Terror"],"picked":"Headbutt","floor":30},{"not_picked":["Deflect","Clash"],"picked":"Blind+1","floor":31},{"not_picked":["Multi-Cast","Reboot"],"picked":"Unload","floor":33},{"not_picked":["Body Slam","Perfected Strike+1"],"picked":"Endless Agony","floor":34},{"not_picked":["PiercingWail","Bloodletting"],"picked":"Dagger Throw","floor":34},{"not_picked":["Body Slam+1","Dagger Throw"],"picked":"Sweeping Beam+1","floor":34},{"not_picked":["Chaos+1","Streamline"],"picked":"Rampage","floor":34},{"not_picked":["Heavy Blade","Headbutt+1"],"picked":"Anger+1","floor":34},{"not_picked":["Go for the Eyes+1","Scrape"],"picked":"Outmaneuver","floor":35},{"not_picked":["Lockon+1","Reprogram+1"],"picked":"Chill","floor":37},{"not_picked":["Purity+1","True Grit"],"picked":"Distraction+1","floor":38}],"player_experience":261378,"relics_obtained":[{"floor":9,"key":"Symbiotic Virus"},{"floor":26,"key":"DataDisk"},{"floor":32,"key":"Dream Catcher"}],"event_choices":[{"damage_healed":0,"gold_gain":0,"player_choice":"Ignored","damage_taken":0,"max_hp_gain":0,"max_hp_loss":0,"event_name":"Golden Wing","floor":2,"gold_loss":0},{"damage_healed":0,"gold_gain":0,"player_choice":"Success","damage_taken":7,"relics_obtained":["Gremlin Horn"],"max_hp_gain":0,"max_hp_loss":0,"event_name":"Scrap Ooze","floor":5,"gold_loss":0},{"damage_healed":0,"gold_gain":0,"player_choice":"Take Wound","damage_taken":0,"relics_obtained":["Golden Idol"],"max_hp_gain":0,"max_hp_loss":0,"event_name":"Golden Idol","floor":7,"gold_loss":0,"cards_obtained":["Injury"]},{"damage_healed":0,"gold_gain":100,"player_choice":"Pray","damage_taken":0,"max_hp_gain":0,"max_hp_loss":0,"event_name":"Golden Shrine","floor":13,"gold_loss":0},{"damage_healed":0,"gold_gain":0,"player_choice":"1 cards matched","damage_taken":0,"max_hp_gain":0,"max_hp_loss":0,"event_name":"Match and Keep!","floor":24,"gold_loss":0,"cards_obtained":["Zap"]},{"damage_healed":0,"gold_gain":0,"player_choice":"Stole Relic","damage_taken":0,"relics_obtained":["Shovel"],"max_hp_gain":0,"max_hp_loss":0,"event_name":"Addict","floor":29,"gold_loss":0,"cards_obtained":["Shame"]}],"is_beta":false,"boss_relics":[{"not_picked":["Eternal Feather","FrozenCore"],"picked":"Nuclear Battery"},{"not_picked":["Calling Bell","Runic Dome"],"picked":"Orrery"}],"items_purged_floors":[],"is_endless":false,"potions_floor_spawned":[1,10,11,20,22,30,31,37],"killed_by":"Jaw Worm Horde","ascension_level":1}