{"gold_per_floor":[118,193,56,6,32,32,51,84,84,84,94,156,156,167,167,167],"floor_reached":16,"playtime":930,"items_purged":[],"score":162,"play_id":"75cbcc50-1178-4578-91ed-60a67afe9937","local_time":"20180921210607","is_ascension_mode":true,"campfire_choices":[{"data":"Perfected Strike","floor":6.0,"key":"SMITH"},{"data":"Entrench","floor":10,"key":"SMITH"},{"floor":13,"key":"REST"},{"floor":15,"key":"REST"}],"neow_cost":"","seed_source_timestamp":0,"circlet_count":0,"master_deck":["Strike_R","Strike_R","Strike_R","Strike_R","Strike_R","Defend_R","Defend_R","Defend_R","Bash","AscendersBane","Perfected Strike+1","Combust","Entrench+1","Cleave","Berserk","Wild Strike"],"special_seed":0,"relics":["Burning Blood","Art of War","Ancient Tea Set","Bottled Lightning","Bottled Flame","Tiny Chest"],"potions_floor_usage":[8,12,16],"damage_taken":[{"damage":10.0,"enemies":"2 Louse","floor":1.0,"turns":4.0},{"damage":2.0,"enemies":"Jaw Worm","floor":7.0,"turns":2.0},{"damage":16,"enemies":"Gremlin Nob","floor":8,"turns":3},{"damage":2,"enemies":"Small Slimes","floor":11,"turns":3},{"damage":43,"enemies":"Lagavulin","floor":12,"turns":4},{"damage":28,"enemies":"Gremlin Gang","floor":14,"turns":6},{"damage":44,"enemies":"The Guardian","floor":16,"turns":8}],"seed_played":"4261563493552079264","potions_obtained":[{"floor":7.0,"key":"FearPotion"},{"floor":8,"key":"SteroidPotion"},{"floor":12,"key":"Swift Potion"},{"floor":14,"key":"Ancient Potion"}],"is_trial":false,"path_per_floor":["M","?","?","?","T","R","M","E","T","R","M","E","R","M","R"],"character_chosen":"IRONCLAD","items_purchased":[],"campfire_rested":2,"item_purchase_floors":[],"current_hp_per_floor":[68,57,57,57,57,57,61,51,51,51,55,18,42,20,44,0],"gold":167,"neow_bonus":"","is_prod":false,"is_daily":false,"chose_seed":false,"campfire_upgraded":2,"win_rate":0,"timestamp":1537578367,"path_taken":["M","?","?","?","?","R","?","E","T","R","M","E","R","M","R","BOSS"],"build_version":"2018-08-23v2","purchased_purges":0,"victory":false,"max_hp_per_floor":[80,80,80,80,80,80,80,80,80,80,80,80,80,80,80,80],"card_choices":[{"not_picked":["Headbutt","Pommel Strike"],"picked":"Perfected Strike","floor":1.0},{"not_picked":["Battle Trance","Dual Wield"],"picked":"Combust","floor":7.0},{"not_picked":["Clothesline","Blood for Blood"],"picked":"Entrench","floor":8},{"not_picked":["Sword Boomerang","Warcry"],"picked":"Cleave","floor":11},{"not_picked":["Infernal Blade","Cleave"],"picked":"Berserk","floor":12},{"not_picked":["Intimidate","Clash"],"picked":"Wild Strike","floor":14}],"player_experience":1742603,"relics_obtained":[{"floor":5.0,"key":"Ancient Tea Set"},{"floor":8,"key":"Bottled Lightning"},{"floor":9,"key":"Bottled Flame"},{"floor":12,"key":"Tiny Chest"}],"event_choices":[{"event_name":"World of Goop","player_choice":"Gather Gold","floor":2.0,"damage_taken":0.0},{"event_name":"WeMeetAgain","player_choice":"Gold","floor":3.0,"damage_taken":0.0},{"event_name":"The Cleric","player_choice":"Card Removal","floor":4.0,"damage_taken":0.0}],"is_beta":false,"boss_relics":[],"items_purged_floors":[],"is_endless":false,"potions_floor_spawned":[7,8,12,14],"killed_by":"The Guardian","ascension_level":10}