{"path_per_floor":["M","$","M","M","M","E","$","E","T","?","R","?","R","E","R","B",null,"M","M","?","?","?"],"character_chosen":"DEFECT","items_purchased":["Hologram","Glacier"],"gold_per_floor":[109,7,17,36,48,79,5,40,94,94,94,94,94,126,126,222,222,232,244,167,92,92,92],"floor_reached":23,"campfire_rested":3,"playtime":2412,"item_purchase_floors":[2,7],"current_hp_per_floor":[75,75,75,73,53,43,43,11,11,11,33,33,55,33,55,23,75,75,32,32,32,32,0],"items_purged":["Strike_B"],"gold":92,"score":217,"play_id":"4028d9a0-23d1-4d38-9559-a43e947aeefa","local_time":"20180612014758","is_prod":false,"is_daily":false,"chose_seed":false,"is_ascension_mode":true,"campfire_upgraded":0,"win_rate":0.0,"timestamp":1528782478,"campfire_choices":[{"floor":11,"key":"REST"},{"floor":13,"key":"REST"},{"floor":15,"key":"REST"}],"path_taken":["M","$","M","M","M","E","$","E","T","?","R","?","R","E","R","BOSS","M","M","?","?","?","E"],"build_version":"2018-06-07v3","seed_source_timestamp":943563331716513,"purchased_purges":1,"victory":false,"master_deck":["Strike_B","Strike_B","Defend_B","Defend_B","Defend_B+1","Zap","Dualcast","Buffer","Gash","Hologram+1","Streamline","Rebound","Hologram","Melter","Glacier","Hologram+1","Compile Driver","Buffer","Stack","Seek","J.A.X.","Injury"],"max_hp_per_floor":[75,75,75,75,75,75,75,75,75,75,75,75,75,75,75,75,75,75,75,75,75,75,75],"relics":["Cracked Core","Juzu Bracelet","Question Card","War Paint","Bag of Preparation","White Beast Statue"],"card_choices":[{"not_picked":["Capacitor","Melter"],"picked":"Gash","floor":1},{"not_picked":["Hologram","Go for the Eyes"],"picked":"Streamline","floor":3},{"not_picked":["Stack","Cold Snap"],"picked":"Rebound","floor":4},{"not_picked":["Double Energy","Redo"],"picked":"Hologram","floor":5},{"not_picked":["Biased Cognition","Redo"],"picked":"Melter","floor":6},{"not_picked":["Cold Snap","Turbo"],"picked":"Hologram","floor":8},{"not_picked":["Glacier","Chaos","Stack"],"picked":"Compile Driver","floor":14},{"not_picked":["Meteor Strike","Amplify","Thunder Strike"],"picked":"Buffer","floor":16},{"not_picked":["Auto Shields","Streamline+1","White Noise"],"picked":"Stack","floor":18},{"not_picked":["Chaos+1","Sweeping Beam+1","Loop"],"picked":"Seek","floor":19}],"player_experience":590074,"potions_floor_usage":[6,6,8,19,23],"damage_taken":[{"damage":0,"enemies":"2 Louse","floor":1,"turns":3},{"damage":0,"enemies":"Jaw Worm","floor":3,"turns":3},{"damage":2,"enemies":"Small Slimes","floor":4,"turns":3},{"damage":20,"enemies":"Looter","floor":5,"turns":3},{"damage":24,"enemies":"3 Sentries","floor":6,"turns":5},{"damage":32,"enemies":"Gremlin Nob","floor":8,"turns":6},{"damage":22,"enemies":"Lagavulin","floor":14,"turns":9},{"damage":32,"enemies":"Hexaghost","floor":16,"turns":12},{"damage":0,"enemies":"Spheric Guardian","floor":18,"turns":2},{"damage":43,"enemies":"3 Byrds","floor":19,"turns":8},{"damage":48,"enemies":"Slavers","floor":23,"turns":3}],"relics_obtained":[{"floor":6,"key":"Juzu Bracelet"},{"floor":8,"key":"Question Card"},{"floor":9,"key":"War Paint"},{"floor":14,"key":"Bag of Preparation"}],"event_choices":[{"event_name":"Scrap Ooze","player_choice":"unsuccessful","floor":10,"damage_taken":0},{"event_name":"Living Wall","player_choice":"Forget","floor":12,"damage_taken":0},{"event_name":"Drug Dealer","player_choice":"Got JAXXED","floor":20,"damage_taken":0},{"event_name":"Beggar","player_choice":"Gave Gold","floor":21,"damage_taken":0},{"event_name":"Accursed Blacksmith","player_choice":"Forge","floor":22,"damage_taken":0}],"boss_relics":[{"not_picked":["Tiny House","Eternal Feather"],"picked":"White Beast Statue"}],"items_purged_floors":[2],"potions_floor_spawned":[1,3,4,6,18,19],"seed_played":"-6420679868750665693","killed_by":"Slavers","ascension_level":1,"potions_obtained":[{"floor":1,"key":"Regen Potion"},{"floor":3,"key":"Ancient Potion"},{"floor":4,"key":"Fire Potion"},{"floor":6,"key":"SpeedPotion"},{"floor":18,"key":"SkillPotion"},{"floor":19,"key":"Regen Potion"}],"is_trial":false}