{"gold_per_floor":[117,132,18,18,28,54,54,64,87,147,147,167,180,180,180,252,252,264,264,264,264,282,282,282],"floor_reached":24,"playtime":2782,"items_purged":[],"score":416,"play_id":"85abd32b-9533-4580-8971-4d561fd5f915","local_time":"20190822235757","is_ascension_mode":true,"campfire_choices":[{"floor":7.0,"key":"REST"},{"data":"Disarm","floor":11,"key":"SMITH"},{"data":"Rampage","floor":15,"key":"SMITH"},{"data":"Strike_R","floor":23,"key":"PURGE"}],"neow_cost":"NONE","seed_source_timestamp":734445764775705,"circlet_count":0,"master_deck":["AscendersBane","Strike_R","Strike_R","Strike_R","Strike_R","Defend_R","Defend_R","Defend_R","Defend_R","Bash","True Grit","Pommel Strike","Flex","Battle Trance","Pommel Strike","Disarm+1","Clothesline","Rampage+1","Headbutt","Spot Weakness","Heavy Blade","Feed"],"special_seed":0,"relics":["Burning Blood","Centennial Puzzle","Orichalcum","Tiny Chest","Fusion Hammer","Peace Pipe"],"potions_floor_usage":[10,10,16,21],"damage_taken":[{"damage":15.0,"enemies":"Small Slimes","floor":1.0,"turns":3.0},{"damage":1.0,"enemies":"Cultist","floor":2.0,"turns":3.0},{"damage":12.0,"enemies":"Jaw Worm","floor":5.0,"turns":2.0},{"damage":32.0,"enemies":"Gremlin Nob","floor":6.0,"turns":4.0},{"damage":17.0,"enemies":"3 Louse","floor":8.0,"turns":5.0},{"damage":10,"enemies":"Lagavulin","floor":10,"turns":6},{"damage":2,"enemies":"Blue Slaver","floor":12,"turns":3},{"damage":2,"enemies":"Looter","floor":13,"turns":3},{"damage":39,"enemies":"The Guardian","floor":16,"turns":11},{"damage":18,"enemies":"Spheric Guardian","floor":18,"turns":5},{"damage":0,"enemies":"2 Thieves","floor":21,"turns":1},{"damage":21,"enemies":"Sentry and Sphere","floor":22,"turns":4},{"damage":70,"enemies":"Slavers","floor":24,"turns":4}],"seed_played":"5741857123969453319","potions_obtained":[{"floor":1.0,"key":"Explosive Potion"},{"floor":8.0,"key":"Strength Potion"},{"floor":10,"key":"GamblersBrew"},{"floor":18,"key":"SmokeBomb"}],"is_trial":false,"path_per_floor":["M","M","$","?","M","E","R","M","T","E","R","M","M","?","R","B",null,"M","?","T","M","M","R","E"],"character_chosen":"IRONCLAD","items_purchased":["Flex","Battle Trance"],"campfire_rested":1,"item_purchase_floors":[3,3],"current_hp_per_floor":[66,71,71,71,65,39,63,52,52,48,48,52,56,61,61,28,72,63,63,63,69,57,57,0],"gold":282,"neow_bonus":"TEN_PERCENT_HP_BONUS","is_prod":false,"is_daily":false,"chose_seed":false,"campfire_upgraded":2,"win_rate":0,"timestamp":1566532677,"path_taken":["M","M","$","?","M","E","R","M","T","E","R","?","M","?","R","BOSS","M","?","?","M","M","R","E"],"build_version":"2019-01-23","purchased_purges":0,"victory":false,"max_hp_per_floor":[82,82,82,82,82,82,82,82,82,82,82,82,82,87,87,87,87,90,90,90,90,93,93,93],"card_choices":[{"not_picked":["Dropkick","Sentinel"],"picked":"True Grit","floor":1.0},{"not_picked":["Havoc","Flex"],"picked":"Pommel Strike","floor":2.0},{"not_picked":["Reckless Charge","Corruption"],"picked":"Disarm","floor":5.0},{"not_picked":["Heavy Blade","Ghostly Armor"],"picked":"Clothesline","floor":6.0},{"not_picked":["Thunderclap","Uppercut"],"picked":"Rampage","floor":8.0},{"not_picked":["Bloodletting","Body Slam"],"picked":"Headbutt","floor":10},{"not_picked":["Thunderclap","Power Through"],"picked":"Spot Weakness","floor":12},{"not_picked":["Shrug It Off","Blood for Blood"],"picked":"Heavy Blade","floor":13},{"not_picked":["Impervious","Immolate"],"picked":"Feed","floor":16},{"not_picked":["Twin Strike","Evolve","Blood for Blood"],"picked":"SKIP","floor":18},{"not_picked":["Bloodletting","Anger","Perfected Strike"],"picked":"SKIP","floor":22}],"player_experience":2833862,"relics_obtained":[{"floor":6.0,"key":"Centennial Puzzle"},{"floor":9.0,"key":"Orichalcum"},{"floor":10,"key":"Tiny Chest"},{"floor":20,"key":"Peace Pipe"}],"event_choices":[{"damage_healed":0.0,"max_hp_gain":0.0,"max_hp_loss":0.0,"gold_gain":0.0,"event_name":"Match and Keep!","player_choice":"1 cards matched","floor":4.0,"gold_loss":0.0,"damage_taken":0.0,"cards_obtained":["Pommel Strike"]},{"damage_healed":0,"gold_gain":0,"player_choice":"Donut","damage_taken":0,"max_hp_gain":5,"max_hp_loss":0,"event_name":"Big Fish","floor":14,"gold_loss":0},{"damage_healed":0,"gold_gain":0,"player_choice":"Ignored","damage_taken":0,"max_hp_gain":0,"max_hp_loss":0,"event_name":"The Mausoleum","floor":19,"gold_loss":0}],"is_beta":false,"boss_relics":[{"not_picked":["Eternal Feather","White Beast Statue"],"picked":"Fusion Hammer"}],"items_purged_floors":[],"is_endless":false,"potions_floor_spawned":[1,8,10,18],"killed_by":"Slavers","ascension_level":20}