{"gold_per_floor":[215,228,228,248,259,259,184,184,208,222,255,45,45,80,80,159,159,174,194,119,119,133,151,165,165,165,177,177,15,15,15,15,15],"floor_reached":33,"playtime":1894,"items_purged":["Strike_P"],"score":514,"play_id":"7a991c81-651c-4eab-b682-b45d30c9fac7","local_time":"20191024132845","is_ascension_mode":true,"campfire_choices":[{"data":"Eruption","floor":6.0,"key":"SMITH"},{"data":"ReachHeaven","floor":8.0,"key":"SMITH"},{"data":"PathToVictory","floor":15.0,"key":"SMITH"},{"floor":25,"key":"REST"},{"floor":28,"key":"REST"},{"floor":30,"key":"REST"},{"data":"Nirvana","floor":32,"key":"SMITH"}],"neow_cost":"NONE","seed_source_timestamp":0,"circlet_count":0,"master_deck":["AscendersBane","Strike_P+1","Defend_P","Defend_P+1","Defend_P","Defend_P+1","Eruption+1","Vigilance+1","ReachHeaven+1","FlurryOfBlows+1","EmptyBody","FlyingSleeves+1","LikeWater","PathToVictory+1","Dark Shackles+1","LessonLearned","ThirdEye","CrushJoints+1","Nirvana+1","Scrawl","ClearTheMind","Omniscience"],"special_seed":0,"relics":["HolyWater","Smiling Mask","Bronze Scales","Nloth\u0027s Gift","GoldenEye"],"potions_floor_usage":[23,33,33],"damage_taken":[{"damage":5.0,"enemies":"2 Louse","floor":1.0,"turns":2.0},{"damage":2.0,"enemies":"Cultist","floor":2.0,"turns":3.0},{"damage":0.0,"enemies":"Small Slimes","floor":4.0,"turns":2.0},{"damage":12.0,"enemies":"Exordium Thugs","floor":5.0,"turns":4.0},{"damage":7.0,"enemies":"3 Louse","floor":10.0,"turns":3.0},{"damage":16.0,"enemies":"Gremlin Nob","floor":11.0,"turns":3.0},{"damage":5.0,"enemies":"Lagavulin","floor":14.0,"turns":6.0},{"damage":25.0,"enemies":"Hexaghost","floor":16.0,"turns":8.0},{"damage":8,"enemies":"Chosen","floor":18,"turns":4},{"damage":2,"enemies":"3 Byrds","floor":19,"turns":3},{"damage":24,"enemies":"Shelled Parasite and Fungi","floor":22,"turns":3},{"damage":12,"enemies":"Cultist and Chosen","floor":23,"turns":5},{"damage":11,"enemies":"3 Cultists","floor":24,"turns":4},{"damage":7,"enemies":"Centurion and Healer","floor":27,"turns":6},{"damage":78,"enemies":"Collector","floor":33,"turns":7}],"seed_played":"-66411163761002248","potions_obtained":[{"floor":2.0,"key":"Dexterity Potion"},{"floor":4.0,"key":"Weak Potion"},{"floor":11.0,"key":"LiquidBronze"},{"floor":14.0,"key":"Ambrosia"},{"floor":16.0,"key":"PowerPotion"},{"floor":18,"key":"SteroidPotion"},{"floor":23,"key":"Ancient Potion"}],"is_trial":false,"path_per_floor":["M","M","?","M","M","R","?","R","T","M","E","$","?","E","R","B",null,"M","M","?","?","M","M","M","R","T","M","R","$","R","$","R","B"],"character_chosen":"WATCHER","items_purchased":["PathToVictory","Dark Shackles","Omniscience"],"campfire_rested":3,"item_purchase_floors":[12,12,29],"current_hp_per_floor":[56,54,54,54,42,42,42,42,42,35,19,19,68,63,63,38,61,53,51,51,51,27,15,4,24,24,17,37,37,57,57,57,0],"gold":15,"neow_bonus":"HUNDRED_GOLD","is_prod":false,"is_daily":false,"chose_seed":false,"campfire_upgraded":4,"win_rate":0,"timestamp":1571876925,"path_taken":["M","M","?","?","M","R","?","R","T","M","E","$","?","E","R","BOSS","M","M","?","?","?","M","M","R","T","M","R","$","R","?","R","BOSS"],"build_version":"2019-10-23","purchased_purges":1,"victory":false,"max_hp_per_floor":[68,68,68,68,68,68,68,68,68,68,68,68,68,68,68,68,68,68,68,68,68,68,68,68,68,68,68,68,68,68,68,68,68],"card_choices":[{"not_picked":["Crescendo","Perseverance"],"picked":"ReachHeaven","floor":1.0},{"not_picked":["WindmillStrike","Prostrate"],"picked":"FlurryOfBlows","floor":2.0},{"not_picked":["FlurryOfBlows","CarveReality"],"picked":"EmptyBody","floor":4.0},{"not_picked":["Weave","Indignation"],"picked":"FlyingSleeves","floor":5.0},{"not_picked":["PathToVictory","Adaptation"],"picked":"ForeignInfluence","floor":10.0},{"not_picked":["SignatureMove","Evaluate"],"picked":"LikeWater","floor":11.0},{"not_picked":["SpiritShield","JustLucky","Conclude"],"picked":"SKIP","floor":14.0},{"not_picked":["Brilliance","DeusExMachina"],"picked":"LessonLearned","floor":16.0},{"not_picked":["Halt","FlyingSleeves"],"picked":"ThirdEye","floor":18},{"not_picked":["Halt","BattleHymn"],"picked":"CrushJoints+1","floor":19},{"not_picked":["WheelKick","TalkToTheHand"],"picked":"Nirvana","floor":22},{"not_picked":["BowlingBash","Wireheading"],"picked":"Scrawl","floor":23},{"not_picked":["FollowUp","Fasting2","EmptyFist"],"picked":"SKIP","floor":24},{"not_picked":["Fasting2","FollowUp+1"],"picked":"ClearTheMind","floor":27}],"player_experience":1742685,"relics_obtained":[{"floor":9.0,"key":"Smiling Mask"},{"floor":11.0,"key":"Whetstone"},{"floor":14.0,"key":"Bronze Scales"},{"floor":26,"key":"GoldenEye"}],"event_choices":[{"damage_healed":0.0,"max_hp_gain":0.0,"max_hp_loss":0.0,"gold_gain":0.0,"event_name":"Match and Keep!","player_choice":"0 cards matched","floor":3.0,"gold_loss":0.0,"damage_taken":0.0,"cards_obtained":[]},{"cards_removed":["Strike_P"],"damage_healed":0.0,"max_hp_gain":0.0,"max_hp_loss":0.0,"gold_gain":0.0,"event_name":"The Cleric","player_choice":"Card Removal","floor":7.0,"gold_loss":75.0,"damage_taken":0.0},{"cards_removed":["ForeignInfluence"],"damage_healed":49.0,"max_hp_gain":0.0,"max_hp_loss":0.0,"gold_gain":0.0,"event_name":"Bonfire Elementals","player_choice":"Offered Uncommon","floor":13.0,"gold_loss":0.0,"damage_taken":0.0},{"cards_removed":["Strike_P"],"damage_healed":0,"gold_gain":0,"player_choice":"Gave Gold","damage_taken":0,"max_hp_gain":0,"max_hp_loss":0,"event_name":"Beggar","floor":20,"gold_loss":75},{"damage_healed":0,"gold_gain":0,"player_choice":"Traded Relic","damage_taken":0,"relics_obtained":["Nloth\u0027s Gift"],"max_hp_gain":0,"max_hp_loss":0,"event_name":"N\u0027loth","floor":21,"relics_lost":["Whetstone"],"gold_loss":0}],"is_beta":true,"boss_relics":[{"not_picked":["Busted Crown","Astrolabe"],"picked":"HolyWater"}],"items_purged_floors":[12],"is_endless":false,"potions_floor_spawned":[2,4,11,14,16,18,23],"killed_by":"Collector","ascension_level":20}