{"gold_per_floor":[114,129,144,144,159,189,219,219,269,284,299,299,56,71,71,171,171,186,186,186,201,231,231],"floor_reached":23,"playtime":2324,"items_purged":[],"score":223,"play_id":"b1e4ec49-7cda-443d-9f4f-0444af8c820e","local_time":"20190721101807","daily_mods":["Chimera","Uncertain Future","DeadlyEvents"],"is_ascension_mode":false,"campfire_choices":[{"floor":8.0,"key":"REST"},{"floor":12.0,"key":"REST"},{"data":"Capacitor","floor":15.0,"key":"SMITH"}],"neow_cost":"","seed_source_timestamp":0,"circlet_count":0,"master_deck":["Survivor","Zap","Strike_R","Strike_G","Strike_B","Defend_R","Defend_G","Defend_B","Rebound","Leap","Coolheaded","Undo","Sweeping Beam","Auto Shields","Streamline","Leap","Beam Cell","Loop","Self Repair","Seek","Loop","Capacitor+1","Hyperbeam","Ball Lightning","Hyperbeam","Rip and Tear+1","Undo"],"special_seed":18098,"relics":["Cracked Core","Dream Catcher","Regal Pillow","PreservedInsect","Eternal Feather","Art of War"],"potions_floor_usage":[22,22,22,23],"damage_taken":[{"damage":1.0,"enemies":"Jaw Worm","floor":1.0,"turns":5.0},{"damage":6.0,"enemies":"Cultist","floor":2.0,"turns":3.0},{"damage":2.0,"enemies":"Small Slimes","floor":3.0,"turns":3.0},{"damage":1.0,"enemies":"2 Fungi Beasts","floor":5.0,"turns":5.0},{"damage":57.0,"enemies":"Gremlin Nob","floor":6.0,"turns":6.0},{"damage":19.0,"enemies":"Lagavulin","floor":7.0,"turns":9.0},{"damage":6.0,"enemies":"Lots of Slimes","floor":10.0,"turns":5.0},{"damage":5.0,"enemies":"Large Slime","floor":11.0,"turns":5.0},{"damage":0.0,"enemies":"3 Louse","floor":14.0,"turns":4.0},{"damage":22,"enemies":"The Guardian","floor":16,"turns":19},{"damage":1,"enemies":"Shell Parasite","floor":18,"turns":13},{"damage":16,"enemies":"Chosen","floor":21,"turns":7},{"damage":49,"enemies":"Book of Stabbing","floor":22,"turns":6},{"damage":12,"enemies":"Gremlin Leader","floor":23,"turns":4}],"seed_played":"-4166405544974942499","potions_obtained":[{"floor":2.0,"key":"Regen Potion"},{"floor":7.0,"key":"LiquidBronze"},{"floor":11.0,"key":"Poison Potion"},{"floor":16,"key":"LiquidBronze"},{"floor":21,"key":"Strength Potion"},{"floor":22,"key":"SkillPotion"}],"is_trial":false,"path_per_floor":["M","M","M","?","M","E","E","R","T","M","M","R","$","M","R","B",null,"M","?","?","M","E","E"],"character_chosen":"DEFECT","items_purchased":["Seek","Loop"],"campfire_rested":2,"item_purchase_floors":[13,13],"current_hp_per_floor":[74,68,66,66,65,22,3,40,40,34,29,66,66,66,66,51,75,75,61,61,52,10,0],"gold":231,"neow_bonus":"","is_prod":false,"is_daily":true,"chose_seed":false,"campfire_upgraded":1,"win_rate":0.0,"timestamp":1563715087,"path_taken":["M","M","M","?","?","E","?","R","T","M","M","R","$","M","R","BOSS","M","?","?","M","?","E"],"build_version":"2019-07-17","purchased_purges":0,"victory":false,"max_hp_per_floor":[75,75,75,75,75,75,75,75,75,75,75,75,75,75,75,75,75,75,80,80,80,80,80],"card_choices":[{"not_picked":["Cold Snap","Barrage"],"picked":"Rebound","floor":1.0},{"not_picked":["Rebound","Ball Lightning"],"picked":"Leap","floor":2.0},{"not_picked":["Barrage","Beam Cell"],"picked":"Coolheaded","floor":3.0},{"not_picked":["Leap","Gash"],"picked":"Sweeping Beam","floor":5.0},{"not_picked":["Rainbow","Storm"],"picked":"Auto Shields","floor":6.0},{"not_picked":["Stack","Turbo"],"picked":"Streamline","floor":7.0},{"not_picked":["Reinforced Body","Undo"],"picked":"Leap","floor":8.0},{"not_picked":["Compile Driver","Gash"],"picked":"Beam Cell","floor":10.0},{"not_picked":["Double Energy","Go for the Eyes"],"picked":"Loop","floor":11.0},{"not_picked":["Hologram","Coolheaded"],"picked":"Self Repair","floor":12.0},{"not_picked":["Go for the Eyes","Conserve Battery"],"picked":"Capacitor","floor":14.0},{"not_picked":["Fission","Multi-Cast"],"picked":"Hyperbeam","floor":16},{"not_picked":["Leap","Coolheaded"],"picked":"Ball Lightning","floor":18},{"not_picked":["Barrage","Cold Snap"],"picked":"Rip and Tear+1","floor":21},{"not_picked":["Blizzard","Ball Lightning"],"picked":"Undo","floor":22}],"player_experience":208909,"relics_obtained":[{"floor":6.0,"key":"Dream Catcher"},{"floor":7.0,"key":"Regal Pillow"},{"floor":9.0,"key":"PreservedInsect"},{"floor":22,"key":"Art of War"}],"event_choices":[{"damage_healed":0.0,"max_hp_gain":0.0,"max_hp_loss":0.0,"gold_gain":0.0,"cards_transformed":["Bash"],"event_name":"Transmorgrifier","player_choice":"Transformed","floor":4.0,"gold_loss":0.0,"damage_taken":0.0,"cards_obtained":["Undo"]},{"damage_healed":0,"gold_gain":0,"player_choice":"Shed Blood","damage_taken":19,"max_hp_gain":5,"max_hp_loss":0,"event_name":"Forgotten Altar","floor":19,"gold_loss":0},{"damage_healed":0,"gold_gain":0,"player_choice":"Copied","damage_taken":0,"max_hp_gain":0,"max_hp_loss":0,"event_name":"Duplicator","floor":20,"gold_loss":0,"cards_obtained":["Hyperbeam"]}],"is_beta":false,"boss_relics":[{"not_picked":["Calling Bell","Velvet Choker"],"picked":"Eternal Feather"}],"items_purged_floors":[],"is_endless":false,"potions_floor_spawned":[2,7,11,16,21,22],"killed_by":"Gremlin Leader","ascension_level":0}