{"gold_per_floor":[115,128,128,102,112,146,146,163,163,163,182,29,29,43,43,139,139,154,166,180,55,55,55,55,55,55,2,21,97,111,21,21,120,120,138,138,138,152,3,3,14,14,67,67,78,78,78,91,91,91],"floor_reached":50,"playtime":5885,"items_purged":["Defend_B","Strike_B","Defend_B"],"score":555,"play_id":"00727438-74d4-4573-a970-d8fe2d77dd53","local_time":"20180729151839","is_ascension_mode":true,"campfire_choices":[{"floor":7,"key":"REST"},{"data":"Strike_B","floor":10,"key":"PURGE"},{"data":"Defend_B","floor":13,"key":"PURGE"},{"data":"Dualcast","floor":15,"key":"SMITH"},{"data":"Strike_B","floor":23,"key":"PURGE"},{"floor":32,"key":"REST"},{"data":"Seek","floor":40,"key":"SMITH"},{"data":"Seek","floor":42,"key":"SMITH"},{"data":"Self Repair","floor":44,"key":"SMITH"},{"data":"Conserve Battery","floor":47,"key":"SMITH"},{"floor":49,"key":"REST"}],"neow_cost":"NONE","seed_source_timestamp":57825048207374,"circlet_count":0,"master_deck":["Zap","Dualcast+1","Compile Driver","Beam Cell","Streamline","Sweeping Beam","Leap","Steam","Ball Lightning","Seek+1","Self Repair+1","Rebound+1","Echo Form","Undo","Sunder+1","Seek+1","Stack","RitualDagger+1","Conserve Battery+1","Steam","Redo","Swift Strike+1","Echo Form","Gash+1","Swift Strike+1","Mind Blast+1","Flash of Steel+1","Glacier","Beam Cell+1","Auto Shields+1","Turbo+1","Rebound+1","Redo+1"],"relics":["Cracked Core","Regal Pillow","Peace Pipe","Molten Egg 2","Inserter","Shuriken","Kunai","Sozu","Pen Nib","Emotion Chip"],"potions_floor_usage":[16,16,16,20,30,33],"damage_taken":[{"damage":3,"enemies":"Small Slimes","floor":1,"turns":3},{"damage":2,"enemies":"Jaw Worm","floor":2,"turns":2},{"damage":0,"enemies":"Cultist","floor":5,"turns":2},{"damage":34,"enemies":"Lagavulin","floor":6,"turns":6},{"damage":4,"enemies":"Red Slaver","floor":8,"turns":3},{"damage":12,"enemies":"Gremlin Gang","floor":11,"turns":5},{"damage":0,"enemies":"Lots of Slimes","floor":14,"turns":2},{"damage":24,"enemies":"Hexaghost","floor":16,"turns":7},{"damage":17,"enemies":"Shell Parasite","floor":18,"turns":6},{"damage":14,"enemies":"3 Byrds","floor":19,"turns":6},{"damage":20,"enemies":"Snake Plant","floor":20,"turns":4},{"damage":9,"enemies":"Centurion and Healer","floor":28,"turns":5},{"damage":33,"enemies":"Snecko","floor":30,"turns":6},{"damage":61,"enemies":"Champ","floor":33,"turns":12},{"damage":5,"enemies":"Flame Bruiser 1 Orb","floor":35,"turns":6},{"damage":10,"enemies":"3 Shapes","floor":38,"turns":3},{"damage":22,"enemies":"Maw","floor":41,"turns":7},{"damage":14,"enemies":"Spire Growth","floor":45,"turns":5},{"damage":0,"floor":46,"turns":4},{"damage":37,"enemies":"Transient","floor":48,"turns":5},{"damage":57,"enemies":"Donu and Deca","floor":50,"turns":5}],"seed_played":"3167618092013270608","potions_obtained":[{"floor":5,"key":"Strength Potion"},{"floor":8,"key":"Regen Potion"},{"floor":11,"key":"EssenceOfSteel"},{"floor":14,"key":"Weak Potion"},{"floor":18,"key":"Energy Potion"},{"floor":19,"key":"Swift Potion"},{"floor":28,"key":"EssenceOfSteel"}],"is_trial":false,"path_per_floor":["M","M","?","$","M","E","R","M","T","R","M","$","R","M","R","B",null,"M","M","M","$","?","R","?","?","T","$","M","T","M","$","R","B",null,"M","?","?","M","$","R","M","R","T","R","M","?","R","M","R"],"character_chosen":"DEFECT","items_purchased":["Sweeping Beam","Self Repair","Stack","Steam","Swift Strike+1","Beam Cell+1"],"campfire_rested":3,"item_purchase_floors":[4,12,21,27,31,39],"current_hp_per_floor":[72,70,67,67,67,33,70,66,66,66,54,54,54,61,61,59,75,72,72,52,52,52,52,46,46,46,46,44,44,25,25,62,1,75,75,75,65,62,62,62,40,40,40,40,46,46,46,19,56,0],"gold":91,"neow_bonus":"TRANSFORM_CARD","is_prod":false,"is_daily":false,"chose_seed":false,"campfire_upgraded":5,"win_rate":0,"timestamp":1532891919,"path_taken":["M","M","?","?","M","E","R","M","T","R","?","$","R","M","R","BOSS","M","M","?","?","?","R","?","?","T","$","M","?","?","?","R","BOSS","M","?","?","?","$","R","M","R","T","R","M","?","R","M","R","BOSS"],"build_version":"2018-07-26","purchased_purges":3,"victory":false,"max_hp_per_floor":[75,75,75,75,75,75,75,75,75,75,75,75,75,75,75,75,75,75,75,75,75,75,75,75,75,75,75,75,75,75,75,75,75,75,75,75,75,75,75,75,75,75,75,75,75,75,75,75,75,75],"card_choices":[{"not_picked":["Stack","Chill"],"picked":"Beam Cell","floor":1},{"not_picked":["Cold Snap","Skim"],"picked":"Streamline","floor":2},{"not_picked":["Compile Driver","Consume"],"picked":"Leap","floor":5},{"not_picked":["Stack","Beam Cell"],"picked":"Steam","floor":6},{"not_picked":["Fusion","Hologram"],"picked":"Ball Lightning","floor":8},{"not_picked":["Undo","Streamline+1"],"picked":"Seek","floor":11},{"not_picked":["Coolheaded","White Noise"],"picked":"Rebound+1","floor":14},{"not_picked":["Multi-Cast","Thunder Strike+1"],"picked":"Echo Form","floor":16},{"not_picked":["Streamline+1","Coolheaded"],"picked":"Undo","floor":18},{"not_picked":["Ball Lightning+1","Go for the Eyes+1"],"picked":"Sunder+1","floor":19},{"not_picked":["Redo","Coolheaded"],"picked":"Seek","floor":20},{"not_picked":["Storm","Ball Lightning+1"],"picked":"Steam","floor":28},{"not_picked":["Tempest+1","Recycle"],"picked":"Redo","floor":30},{"not_picked":["Buffer","Thunder Strike+1"],"picked":"Echo Form","floor":33},{"not_picked":["Ball Lightning+1","Go for the Eyes+1"],"picked":"Gash+1","floor":35},{"not_picked":["Finesse","Transmutation"],"picked":"Swift Strike+1","floor":37},{"not_picked":["Trip","Purity"],"picked":"Mind Blast+1","floor":37},{"not_picked":["Madness","Trip"],"picked":"Flash of Steel+1","floor":37},{"not_picked":["Ball Lightning+1","Recycle"],"picked":"Glacier","floor":38},{"not_picked":["Steam Power+1","Storm+1"],"picked":"Auto Shields+1","floor":41},{"not_picked":["Sweeping Beam+1","Rebound+1"],"picked":"Turbo+1","floor":45},{"not_picked":["Ball Lightning+1","Streamline+1"],"picked":"Rebound+1","floor":46},{"not_picked":["Stack","Barrage+1"],"picked":"Redo+1","floor":48}],"player_experience":1400065,"relics_obtained":[{"floor":6,"key":"Peace Pipe"},{"floor":9,"key":"Molten Egg 2"},{"floor":26,"key":"Shuriken"},{"floor":29,"key":"Kunai"},{"floor":43,"key":"Pen Nib"},{"floor":46,"key":"Emotion Chip"}],"event_choices":[{"event_name":"Scrap Ooze","player_choice":"success","floor":3,"damage_taken":3},{"event_name":"Back to Basics","player_choice":"Elegance","floor":22,"damage_taken":0},{"event_name":"Nest","player_choice":"Joined the Cult","floor":24,"damage_taken":0},{"event_name":"The Library","player_choice":"Read","floor":25,"damage_taken":0},{"event_name":"Falling","player_choice":"Removed Skill","floor":36,"damage_taken":0},{"event_name":"SensoryStone","player_choice":"Memory 3","floor":37,"damage_taken":0},{"event_name":"MindBloom","player_choice":"Fight","floor":46,"damage_taken":0}],"is_beta":false,"boss_relics":[{"not_picked":["Runic Pyramid","Snecko Eye"],"picked":"Inserter"},{"not_picked":["Eternal Feather","Tiny House"],"picked":"Sozu"}],"items_purged_floors":[12,21,39],"is_endless":false,"potions_floor_spawned":[5,8,11,14,18,19,28,35,41],"killed_by":"Donu and Deca","ascension_level":4}