{"gold_per_floor":[114,114,80,94,111,140,140,34,34,34,34,44,44,59,59,162,162,176,190,206,206],"floor_reached":21,"playtime":1526,"items_purged":[],"score":181,"play_id":"712ff579-a4c1-4de1-9627-87b94585c5bc","local_time":"20190626135259","is_ascension_mode":false,"campfire_choices":[{"floor":13,"key":"REST"},{"floor":15,"key":"REST"}],"neow_cost":"NONE","seed_source_timestamp":572791866377313,"circlet_count":0,"master_deck":["Strike_B","Strike_B","Strike_B","Strike_B","Defend_B","Defend_B","Defend_B","Zap","Dualcast","Static Discharge","Gash","Gash","Streamline","Skim+1","Sweeping Beam","Redo+1","Doom and Gloom","Fission+1","Force Field+1","Coolheaded+1","Coolheaded+1"],"relics":["Cracked Core","Toxic Egg 2","Dodecahedron","Nuclear Battery"],"potions_floor_usage":[6,21,21],"damage_taken":[{"damage":5,"enemies":"Jaw Worm","floor":1,"turns":4},{"damage":2,"enemies":"Small Slimes","floor":4,"turns":3},{"damage":5,"enemies":"Cultist","floor":5,"turns":3},{"damage":29,"enemies":"3 Sentries","floor":6,"turns":7},{"damage":11,"enemies":"Red Slaver","floor":12,"turns":3},{"damage":18,"enemies":"Large Slime","floor":14,"turns":4},{"damage":18,"enemies":"Slime Boss","floor":16,"turns":8},{"damage":17,"enemies":"3 Byrds","floor":18,"turns":3},{"damage":27,"enemies":"Shell Parasite","floor":19,"turns":5},{"damage":32,"enemies":"Shelled Parasite and Fungi","floor":20,"turns":6},{"damage":12,"enemies":"Centurion and Healer","floor":21,"turns":1}],"seed_played":"-1628639069543045328","potions_obtained":[{"floor":1,"key":"Regen Potion"},{"floor":12,"key":"Ancient Potion"},{"floor":20,"key":"Poison Potion"}],"is_trial":false,"path_per_floor":["M","?","?","M","M","E","?","$","T","?","?","M","R","M","R","B",null,"M","M","M","M"],"character_chosen":"DEFECT","items_purchased":["Skim+1","Sweeping Beam"],"campfire_rested":2,"item_purchase_floors":[8,8],"current_hp_per_floor":[77,77,77,75,70,53,80,80,80,73,73,62,82,64,82,64,82,65,38,6,0],"gold":206,"neow_bonus":"TEN_PERCENT_HP_BONUS","is_prod":false,"is_daily":false,"chose_seed":false,"campfire_upgraded":0,"win_rate":0.0,"timestamp":1561567979,"path_taken":["M","?","?","M","M","E","?","$","T","?","?","M","R","M","R","BOSS","M","M","M","M"],"build_version":"2019-01-23","purchased_purges":0,"victory":false,"max_hp_per_floor":[82,82,82,82,82,82,82,82,82,82,82,82,82,82,82,82,82,82,82,82,82],"card_choices":[{"not_picked":["Beam Cell","Hologram"],"picked":"Static Discharge","floor":1},{"not_picked":["Static Discharge","Reinforced Body"],"picked":"Gash","floor":4},{"not_picked":["Steam","Cold Snap"],"picked":"Gash","floor":5},{"not_picked":["Cold Snap","Leap"],"picked":"Streamline","floor":6},{"not_picked":["Sweeping Beam","Stack+1"],"picked":"Redo+1","floor":12},{"not_picked":["Hello World","Static Discharge"],"picked":"Doom and Gloom","floor":14},{"not_picked":["All For One","Rainbow+1"],"picked":"Fission+1","floor":16},{"not_picked":["Storm+1","Beam Cell"],"picked":"Force Field+1","floor":18},{"not_picked":["Streamline+1","Defragment"],"picked":"Coolheaded+1","floor":19},{"not_picked":["Sweeping Beam","Go for the Eyes"],"picked":"Coolheaded+1","floor":20}],"player_experience":5028,"relics_obtained":[{"floor":6,"key":"Toxic Egg 2"},{"floor":9,"key":"Dodecahedron"}],"event_choices":[{"damage_healed":0,"gold_gain":0,"player_choice":"Fled","damage_taken":0,"max_hp_gain":0,"max_hp_loss":0,"event_name":"Scrap Ooze","floor":2,"gold_loss":0},{"damage_healed":0,"gold_gain":0,"player_choice":"Left Gold","damage_taken":0,"max_hp_gain":0,"max_hp_loss":0,"event_name":"World of Goop","floor":3,"gold_loss":34},{"damage_healed":27,"gold_gain":0,"player_choice":"Banana","damage_taken":0,"max_hp_gain":0,"max_hp_loss":0,"event_name":"Big Fish","floor":7,"gold_loss":0},{"cards_removed":["Defend_B"],"damage_healed":0,"gold_gain":0,"player_choice":"Card Removal","damage_taken":7,"max_hp_gain":0,"max_hp_loss":0,"event_name":"Golden Wing","floor":10,"gold_loss":0},{"damage_healed":0,"gold_gain":0,"player_choice":"Leave","damage_taken":0,"max_hp_gain":0,"max_hp_loss":0,"event_name":"FaceTrader","floor":11,"gold_loss":0}],"is_beta":false,"boss_relics":[{"not_picked":["Lizard Tail","Astrolabe"],"picked":"Nuclear Battery"}],"items_purged_floors":[],"is_endless":false,"potions_floor_spawned":[1,12,20],"killed_by":"Centurion and Healer","ascension_level":0}