{"gold_per_floor":[115,190,190,190,202,202,228,228,228,241,3,3,18,33,33,108,108,124,224,3,3,20,20,20,32,32,51,71,90,90,109,109,186,186,201,255,267,267,284,284,284,298,324,324,324,324,234,29,29,29],"floor_reached":50,"playtime":14361,"items_purged":["Strike_G"],"score":794,"play_id":"4fb1f2d5-7758-4f23-9ec1-8452156445a4","local_time":"20190109034605","is_ascension_mode":true,"campfire_choices":[{"floor":6.0,"key":"REST"},{"data":"Bouncing Flask","floor":8.0,"key":"SMITH"},{"data":"Bane","floor":15.0,"key":"SMITH"},{"floor":23.0,"key":"REST"},{"floor":30.0,"key":"REST"},{"floor":32.0,"key":"REST"},{"floor":40.0,"key":"RECALL"},{"data":"Noxious Fumes","floor":41.0,"key":"SMITH"},{"data":"Cloak And Dagger","floor":44,"key":"SMITH"},{"data":"Concentrate","floor":46,"key":"SMITH"},{"data":"Impatience","floor":49,"key":"SMITH"}],"neow_cost":"NONE","seed_source_timestamp":288082303271566,"circlet_count":0,"master_deck":["AscendersBane","Defend_G+1","Defend_G","Defend_G","Survivor","Neutralize+1","Bouncing Flask+1","Bane+1","Leg Sweep","Calculated Gamble","Noxious Fumes+1","Catalyst","Glass Knife","Well Laid Plans+1","Grand Finale+1","Crippling Poison+1","Cloak And Dagger+1","Concentrate+1","Dramatic Entrance","Quick Slash","RitualDagger","Acrobatics","Cloak And Dagger+1","Adrenaline","Corpse Explosion","Flying Knee+1","Blur+1","Writhe","Blur+1","Trip+1","Impatience+1","Finesse"],"special_seed":0,"relics":["Ring of the Snake","NeowsBlessing","Bag of Preparation","Dead Branch","Gremlin Horn","Astrolabe","WingedGreaves","Bottled Tornado","Eternal Feather","Bird Faced Urn","Ancient Tea Set","OrangePellets"],"potions_floor_usage":[50],"damage_taken":[{"damage":0.0,"enemies":"2 Louse","floor":1.0,"turns":1.0},{"damage":0.0,"enemies":"Cultist","floor":5.0,"turns":1.0},{"damage":0.0,"enemies":"Lagavulin","floor":7.0,"turns":1.0},{"damage":0.0,"enemies":"Small Slimes","floor":10.0,"turns":4.0},{"damage":0.0,"enemies":"Blue Slaver","floor":13.0,"turns":3.0},{"damage":0.0,"enemies":"Exordium Thugs","floor":14.0,"turns":3.0},{"damage":12.0,"enemies":"Slime Boss","floor":16.0,"turns":8.0},{"damage":0.0,"enemies":"Chosen","floor":18.0,"turns":4.0},{"damage":12.0,"enemies":"Colosseum Slavers","floor":19.0,"turns":4.0},{"damage":14.0,"enemies":"Colosseum Nobs","floor":19.0,"turns":3.0},{"damage":9.0,"enemies":"Shell Parasite","floor":22.0,"turns":3.0},{"damage":0.0,"enemies":"3 Cultists","floor":25.0,"turns":3.0},{"damage":18.0,"enemies":"Sentry and Sphere","floor":27.0,"turns":4.0},{"damage":13.0,"enemies":"Snake Plant","floor":28.0,"turns":5.0},{"damage":4.0,"enemies":"Snecko","floor":29.0,"turns":4.0},{"damage":1.0,"enemies":"Cultist and Chosen","floor":31.0,"turns":5.0},{"damage":7.0,"enemies":"Champ","floor":33.0,"turns":9.0},{"damage":11.0,"enemies":"Orb Walker","floor":35.0,"turns":3.0},{"damage":26.0,"enemies":"2 Orb Walkers","floor":36.0,"turns":3.0},{"damage":11.0,"enemies":"3 Darklings","floor":37.0,"turns":3.0},{"damage":12.0,"enemies":"Jaw Worm Horde","floor":39.0,"turns":4.0},{"damage":5,"enemies":"Maw","floor":42,"turns":7},{"damage":73,"enemies":"Awakened One","floor":50,"turns":11}],"seed_played":"-5891429577428420759","potions_obtained":[{"floor":1.0,"key":"SteroidPotion"},{"floor":10.0,"key":"EssenceOfSteel"},{"floor":13.0,"key":"Block Potion"},{"floor":18.0,"key":"SkillPotion"},{"floor":19.0,"key":"SpeedPotion"},{"floor":22.0,"key":"Regen Potion"},{"floor":27.0,"key":"EssenceOfSteel"},{"floor":35.0,"key":"AttackPotion"},{"floor":42,"key":"SpeedPotion"}],"is_trial":false,"path_per_floor":["M","?","?","?","M","R","E","R","T","M","$","?","M","M","R","B",null,"M","?","$","?","M","R","?","M","T","M","M","M","R","M","R","B",null,"M","?","M","?","M","R","R","M","T","R","?","R","?","$","R","B"],"character_chosen":"THE_SILENT","items_purchased":["Gremlin Horn","Dramatic Entrance","Quick Slash","OrangePellets"],"campfire_rested":4,"item_purchase_floors":[11,20,20,48],"current_hp_per_floor":[59,48,41,28,28,47,47,47,47,47,47,47,47,47,47,35,58,58,32,32,26,17,36,36,48,48,30,17,13,32,31,50,43,60,49,23,14,31,23,41,59,60,60,66,56,66,66,66,66,0],"gold":29,"neow_bonus":"THREE_ENEMY_KILL","is_prod":false,"is_daily":false,"chose_seed":false,"campfire_upgraded":6,"win_rate":0,"timestamp":1547023565,"path_taken":["M","?","?","?","M","R","E","R","T","M","$","?","M","M","R","BOSS","M","?","$","?","M","R","?","M","T","?","M","M","R","M","R","BOSS","M","?","M","?","?","R","R","M","T","R","?","R","?","$","R","BOSS"],"build_version":"2019-01-03v4","purchased_purges":1,"victory":false,"max_hp_per_floor":[66,66,66,66,66,66,66,66,66,66,66,66,66,66,66,66,66,66,66,66,66,66,66,66,66,66,66,66,66,66,66,66,66,66,66,66,66,66,66,66,66,66,66,66,66,66,66,66,66,66],"card_choices":[{"not_picked":["Leg Sweep","Poisoned Stab"],"picked":"Bouncing Flask","floor":1.0},{"not_picked":["Flying Knee","Riddle With Holes"],"picked":"Bane","floor":5.0},{"not_picked":["Underhanded Strike","Dash"],"picked":"Leg Sweep","floor":7.0},{"not_picked":["Underhanded Strike","Caltrops"],"picked":"Calculated Gamble","floor":10.0},{"not_picked":["Skewer","Backstab"],"picked":"Noxious Fumes","floor":13.0},{"not_picked":["Deadly Poison","Calculated Gamble"],"picked":"Catalyst","floor":14.0},{"not_picked":["Tools of the Trade","Unload"],"picked":"Glass Knife","floor":16.0},{"not_picked":["Dagger Spray+1","Backflip"],"picked":"Cloak And Dagger+1","floor":18.0},{"not_picked":["Skewer","Underhanded Strike"],"picked":"Concentrate","floor":19.0},{"not_picked":["Dash","Slice"],"picked":"Acrobatics","floor":22.0},{"not_picked":["Quick Slash","Acrobatics+1"],"picked":"Cloak And Dagger","floor":25.0},{"not_picked":["Flying Knee","Sucker Punch","Acrobatics"],"picked":"SKIP","floor":27.0},{"not_picked":["Slice","Bane","Cloak And Dagger"],"picked":"SKIP","floor":28.0},{"not_picked":["Concentrate","Poisoned Stab","Riddle With Holes+1"],"picked":"SKIP","floor":29.0},{"not_picked":["Prepared","Blade Dance"],"picked":"Adrenaline","floor":31.0},{"not_picked":["Storm of Steel","Burst"],"picked":"Corpse Explosion","floor":33.0},{"not_picked":["Crippling Poison+1","Outmaneuver"],"picked":"Flying Knee+1","floor":35.0},{"not_picked":["Backflip","Deflect"],"picked":"Blur+1","floor":36.0},{"not_picked":["Catalyst","Accuracy","Dodge and Roll"],"picked":"SKIP","floor":37.0},{"not_picked":["Underhanded Strike","Prepared+1"],"picked":"Blur+1","floor":39.0},{"not_picked":["Setup","Flying Knee","Expertise"],"picked":"SKIP","floor":42},{"not_picked":["Impatience","Secret Technique"],"picked":"Trip","floor":45},{"not_picked":["Magnetism","Blind"],"picked":"Impatience","floor":45},{"not_picked":["Impatience","Flash of Steel"],"picked":"Finesse","floor":45}],"player_experience":2164482,"relics_obtained":[{"floor":7.0,"key":"Bag of Preparation"},{"floor":9.0,"key":"Dead Branch"},{"floor":19.0,"key":"WingedGreaves"},{"floor":19.0,"key":"Bottled Tornado"},{"floor":36.0,"key":"Bird Faced Urn"},{"floor":43,"key":"Ancient Tea Set"}],"event_choices":[{"damage_healed":0.0,"max_hp_gain":0.0,"max_hp_loss":0.0,"gold_gain":75.0,"event_name":"World of Goop","player_choice":"Gather Gold","floor":2.0,"gold_loss":0.0,"damage_taken":11.0},{"cards_removed":["Strike_G"],"damage_healed":0.0,"max_hp_gain":0.0,"max_hp_loss":0.0,"gold_gain":0.0,"event_name":"Golden Wing","player_choice":"Card Removal","floor":3.0,"gold_loss":0.0,"damage_taken":7.0},{"damage_healed":0.0,"max_hp_gain":0.0,"max_hp_loss":0.0,"gold_gain":0.0,"event_name":"Shining Light","player_choice":"Entered Light","floor":4.0,"gold_loss":0.0,"damage_taken":13.0,"cards_upgraded":["Defend_G","Neutralize"]},{"cards_removed":["Defend_G"],"damage_healed":0.0,"max_hp_gain":0.0,"max_hp_loss":0.0,"gold_gain":0.0,"event_name":"Purifier","player_choice":"Purged","floor":12.0,"gold_loss":0.0,"damage_taken":0.0},{"damage_healed":0.0,"max_hp_gain":0.0,"max_hp_loss":0.0,"gold_gain":0.0,"event_name":"Colosseum","player_choice":"Fight","floor":19.0,"gold_loss":0.0,"damage_taken":0.0},{"damage_healed":0.0,"max_hp_gain":0.0,"max_hp_loss":0.0,"gold_gain":0.0,"event_name":"Colosseum","player_choice":"Fought Nobs","floor":19.0,"gold_loss":0.0,"damage_taken":0.0},{"damage_healed":0.0,"max_hp_gain":0.0,"max_hp_loss":0.0,"gold_gain":0.0,"event_name":"Nest","player_choice":"Joined the Cult","floor":21.0,"gold_loss":0.0,"damage_taken":6.0,"cards_obtained":["RitualDagger"]},{"damage_healed":0.0,"max_hp_gain":0.0,"max_hp_loss":0.0,"gold_gain":0.0,"event_name":"Ghosts","player_choice":"Ignored","floor":24.0,"gold_loss":0.0,"damage_taken":0.0},{"damage_healed":0.0,"max_hp_gain":0.0,"max_hp_loss":0.0,"gold_gain":0.0,"event_name":"Mysterious Sphere","player_choice":"Fight","floor":36.0,"gold_loss":0.0,"damage_taken":0.0},{"damage_healed":17.0,"max_hp_gain":0.0,"max_hp_loss":0.0,"gold_gain":0.0,"event_name":"Winding Halls","player_choice":"Writhe","floor":38.0,"gold_loss":0.0,"damage_taken":0.0,"cards_obtained":["Writhe"]},{"damage_healed":0,"gold_gain":0,"player_choice":"Memory 3","damage_taken":10,"max_hp_gain":0,"max_hp_loss":0,"event_name":"SensoryStone","floor":45,"gold_loss":0},{"cards_removed":["Strike_G"],"damage_healed":0,"gold_gain":0,"player_choice":"Upgrade and Remove","damage_taken":0,"max_hp_gain":0,"max_hp_loss":0,"event_name":"Designer","floor":47,"gold_loss":90,"cards_upgraded":["Trip"]}],"is_beta":false,"boss_relics":[{"not_picked":["Ring of the Serpent","Pandora\u0027s Box"],"picked":"Astrolabe"},{"not_picked":["Philosopher\u0027s Stone","Runic Pyramid"],"picked":"Eternal Feather"}],"items_purged_floors":[20],"is_endless":false,"potions_floor_spawned":[1,10,13,18,19,22,27,35,36,42],"killed_by":"Awakened One","ascension_level":14}