{"gold_per_floor":[114,124,124,137,155,184,184,170,170,170,170,170,170,204,204,299,299,318,243,243,278,278,278,278],"floor_reached":24,"playtime":1058,"items_purged":[],"score":212,"play_id":"d4273323-9cd6-4640-ad81-d4809b7b4f4e","local_time":"20190906163803","is_ascension_mode":true,"campfire_choices":[{"floor":7,"key":"REST"},{"floor":10,"key":"REST"},{"data":"Crippling Poison","floor":12,"key":"SMITH"},{"floor":15,"key":"REST"},{"floor":23,"key":"REST"}],"neow_cost":"NONE","seed_source_timestamp":9084048106682,"circlet_count":0,"master_deck":["Strike_G+1","Strike_G+1","Strike_G+1","Strike_G+1","Strike_G+1","Defend_G+1","Defend_G+1","Defend_G+1","Defend_G+1","Defend_G+1","Survivor+1","Neutralize","Outmaneuver","Bane","Caltrops","Crippling Poison+1","Dodge and Roll","Deadly Poison","Regret","Night Terror","Corpse Explosion","Choke","Dodge and Roll","RitualDagger"],"relics":["WristBlade","Potion Belt","Bottled Flame","Girya","Pantograph","Runic Pyramid","Red Mask"],"potions_floor_usage":[16,16,21,21,24],"damage_taken":[{"damage":2,"enemies":"2 Louse","floor":1,"turns":4},{"damage":0,"enemies":"Small Slimes","floor":2,"turns":4},{"damage":0,"enemies":"Cultist","floor":4,"turns":4},{"damage":0,"enemies":"Looter","floor":5,"turns":3},{"damage":32,"enemies":"3 Sentries","floor":6,"turns":10},{"damage":6,"enemies":"Exordium Thugs","floor":8,"turns":4},{"damage":25,"enemies":"Lagavulin","floor":14,"turns":7},{"damage":54,"enemies":"The Guardian","floor":16,"turns":12},{"damage":37,"enemies":"Chosen","floor":18,"turns":7},{"damage":24,"enemies":"Masked Bandits","floor":21,"turns":4},{"damage":26,"enemies":"Book of Stabbing","floor":24,"turns":5}],"seed_played":"103057070288715613","potions_obtained":[{"floor":2,"key":"Dexterity Potion"},{"floor":4,"key":"Ancient Potion"},{"floor":8,"key":"GamblersBrew"},{"floor":14,"key":"Swift Potion"},{"floor":16,"key":"Block Potion"},{"floor":18,"key":"EssenceOfSteel"},{"floor":21,"key":"AttackPotion"}],"is_trial":false,"path_per_floor":["M","M","?","M","M","E","R","M","T","R","?","R","?","E","R","B",null,"M","?","?","?","?","R","E"],"character_chosen":"THE_SILENT","items_purchased":[],"campfire_rested":4,"item_purchase_floors":[],"current_hp_per_floor":[68,68,54,54,54,22,43,37,37,58,70,70,70,45,66,16,70,33,33,33,9,3,23,0],"gold":278,"neow_bonus":"BOSS_RELIC","is_prod":false,"is_daily":false,"chose_seed":false,"campfire_upgraded":1,"win_rate":0,"timestamp":1567798683,"path_taken":["M","M","?","M","M","E","R","M","T","R","?","R","?","E","R","BOSS","M","?","?","?","?","R","E"],"build_version":"2019-07-17","purchased_purges":0,"victory":false,"max_hp_per_floor":[70,70,70,70,70,70,70,70,70,70,70,70,70,70,70,70,70,70,67,67,67,67,67,67],"card_choices":[{"not_picked":["Underhanded Strike","Heel Hook"],"picked":"Outmaneuver","floor":1},{"not_picked":["Acrobatics","Prepared"],"picked":"Bane","floor":2},{"not_picked":["Well Laid Plans","Acrobatics"],"picked":"Caltrops","floor":4},{"not_picked":["Quick Slash","Prepared"],"picked":"Crippling Poison","floor":5},{"not_picked":["Bane","Finisher"],"picked":"Dodge and Roll","floor":6},{"not_picked":["Flying Knee","Cloak And Dagger"],"picked":"Deadly Poison","floor":8},{"not_picked":["Deflect","Bane"],"picked":"Night Terror","floor":14},{"not_picked":["Envenom","Night Terror"],"picked":"Corpse Explosion","floor":16},{"not_picked":["Catalyst","Poisoned Stab"],"picked":"Choke","floor":18},{"not_picked":["Setup","Expertise"],"picked":"Dodge and Roll","floor":21}],"player_experience":384614,"relics_obtained":[{"floor":6,"key":"Potion Belt"},{"floor":9,"key":"Bottled Flame"},{"floor":14,"key":"Pantograph"},{"floor":21,"key":"Red Mask"}],"event_choices":[{"damage_healed":0,"gold_gain":0,"player_choice":"Entered Light","damage_taken":14,"max_hp_gain":0,"max_hp_loss":0,"event_name":"Shining Light","floor":3,"gold_loss":0,"cards_upgraded":["Defend_G","Survivor"]},{"damage_healed":17,"gold_gain":0,"player_choice":"Healed and dodged fight","damage_taken":0,"max_hp_gain":0,"max_hp_loss":0,"event_name":"Mushrooms","floor":11,"gold_loss":0,"cards_obtained":["Parasite"]},{"damage_healed":0,"gold_gain":0,"player_choice":"Box","damage_taken":0,"relics_obtained":["Girya"],"max_hp_gain":0,"max_hp_loss":0,"event_name":"Big Fish","floor":13,"gold_loss":0,"cards_obtained":["Regret"]},{"cards_removed":["Parasite"],"damage_healed":0,"gold_gain":0,"player_choice":"Gave Gold","damage_taken":0,"max_hp_gain":0,"max_hp_loss":0,"event_name":"Beggar","floor":19,"gold_loss":75},{"damage_healed":0,"gold_gain":0,"player_choice":"Simplicity","damage_taken":0,"max_hp_gain":0,"max_hp_loss":0,"event_name":"Back to Basics","floor":20,"gold_loss":0,"cards_upgraded":["Strike_G","Strike_G","Strike_G","Strike_G","Strike_G","Defend_G","Defend_G","Defend_G","Defend_G"]},{"damage_healed":0,"gold_gain":0,"player_choice":"Fought Bandits","damage_taken":0,"max_hp_gain":0,"max_hp_loss":0,"event_name":"Masked Bandits","floor":21,"gold_loss":0},{"damage_healed":0,"gold_gain":0,"player_choice":"Joined the Cult","damage_taken":6,"max_hp_gain":0,"max_hp_loss":0,"event_name":"Nest","floor":22,"gold_loss":0,"cards_obtained":["RitualDagger"]}],"is_beta":false,"boss_relics":[{"not_picked":["Astrolabe","Busted Crown"],"picked":"Runic Pyramid"}],"items_purged_floors":[],"is_endless":false,"potions_floor_spawned":[2,4,8,14,16,18,21],"killed_by":"Book of Stabbing","ascension_level":1}