{"gold_per_floor":[115,173,173,187,199,199,230,242,278,321,333,345,374,400,412,525,537,559,587,524,536,563,575,618,647,738,750,779,302,322,333,333,432,432,447,447,447,459,459,459,479,479,479,496,496],"floor_reached":45,"playtime":2625,"items_purged":[],"score":628,"play_id":"e091e019-39fa-423b-befb-fdc9a3933f13","local_time":"20180831222435","is_ascension_mode":true,"campfire_choices":[{"floor":6.0,"key":"REST"},{"floor":8.0,"key":"REST"},{"floor":11.0,"key":"REST"},{"data":"Perfected Strike","floor":15.0,"key":"SMITH"},{"data":"Wild Strike","floor":23.0,"key":"SMITH"},{"floor":27.0,"key":"REST"},{"floor":32.0,"key":"REST"},{"floor":40,"key":"REST"},{"floor":42,"key":"REST"}],"neow_cost":"NONE","seed_source_timestamp":0,"circlet_count":0,"master_deck":["Strike_R+1","Strike_R","Strike_R","Strike_R+1","Strike_R","Defend_R","Defend_R","Defend_R","Bash+1","Disarm","Combust+1","Perfected Strike+1","Anger+1","Perfected Strike+1","Hemokinesis","Reaper","Fire Breathing+1","Wild Strike+1","Twin Strike","Combust+1","Pommel Strike","Double Tap","Swift Strike","Perfected Strike","Armaments","Impervious","Armaments","Thinking Ahead","Panache+1","Trip","Wild Strike+1","Perfected Strike","Intimidate+1"],"special_seed":0,"relics":["Burning Blood","MawBank","Pen Nib","Whetstone","Mark of Pain","Bottled Flame","Frozen Egg 2","Happy Flower","Velvet Choker","Girya"],"potions_floor_usage":[33,41],"damage_taken":[{"damage":0.0,"enemies":"Cultist","floor":1.0,"turns":3.0},{"damage":13.0,"enemies":"Small Slimes","floor":4.0,"turns":4.0},{"damage":17.0,"enemies":"Jaw Worm","floor":5.0,"turns":4.0},{"damage":35.0,"enemies":"3 Sentries","floor":7.0,"turns":6.0},{"damage":40.0,"enemies":"Lagavulin","floor":10.0,"turns":7.0},{"damage":9.0,"enemies":"2 Fungi Beasts","floor":13.0,"turns":3.0},{"damage":2.0,"enemies":"Exordium Wildlife","floor":14.0,"turns":3.0},{"damage":23.0,"enemies":"Hexaghost","floor":16.0,"turns":7.0},{"damage":2.0,"enemies":"Shell Parasite","floor":18.0,"turns":3.0},{"damage":9.0,"enemies":"Chosen","floor":19.0,"turns":3.0},{"damage":3.0,"enemies":"Sentry and Sphere","floor":22.0,"turns":2.0},{"damage":49.0,"enemies":"Book of Stabbing","floor":24.0,"turns":4.0},{"damage":39.0,"enemies":"Centurion and Healer","floor":25.0,"turns":4.0},{"damage":0.0,"enemies":"Snecko","floor":28.0,"turns":3.0},{"damage":1.0,"enemies":"Sentry and Sphere","floor":30.0,"turns":2.0},{"damage":19.0,"enemies":"Snake Plant","floor":31.0,"turns":2.0},{"damage":74,"enemies":"Automaton","floor":33,"turns":5},{"damage":9,"enemies":"Orb Walker","floor":35,"turns":2},{"damage":32,"enemies":"3 Shapes","floor":38,"turns":5},{"damage":47,"enemies":"Maw","floor":41,"turns":6},{"damage":44,"enemies":"3 Darklings","floor":44,"turns":5},{"damage":32,"enemies":"2 Orb Walkers","floor":45,"turns":2}],"seed_played":"-4570640279067076388","potions_obtained":[{"floor":5.0,"key":"Block Potion"},{"floor":7.0,"key":"Explosive Potion"},{"floor":10.0,"key":"EssenceOfSteel"},{"floor":14.0,"key":"Ancient Potion"},{"floor":16.0,"key":"Poison Potion"},{"floor":24.0,"key":"PowerPotion"},{"floor":25.0,"key":"LiquidBronze"},{"floor":44,"key":"FearPotion"}],"is_trial":false,"path_per_floor":["M","?","?","M","M","R","E","R","T","E","R","$","M","M","R","B",null,"M","M","?","?","M","R","E","M","T","R","M","$","M","M","R","B",null,"M","?","?","M","?","R","M","R","T","M"],"character_chosen":"IRONCLAD","items_purchased":["Double Tap","Happy Flower","Swift Strike","Weak Potion","Weak Potion"],"campfire_rested":7,"item_purchase_floors":[29,29,29,29,29],"current_hp_per_floor":[78,78,62,55,44,68,39,63,63,29,53,53,50,54,54,37,69,73,76,76,76,79,79,42,13,13,37,49,49,54,44,68,15,64,61,51,51,37,37,61,24,48,48,24,0],"gold":496,"neow_bonus":"UPGRADE_CARD","is_prod":false,"is_daily":false,"chose_seed":false,"campfire_upgraded":2,"win_rate":0,"timestamp":1535768675,"path_taken":["M","?","?","M","M","R","E","R","T","E","R","$","M","?","R","BOSS","M","?","?","?","M","R","E","M","T","R","M","$","M","M","R","BOSS","M","?","?","M","?","R","?","R","T","M","E"],"build_version":"2018-08-23v2","purchased_purges":0,"victory":false,"max_hp_per_floor":[80,80,80,80,80,80,80,80,80,80,80,80,80,80,80,80,80,80,80,80,80,80,80,80,80,80,80,80,80,80,80,80,80,80,80,80,80,80,80,80,80,80,80,80,80],"card_choices":[{"not_picked":["Clothesline","Shrug It Off"],"picked":"Disarm","floor":1.0},{"not_picked":["Iron Wave","Bloodletting"],"picked":"Combust","floor":4.0},{"not_picked":["Twin Strike","Bloodletting"],"picked":"Perfected Strike","floor":5.0},{"not_picked":["Corruption","Cleave"],"picked":"Anger","floor":7.0},{"not_picked":["Iron Wave","Warcry"],"picked":"Inflame","floor":10.0},{"not_picked":["Headbutt","Clash"],"picked":"Perfected Strike","floor":13.0},{"not_picked":["Sword Boomerang","Ghostly Armor"],"picked":"Hemokinesis","floor":14.0},{"not_picked":["Juggernaut","Brutality"],"picked":"Reaper","floor":16.0},{"not_picked":["Infernal Blade","Clash"],"picked":"Fire Breathing+1","floor":18.0},{"not_picked":["Heavy Blade","Armaments"],"picked":"Wild Strike","floor":19.0},{"not_picked":["Disarm","Cleave"],"picked":"Twin Strike","floor":22.0},{"not_picked":["Heavy Blade","Rampage+1","Second Wind"],"picked":"SKIP","floor":24.0},{"not_picked":["True Grit","Inflame+1"],"picked":"Combust+1","floor":25.0},{"not_picked":["True Grit","Anger"],"picked":"Pommel Strike","floor":28.0},{"not_picked":["Searing Blow","Battle Trance"],"picked":"Perfected Strike","floor":30.0},{"not_picked":["Bloodletting","Reaper"],"picked":"Armaments","floor":31.0},{"not_picked":["Juggernaut+1","Fiend Fire"],"picked":"Impervious","floor":33},{"not_picked":["Blood for Blood","Inflame+1"],"picked":"Armaments","floor":35},{"not_picked":["Violence","Blind"],"picked":"Thinking Ahead","floor":36},{"not_picked":["Jack Of All Trades","Blind"],"picked":"Panache+1","floor":36},{"not_picked":["Panacea","Finesse"],"picked":"Trip","floor":36},{"not_picked":["Clash","Armaments"],"picked":"Wild Strike+1","floor":38},{"not_picked":["True Grit","Clash"],"picked":"Perfected Strike","floor":41},{"not_picked":["Hemokinesis","Battle Trance+1"],"picked":"Intimidate+1","floor":44}],"player_experience":1616791,"relics_obtained":[{"floor":7.0,"key":"MawBank"},{"floor":9.0,"key":"Pen Nib"},{"floor":10.0,"key":"Whetstone"},{"floor":24.0,"key":"Bottled Flame"},{"floor":26.0,"key":"Frozen Egg 2"},{"floor":43,"key":"Girya"}],"event_choices":[{"event_name":"Golden Wing","player_choice":"Gained Gold","floor":2.0,"damage_taken":0.0},{"event_name":"Shining Light","player_choice":"Entered Light","floor":3.0,"damage_taken":0.0},{"event_name":"Beggar","player_choice":"Gave Gold","floor":20.0,"damage_taken":0.0},{"event_name":"Accursed Blacksmith","player_choice":"Forge","floor":21.0,"damage_taken":0.0},{"event_name":"SensoryStone","player_choice":"Memory 3","floor":36,"damage_taken":0},{"event_name":"Falling","player_choice":"Removed Power","floor":37,"damage_taken":0},{"event_name":"The Moai Head","player_choice":"Ignored","floor":39,"damage_taken":0}],"is_beta":false,"boss_relics":[{"not_picked":["Philosopher\u0027s Stone","Cursed Key"],"picked":"Mark of Pain"},{"not_picked":["Snecko Eye","Astrolabe"],"picked":"Velvet Choker"}],"items_purged_floors":[],"is_endless":false,"potions_floor_spawned":[5,7,10,14,16,24,25,30,44],"killed_by":"2 Orb Walkers","ascension_level":7}