{"gold_per_floor":[364,3,20,20,40,40,65,65,91,104,122,222,242,260,260,359,359,370,438,438,453,468,499,499,499],"floor_reached":25,"playtime":2577,"items_purged":[],"score":225,"play_id":"3cd819f2-1014-4b61-8386-e7fd1ed13189","local_time":"20190910003500","is_ascension_mode":false,"campfire_choices":[{"data":"Pommel Strike","floor":6,"key":"SMITH"},{"data":"Heavy Blade","floor":8,"key":"SMITH"},{"data":"Bash","floor":15,"key":"SMITH"},{"data":"Armaments","floor":24,"key":"SMITH"}],"neow_cost":"PERCENT_DAMAGE","seed_source_timestamp":1105890829947893,"circlet_count":0,"master_deck":["Strike_R","Strike_R","Strike_R","Strike_R","Strike_R","Defend_R","Defend_R","Defend_R","Defend_R","Bash+1","Heavy Blade+1","Blood for Blood","Pommel Strike+1","Thunderclap","Twin Strike","Dropkick","Feed","Armaments+1","RitualDagger","Hemokinesis","Power Through","True Grit"],"special_seed":0,"relics":["Burning Blood","Gambling Chip","Red Skull","Centennial Puzzle","Runic Cube","FossilizedHelix"],"potions_floor_usage":[7,10,11,18,25],"damage_taken":[{"damage":0,"enemies":"Small Slimes","floor":1,"turns":4},{"damage":1,"enemies":"Cultist","floor":3,"turns":3},{"damage":9,"enemies":"Jaw Worm","floor":5,"turns":6},{"damage":14,"enemies":"Gremlin Nob","floor":7,"turns":3},{"damage":0,"enemies":"Exordium Wildlife","floor":10,"turns":3},{"damage":2,"enemies":"3 Louse","floor":11,"turns":3},{"damage":0,"enemies":"Looter","floor":13,"turns":4},{"damage":6,"enemies":"Lots of Slimes","floor":14,"turns":3},{"damage":71,"enemies":"The Guardian","floor":16,"turns":11},{"damage":5,"enemies":"3 Byrds","floor":18,"turns":5},{"damage":25,"enemies":"Chosen","floor":21,"turns":8},{"damage":25,"enemies":"Centurion and Healer","floor":22,"turns":5},{"damage":26,"enemies":"Gremlin Leader","floor":23,"turns":8},{"damage":29,"enemies":"Book of Stabbing","floor":25,"turns":6}],"seed_played":"4443433627381531624","potions_obtained":[{"floor":3,"key":"EssenceOfSteel"},{"floor":10,"key":"Energy Potion"},{"floor":16,"key":"LiquidBronze"},{"floor":18,"key":"PowerPotion"}],"is_trial":false,"path_per_floor":["M","$","M","?","M","R","E","R","T","M","M","?","M","M","R","B",null,"M","T","?","M","M","E","R","E"],"character_chosen":"IRONCLAD","items_purchased":["Gambling Chip","AttackPotion"],"campfire_rested":0,"item_purchase_floors":[2,2],"current_hp_per_floor":[62,62,67,67,64,64,56,56,56,62,66,66,72,72,72,7,80,83,83,77,62,47,27,27,0],"gold":499,"neow_bonus":"TWO_FIFTY_GOLD","is_prod":false,"is_daily":false,"chose_seed":false,"campfire_upgraded":4,"win_rate":0,"timestamp":1568090100,"path_taken":["M","$","M","?","M","R","E","R","T","M","M","?","M","M","R","BOSS","M","?","?","M","M","E","R","E"],"build_version":"2019-01-23","purchased_purges":0,"victory":false,"max_hp_per_floor":[80,80,80,80,80,80,80,80,80,80,80,80,80,80,80,80,80,83,83,83,87,91,91,91,91],"card_choices":[{"not_picked":["Flex","Rupture"],"picked":"Heavy Blade","floor":1},{"not_picked":["Heavy Blade","Perfected Strike"],"picked":"Blood for Blood","floor":3},{"not_picked":["Body Slam","Heavy Blade"],"picked":"Pommel Strike","floor":5},{"not_picked":["Sword Boomerang","Juggernaut"],"picked":"Thunderclap","floor":7},{"not_picked":["Evolve","Second Wind","Dual Wield"],"picked":"SKIP","floor":10},{"not_picked":["Thunderclap","Heavy Blade"],"picked":"Twin Strike","floor":11},{"not_picked":["Uppercut","Shrug It Off"],"picked":"Dropkick","floor":13},{"not_picked":["Sever Soul","Twin Strike","Pommel Strike"],"picked":"SKIP","floor":14},{"not_picked":["Immolate","Barricade"],"picked":"Feed","floor":16},{"not_picked":["Inflame","Iron Wave"],"picked":"Armaments","floor":18},{"not_picked":["Thunderclap","Twin Strike"],"picked":"Hemokinesis","floor":21},{"not_picked":["Metallicize","Warcry"],"picked":"Power Through","floor":22},{"not_picked":["Iron Wave","Armaments"],"picked":"True Grit","floor":23}],"player_experience":2922795,"relics_obtained":[{"floor":7,"key":"Red Skull"},{"floor":9,"key":"Centennial Puzzle"},{"floor":23,"key":"FossilizedHelix"}],"event_choices":[{"damage_healed":0,"gold_gain":0,"player_choice":"Ignored","damage_taken":0,"max_hp_gain":0,"max_hp_loss":0,"event_name":"Liars Game","floor":4,"gold_loss":0},{"damage_healed":0,"gold_gain":100,"player_choice":"Pray","damage_taken":0,"max_hp_gain":0,"max_hp_loss":0,"event_name":"Golden Shrine","floor":12,"gold_loss":0},{"damage_healed":0,"gold_gain":0,"player_choice":"Joined the Cult","damage_taken":6,"max_hp_gain":0,"max_hp_loss":0,"event_name":"Nest","floor":20,"gold_loss":0,"cards_obtained":["RitualDagger"]}],"is_beta":false,"boss_relics":[{"not_picked":["Calling Bell","Black Star"],"picked":"Runic Cube"}],"items_purged_floors":[],"is_endless":false,"potions_floor_spawned":[3,10,16,18],"killed_by":"Book of Stabbing","ascension_level":0}