{"gold_per_floor":[116,116,132,24,36,68,68,68,95,95,107,117,142,161,161,235,235,247,247,247,260,275,301,319,319],"floor_reached":25,"playtime":2035,"items_purged":[],"score":470,"play_id":"09e62444-f590-41b1-aa61-10f0f9725993","local_time":"20191016214027","is_ascension_mode":true,"campfire_choices":[{"data":"Eruption","floor":7,"key":"SMITH"},{"data":"WindmillStrike","floor":10,"key":"SMITH"},{"data":"Nirvana","floor":15,"key":"SMITH"}],"neow_cost":"NONE","seed_source_timestamp":10940388604380,"circlet_count":0,"master_deck":["AscendersBane","Strike_P","Strike_P","Strike_P","Defend_P","Defend_P","Defend_P","Defend_P","Eruption+1","Vigilance","BowlingBash","Crescendo","FollowUp","Protect","WindmillStrike+1","EmptyFist","Nirvana+1","ThirdEye","ThirdEye","Meditate","CutThroughFate","CutThroughFate","Establishment","EmptyMind","SashWhip","Ghostly","Ghostly","Ghostly","Nirvana","SandsOfTime","Devotion"],"relics":["Lantern","Prayer Wheel","GoldenEye","Art of War","Centennial Puzzle","Philosopher\u0027s Stone","Nloth\u0027s Gift","Blood Vial"],"potions_floor_usage":[13,13,21,23],"damage_taken":[{"damage":7,"enemies":"Jaw Worm","floor":1,"turns":3},{"damage":1,"enemies":"Cultist","floor":3,"turns":3},{"damage":0,"enemies":"2 Louse","floor":5,"turns":2},{"damage":27,"enemies":"3 Sentries","floor":6,"turns":6},{"damage":0,"enemies":"Blue Slaver","floor":11,"turns":3},{"damage":0,"enemies":"Lots of Slimes","floor":12,"turns":4},{"damage":16,"enemies":"Gremlin Nob","floor":13,"turns":3},{"damage":0,"enemies":"2 Fungi Beasts","floor":14,"turns":3},{"damage":5,"enemies":"Hexaghost","floor":16,"turns":9},{"damage":37,"enemies":"Chosen","floor":18,"turns":6},{"damage":4,"enemies":"2 Thieves","floor":21,"turns":4},{"damage":3,"enemies":"3 Cultists","floor":22,"turns":5},{"damage":1,"enemies":"Gremlin Leader","floor":23,"turns":5},{"damage":0,"enemies":"Snake Plant","floor":24,"turns":4},{"damage":23,"enemies":"Book of Stabbing","floor":25,"turns":4}],"seed_played":"-7918673179041483318","potions_obtained":[{"floor":3,"key":"Ancient Potion"},{"floor":11,"key":"Regen Potion"},{"floor":12,"key":"Regen Potion"},{"floor":13,"key":"Dexterity Potion"},{"floor":14,"key":"SteroidPotion"},{"floor":18,"key":"DistilledChaos"},{"floor":22,"key":"CultistPotion"},{"floor":23,"key":"Fire Potion"}],"is_trial":false,"path_per_floor":["M","?","M","$","M","E","R","T","T","R","M","M","E","M","R","B",null,"M","?","?","M","M","E","M","E"],"character_chosen":"WATCHER","items_purchased":["FollowUp","Protect"],"campfire_rested":0,"item_purchase_floors":[4,4],"current_hp_per_floor":[54,54,53,53,53,26,26,26,26,26,26,26,29,29,29,24,57,20,20,20,16,13,12,14,0],"gold":319,"neow_bonus":"RANDOM_COMMON_RELIC","is_prod":false,"is_daily":false,"chose_seed":false,"campfire_upgraded":3,"win_rate":0,"timestamp":1571215227,"path_taken":["M","?","M","$","?","E","R","?","T","R","M","M","E","M","R","BOSS","M","?","?","M","?","E","M","E"],"build_version":"2019-10-15","purchased_purges":0,"victory":false,"max_hp_per_floor":[68,68,68,68,68,68,68,68,68,68,68,68,68,68,68,68,68,68,34,34,34,34,34,34,34],"card_choices":[{"not_picked":["EmptyBody","FlyingSleeves"],"picked":"BowlingBash","floor":1},{"not_picked":["Halt","ClearTheMind"],"picked":"Crescendo","floor":3},{"not_picked":["BowlingBash","EmptyMind"],"picked":"WindmillStrike","floor":5},{"not_picked":["Evaluate","Consecrate"],"picked":"EmptyFist","floor":6},{"not_picked":["CutThroughFate","Wallop"],"picked":"Nirvana","floor":11},{"not_picked":["JustLucky","Halt"],"picked":"ThirdEye","floor":11},{"not_picked":["EmptyFist","PathToVictory"],"picked":"ThirdEye","floor":12},{"not_picked":["BattleHymn","Collect","MasterReality"],"picked":"SKIP","floor":12},{"not_picked":["EmptyBody","FollowUp"],"picked":"Meditate","floor":13},{"not_picked":["ThirdEye","FlyingSleeves"],"picked":"CutThroughFate","floor":14},{"not_picked":["Sanctity","FlurryOfBlows"],"picked":"CutThroughFate","floor":14},{"not_picked":["LessonLearned","Ragnarok"],"picked":"Establishment","floor":16},{"not_picked":["ThirdEye","WreathOfFlame+1"],"picked":"EmptyMind","floor":18},{"not_picked":["Worship","FlyingSleeves"],"picked":"SashWhip","floor":18},{"not_picked":["LikeWater","Brilliance","Study"],"picked":"SKIP","floor":21},{"not_picked":["FollowUp","PathToVictory","SignatureMove"],"picked":"SKIP","floor":21},{"not_picked":["Halt","BowlingBash"],"picked":"Nirvana","floor":22},{"not_picked":["FollowUp","LikeWater","CarveReality"],"picked":"SKIP","floor":22},{"not_picked":["DeusExMachina","Conclude"],"picked":"SandsOfTime","floor":23},{"not_picked":["FlurryOfBlows","CrushJoints"],"picked":"Devotion","floor":24},{"not_picked":["DeceiveReality","Fasting2","ThirdEye"],"picked":"SKIP","floor":24}],"player_experience":1579432,"relics_obtained":[{"floor":6,"key":"Prayer Wheel"},{"floor":8,"key":"GoldenEye"},{"floor":9,"key":"Art of War"},{"floor":13,"key":"Centennial Puzzle"},{"floor":23,"key":"Blood Vial"}],"event_choices":[{"cards_removed":["Strike_P"],"damage_healed":0,"gold_gain":0,"player_choice":"Purged","damage_taken":0,"max_hp_gain":0,"max_hp_loss":0,"event_name":"Purifier","floor":2,"gold_loss":0},{"damage_healed":0,"gold_gain":0,"player_choice":"Became a Ghost","damage_taken":0,"max_hp_gain":0,"max_hp_loss":34,"event_name":"Ghosts","floor":19,"gold_loss":0,"cards_obtained":["Ghostly","Ghostly","Ghostly"]},{"damage_healed":0,"gold_gain":0,"player_choice":"Traded Relic","damage_taken":0,"relics_obtained":["Nloth\u0027s Gift"],"max_hp_gain":0,"max_hp_loss":0,"event_name":"N\u0027loth","floor":20,"relics_lost":["PureWater"],"gold_loss":0}],"is_beta":true,"boss_relics":[{"not_picked":["Black Star","Tiny House"],"picked":"Philosopher\u0027s Stone"}],"items_purged_floors":[],"is_endless":false,"potions_floor_spawned":[3,11,12,13,14,18,22,23],"killed_by":"Book of Stabbing","ascension_level":20}