{"path_per_floor":["M","?","?","?","?","M","E","R","T","$","M","M","M","M","R"],"character_chosen":"THE_SILENT","items_purchased":["Dash"],"gold_per_floor":[113,113,63,63,63,76,108,108,108,34,48,64,81,97,97],"floor_reached":16,"campfire_rested":2,"playtime":1384,"current_hp_per_floor":[68,75,75,60,60,60,8,31,31,31,27,12,12,9,32],"items_purged":[],"gold":97,"play_id":"fcf1654b-ba6c-4d50-9795-b35dfae8e5e4","is_prod":false,"is_daily":false,"is_ascension_mode":false,"campfire_upgraded":0,"path_taken":["M","?","?","?","?","M","E","R","T","$","M","?","M","M","R","BOSS"],"build_version":"2018-02-01-PROD3","purchased_purges":0,"victory":false,"master_deck":["Defend_G","Defend_G","Defend_G","Defend_G","Defend_G","Strike_G","Strike_G","Strike_G+1","Strike_G","Strike_G","Survivor+1","Neutralize","Quick Slash","Normality","Deflect","Catalyst","Dash","Blur","Dagger Spray","Backstab","Burst"],"max_hp_per_floor":[70,77,77,77,77,77,77,77,77,77,77,77,77,77,77],"relics":["Question Card","Strawberry","Shuriken","Peace Pipe","Ginger"],"card_choices":[{"not_picked":["Dodge and Roll","Leg Sweep","Deadly Poison"],"picked":"Quick Slash"},{"not_picked":["Prepared","Calculated Gamble","Acrobatics"],"picked":"Deflect"},{"not_picked":["Corpse Explosion","Prepared","Deflect"],"picked":"Catalyst"},{"not_picked":["Dagger Spray","Acrobatics","Predator"],"picked":"Blur"},{"not_picked":["Outmaneuver","Crippling Poison","PiercingWail"],"picked":"Dagger Spray"},{"not_picked":["Prepared","PiercingWail","Deadly Poison"],"picked":"Backstab"},{"not_picked":["Dash","Quick Slash","Endless Agony"],"picked":"Burst"}],"player_experience":69584,"potions_floor_usage":[16,16],"damage_taken":[{"damage":2.0,"enemies":"Jaw Worm","floor":1.0,"turns":7.0},{"damage":0,"enemies":"Cultist","floor":6,"turns":4},{"damage":52,"enemies":"Gremlin Nob","floor":7,"turns":6},{"damage":4,"enemies":"2 Louse","floor":11,"turns":3},{"damage":15,"enemies":"Large Slime","floor":12,"turns":10},{"damage":0,"enemies":"3 Louse","floor":13,"turns":3},{"damage":3,"enemies":"Gremlin Gang","floor":14,"turns":6},{"damage":44,"enemies":"Slime Boss","floor":16,"turns":6}],"event_choices":[{"event_name":"Big Fish","player_choice":"Box","floor":2.0,"damage_taken":0.0},{"event_name":"The Cleric","player_choice":"Card Removal","floor":3.0,"damage_taken":0.0},{"event_name":"Shining Light","player_choice":"Entered Light","floor":4.0,"damage_taken":0.0},{"event_name":"Accursed Blacksmith","player_choice":"Rummage","floor":5.0,"damage_taken":0.0}],"boss_relics":[],"potions_floor_spawned":[7,12],"seed_played":"-5091917356642567900","killed_by":"Slime Boss","ascension_level":0,"is_trial":false}