{"gold_per_floor":[109,119,119,144,144,185,197,209],"floor_reached":8,"playtime":563,"items_purged":[],"score":106,"play_id":"25031bd5-9fed-4d6d-b52a-87e613315799","local_time":"20190502231258","is_ascension_mode":true,"campfire_choices":[{"floor":7,"key":"REST"}],"neow_cost":"NONE","seed_source_timestamp":144010089836933,"circlet_count":0,"master_deck":["AscendersBane","Strike_R","Strike_R","Strike_R","Strike_R","Strike_R","Defend_R","Defend_R","Defend_R","Defend_R","Bash","Shrug It Off","Blood for Blood","Armaments","Rampage"],"relics":["Burning Blood","NeowsBlessing","Golden Idol","MawBank"],"potions_floor_usage":[6],"damage_taken":[{"damage":0,"enemies":"Cultist","floor":1,"turns":1},{"damage":0,"enemies":"Small Slimes","floor":2,"turns":1},{"damage":0,"enemies":"2 Louse","floor":4,"turns":1},{"damage":44,"enemies":"Gremlin Nob","floor":6,"turns":5},{"damage":41,"enemies":"Lagavulin","floor":8,"turns":7}],"seed_played":"3046326921557037844","potions_obtained":[{"floor":1,"key":"Dexterity Potion"},{"floor":2,"key":"Weak Potion"},{"floor":4,"key":"Explosive Potion"}],"is_trial":false,"path_per_floor":["M","M","?","M","?","E","R","E"],"character_chosen":"IRONCLAD","items_purchased":[],"campfire_rested":1,"item_purchase_floors":[],"current_hp_per_floor":[74,75,49,55,50,12,34,0],"gold":209,"neow_bonus":"THREE_ENEMY_KILL","is_prod":false,"is_daily":false,"chose_seed":false,"campfire_upgraded":0,"win_rate":0,"timestamp":1556853178,"path_taken":["M","?","?","M","?","E","R","E"],"build_version":"2019-01-23","purchased_purges":0,"victory":false,"max_hp_per_floor":[75,75,75,75,75,75,75,75],"card_choices":[{"not_picked":["Battle Trance","Pommel Strike"],"picked":"Shrug It Off","floor":1},{"not_picked":["Heavy Blade","Havoc"],"picked":"Blood for Blood","floor":2},{"not_picked":["Heavy Blade","Flex"],"picked":"Armaments","floor":4},{"not_picked":["Whirlwind","True Grit"],"picked":"Rampage","floor":6}],"player_experience":2561439,"relics_obtained":[{"floor":6,"key":"MawBank"}],"event_choices":[{"damage_healed":0,"gold_gain":0,"player_choice":"Take Damage","damage_taken":26,"relics_obtained":["Golden Idol"],"max_hp_gain":0,"max_hp_loss":0,"event_name":"Golden Idol","floor":3,"gold_loss":0},{"damage_healed":0,"gold_gain":0,"player_choice":"Fled","damage_taken":5,"max_hp_gain":0,"max_hp_loss":0,"event_name":"Scrap Ooze","floor":5,"gold_loss":0}],"is_beta":false,"boss_relics":[],"items_purged_floors":[],"is_endless":false,"potions_floor_spawned":[1,2,4],"killed_by":"Lagavulin","ascension_level":18}