{"gold_per_floor":[13,28,28,46,58,90,90,90],"floor_reached":8,"playtime":1137,"items_purged":[],"score":116,"play_id":"504fe45d-5dbe-4636-9087-3d6c7d750c05","local_time":"20190926023145","is_ascension_mode":true,"campfire_choices":[{"data":"Neutralize","floor":7,"key":"SMITH"}],"neow_cost":"NO_GOLD","seed_source_timestamp":1431901154200128,"circlet_count":0,"master_deck":["AscendersBane","Defend_G","Defend_G","Defend_G","Defend_G","Defend_G","Strike_G","Strike_G","Strike_G","Strike_G","Strike_G","Survivor","Neutralize+1","Venomology","Sucker Punch","Cloak And Dagger","Well Laid Plans","Crippling Poison","Cloak And Dagger"],"relics":["Ring of the Snake","Question Card"],"potions_floor_usage":[2,5,5,5,6,6,8],"damage_taken":[{"damage":9,"enemies":"Small Slimes","floor":1,"turns":5},{"damage":0,"enemies":"Cultist","floor":2,"turns":4},{"damage":0,"enemies":"Jaw Worm","floor":4,"turns":6},{"damage":0,"enemies":"Exordium Thugs","floor":5,"turns":6},{"damage":14,"enemies":"3 Sentries","floor":6,"turns":11},{"damage":45,"enemies":"Gremlin Nob","floor":8,"turns":4}],"seed_played":"-6196147343988371989","potions_obtained":[{"floor":1,"key":"EssenceOfSteel"},{"floor":2,"key":"Block Potion"},{"floor":5,"key":"Strength Potion"}],"is_trial":false,"path_per_floor":["M","M","?","M","M","E","R","?"],"character_chosen":"THE_SILENT","items_purchased":[],"campfire_rested":0,"item_purchase_floors":[],"current_hp_per_floor":[50,50,50,50,50,36,36,0],"gold":90,"neow_bonus":"THREE_RARE_CARDS","is_prod":false,"is_daily":false,"chose_seed":false,"campfire_upgraded":1,"win_rate":0,"timestamp":1569479505,"path_taken":["M","M","?","M","M","E","R","?"],"build_version":"2019-01-23","purchased_purges":0,"victory":false,"max_hp_per_floor":[66,66,66,66,66,66,66,66],"card_choices":[{"not_picked":["Wraith Form v2","Envenom"],"picked":"Venomology","floor":0},{"not_picked":["Choke","Catalyst"],"picked":"Sucker Punch","floor":1},{"not_picked":["All Out Attack","Dodge and Roll"],"picked":"Cloak And Dagger","floor":2},{"not_picked":["Blur","Sucker Punch"],"picked":"Well Laid Plans","floor":4},{"not_picked":["Reflex","Acrobatics"],"picked":"Crippling Poison","floor":5},{"not_picked":["Prepared","Dodge and Roll"],"picked":"Cloak And Dagger","floor":6}],"player_experience":2984624,"relics_obtained":[{"floor":6,"key":"Question Card"}],"event_choices":[{"damage_healed":0,"gold_gain":0,"player_choice":"Ignored","damage_taken":0,"max_hp_gain":0,"max_hp_loss":0,"event_name":"Liars Game","floor":3,"gold_loss":0},{"damage_healed":0,"gold_gain":0,"player_choice":"Searched \u00271\u0027 times","damage_taken":0,"max_hp_gain":0,"max_hp_loss":0,"event_name":"Dead Adventurer","floor":8,"gold_loss":0}],"is_beta":false,"boss_relics":[],"items_purged_floors":[],"is_endless":false,"potions_floor_spawned":[1,2,5],"killed_by":"Gremlin Nob","ascension_level":20}