{"gold_per_floor":[112,190,190,190,190,190,219,294,364,389,8,25,25,40,40,114,164,183,212,229,242,242,242,277,277,277,294,314,314],"floor_reached":29,"playtime":1670,"items_purged":["Strike_G"],"score":602,"play_id":"891026ab-3bf4-42d2-b4c9-6071e304d7af","local_time":"20190917224640","is_ascension_mode":true,"campfire_choices":[{"floor":6,"key":"REST"},{"data":"Envenom","floor":13,"key":"SMITH"},{"data":"Noxious Fumes","floor":15,"key":"SMITH"},{"floor":23,"key":"REST"},{"floor":25,"key":"REST"}],"neow_cost":"NONE","seed_source_timestamp":1342939601858512,"circlet_count":0,"master_deck":["AscendersBane","Defend_G","Defend_G","Defend_G","Defend_G","Defend_G","Strike_G","Strike_G","Strike_G","Survivor","Neutralize","Slice","Terror+1","Envenom+1","Noxious Fumes","Bane+1","Sucker Punch+1","Noxious Fumes+1","Footwork","Corpse Explosion","PiercingWail","Bane+1","Poisoned Stab+1","Leg Sweep+1","Adrenaline","Riddle With Holes+1"],"relics":["Ring of the Snake","NeowsBlessing","Molten Egg 2","The Specimen","Smiling Mask","Matryoshka","Potion Belt","Vajra","Red Mask","Nloth\u0027s Gift","Mercury Hourglass","Bag of Marbles","Ancient Tea Set"],"potions_floor_usage":[16,18,19,20,28,29],"damage_taken":[{"damage":0,"enemies":"Cultist","floor":1,"turns":1},{"damage":0,"enemies":"Lagavulin","floor":7,"turns":1},{"damage":0,"enemies":"3 Sentries","floor":10,"turns":1},{"damage":0,"enemies":"Small Slimes","floor":12,"turns":3},{"damage":0,"enemies":"2 Louse","floor":14,"turns":3},{"damage":20,"enemies":"The Guardian","floor":16,"turns":9},{"damage":7,"enemies":"Chosen","floor":18,"turns":4},{"damage":10,"enemies":"Masked Bandits","floor":19,"turns":3},{"damage":19,"enemies":"Shell Parasite","floor":20,"turns":4},{"damage":2,"enemies":"Sentry and Sphere","floor":21,"turns":5},{"damage":34,"enemies":"Book of Stabbing","floor":24,"turns":6},{"damage":12,"enemies":"Snake Plant","floor":27,"turns":3},{"damage":16,"enemies":"Shelled Parasite and Fungi","floor":28,"turns":4},{"damage":10,"enemies":"Sentry and Sphere","floor":29,"turns":4}],"seed_played":"6029983476636051626","potions_obtained":[{"floor":10,"key":"SpeedPotion"},{"floor":17,"key":"AttackPotion"},{"floor":18,"key":"Poison Potion"},{"floor":19,"key":"Poison Potion"},{"floor":24,"key":"PowerPotion"},{"floor":28,"key":"Ancient Potion"}],"is_trial":false,"path_per_floor":["M","T","?","?","?","R","E","?","T","E","$","M","R","M","R","B",null,"M","?","M","M","?","R","E","R","T","M","M","M"],"character_chosen":"THE_SILENT","items_purchased":["Noxious Fumes","Bane+1","Vajra","Sucker Punch+1"],"campfire_rested":3,"item_purchase_floors":[11,11,11,11],"current_hp_per_floor":[59,59,24,17,39,58,58,47,47,47,47,47,47,47,47,27,61,54,44,25,23,23,44,10,31,31,19,3,0],"gold":314,"neow_bonus":"THREE_ENEMY_KILL","is_prod":false,"is_daily":false,"chose_seed":false,"campfire_upgraded":2,"win_rate":0,"timestamp":1568774800,"path_taken":["M","?","?","?","?","R","E","?","T","E","$","M","R","M","R","BOSS","M","?","M","M","?","R","E","R","T","?","M","M"],"build_version":"2019-01-23","purchased_purges":1,"victory":false,"max_hp_per_floor":[66,66,66,66,66,66,66,66,66,66,66,66,66,66,66,66,71,71,71,71,71,71,71,71,71,71,71,71,71],"card_choices":[{"not_picked":["Escape Plan","Outmaneuver"],"picked":"Slice","floor":1},{"not_picked":["Footwork","Bane+1"],"picked":"Terror","floor":7},{"not_picked":["Bane+1","Backflip"],"picked":"Envenom","floor":10},{"not_picked":["Outmaneuver","Blur"],"picked":"Noxious Fumes","floor":12},{"not_picked":["Dagger Spray+1","Outmaneuver"],"picked":"Footwork","floor":14},{"not_picked":["Adrenaline","Wraith Form v2"],"picked":"Corpse Explosion","floor":16},{"not_picked":["Concentrate","Noxious Fumes"],"picked":"PiercingWail","floor":17},{"not_picked":["Acrobatics","Deadly Poison"],"picked":"Bane+1","floor":18},{"not_picked":["Sucker Punch+1","Backflip"],"picked":"Poisoned Stab+1","floor":19},{"not_picked":["Caltrops","Flechettes+1"],"picked":"Leg Sweep+1","floor":20},{"not_picked":["Deadly Poison","Cloak And Dagger","Quick Slash+1"],"picked":"SKIP","floor":21},{"not_picked":["Deadly Poison","A Thousand Cuts"],"picked":"Adrenaline","floor":24},{"not_picked":["Underhanded Strike+1","Quick Slash+1"],"picked":"Riddle With Holes+1","floor":27},{"not_picked":["Endless Agony+1","Dagger Throw+1","Crippling Poison"],"picked":"SKIP","floor":28}],"player_experience":2951191,"relics_obtained":[{"floor":2,"key":"Molten Egg 2"},{"floor":7,"key":"Smiling Mask"},{"floor":9,"key":"Matryoshka"},{"floor":10,"key":"Potion Belt"},{"floor":19,"key":"Red Mask"},{"floor":24,"key":"Mercury Hourglass"},{"floor":26,"key":"Bag of Marbles"},{"floor":26,"key":"Ancient Tea Set"}],"event_choices":[{"damage_healed":0,"gold_gain":0,"player_choice":"Success","damage_taken":35,"relics_obtained":["The Specimen"],"max_hp_gain":0,"max_hp_loss":0,"event_name":"Scrap Ooze","floor":3,"gold_loss":0},{"cards_removed":["Strike_G"],"damage_healed":0,"gold_gain":0,"player_choice":"Card Removal","damage_taken":7,"max_hp_gain":0,"max_hp_loss":0,"event_name":"Golden Wing","floor":4,"gold_loss":0},{"damage_healed":22,"gold_gain":0,"player_choice":"Banana","damage_taken":0,"max_hp_gain":0,"max_hp_loss":0,"event_name":"Big Fish","floor":5,"gold_loss":0},{"damage_healed":0,"gold_gain":75,"player_choice":"Gather Gold","damage_taken":11,"max_hp_gain":0,"max_hp_loss":0,"event_name":"World of Goop","floor":8,"gold_loss":0},{"damage_healed":0,"gold_gain":0,"player_choice":"Fought Bandits","damage_taken":0,"max_hp_gain":0,"max_hp_loss":0,"event_name":"Masked Bandits","floor":19,"gold_loss":0},{"damage_healed":0,"gold_gain":0,"player_choice":"Traded Relic","damage_taken":0,"relics_obtained":["Nloth\u0027s Gift"],"max_hp_gain":0,"max_hp_loss":0,"event_name":"N\u0027loth","floor":22,"relics_lost":["Tiny House"],"gold_loss":0}],"is_beta":false,"boss_relics":[{"not_picked":["HoveringKite","WristBlade"],"picked":"Tiny House"}],"items_purged_floors":[11],"is_endless":false,"potions_floor_spawned":[10,18,19,24,28],"killed_by":"Sentry and Sphere","ascension_level":20}