{"gold_per_floor":[117,17,17,28,28,63,63,98,98,110,122,168,180,225,237,350,362,385,397,422,357,387,399,436,448,460,504,516,627,413,430,430,531,531,542,542,492,492,503,516,48,48],"floor_reached":42,"playtime":4421,"items_purged":["Defend_B","Strike_B","Strike_B","Defend_B"],"score":595,"play_id":"25a60462-6699-4ac2-9873-c2ddf0b71165","local_time":"20180827203514","is_ascension_mode":true,"campfire_choices":[{"floor":7.0,"key":"REST"},{"floor":11.0,"key":"REST"},{"floor":13.0,"key":"REST"},{"data":"Beam Cell","floor":15.0,"key":"SMITH"},{"floor":23.0,"key":"REST"},{"floor":25.0,"key":"REST"},{"floor":28.0,"key":"REST"},{"data":"Echo Form","floor":32.0,"key":"SMITH"}],"neow_cost":"NONE","seed_source_timestamp":0,"circlet_count":0,"master_deck":["Strike_B","Defend_B","Defend_B","Zap","Dualcast","Ball Lightning","Genetic Algorithm","Lockon","Self Repair","Core Surge","Turbo","Beam Cell+1","Echo Form+1","Auto Shields","Leap","J.A.X.","Go for the Eyes+1","Conserve Battery","Turbo+1","Leap+1","Undo","Ball Lightning+1","Hologram","BootSequence","Buffer","Steam Power","Mind Blast","Panacea","Aggregate","Sunder+1","Mind Blast","Double Energy"],"special_seed":0,"relics":["Cracked Core","Smiling Mask","StoneCalendar","Regal Pillow","MawBank","Dream Catcher","Boot","Lizard Tail","Pantograph","Oddly Smooth Stone","Centennial Puzzle","Strawberry","Sozu","Ornamental Fan"],"potions_floor_usage":[],"damage_taken":[{"damage":0.0,"enemies":"2 Louse","floor":1.0,"turns":3.0},{"damage":0.0,"enemies":"Cultist","floor":4.0,"turns":3.0},{"damage":34.0,"enemies":"Gremlin Nob","floor":6.0,"turns":4.0},{"damage":27.0,"enemies":"3 Sentries","floor":8.0,"turns":7.0},{"damage":32.0,"enemies":"Gremlin Nob","floor":12.0,"turns":4.0},{"damage":25.0,"enemies":"3 Sentries","floor":14.0,"turns":6.0},{"damage":35.0,"enemies":"Hexaghost","floor":16.0,"turns":8.0},{"damage":26.0,"enemies":"Shell Parasite","floor":18.0,"turns":5.0},{"damage":22.0,"enemies":"Spheric Guardian","floor":20.0,"turns":5.0},{"damage":18.0,"enemies":"Snecko","floor":22.0,"turns":5.0},{"damage":50.0,"enemies":"Gremlin Leader","floor":24.0,"turns":7.0},{"damage":59.0,"enemies":"Book of Stabbing","floor":27.0,"turns":7.0},{"damage":16.0,"enemies":"Centurion and Healer","floor":31.0,"turns":7.0},{"damage":67.0,"enemies":"Collector","floor":33.0,"turns":13.0},{"damage":19,"enemies":"Orb Walker","floor":35,"turns":4},{"damage":23,"enemies":"Flame Bruiser 1 Orb","floor":39,"turns":6},{"damage":0,"enemies":"4 Shapes","floor":40,"turns":6},{"damage":43,"enemies":"2 Orb Walkers","floor":42,"turns":5}],"seed_played":"-3865052243954898819","potions_obtained":[{"floor":4.0,"key":"PowerPotion"},{"floor":8.0,"key":"LiquidBronze"},{"floor":14.0,"key":"Strength Potion"},{"floor":16.0,"key":"SteroidPotion"},{"floor":19.0,"key":"Dexterity Potion"},{"floor":19.0,"key":"FearPotion"},{"floor":24.0,"key":"FocusPotion"},{"floor":31.0,"key":"Strength Potion"}],"is_trial":false,"path_per_floor":["M","$","?","M","?","E","R","E","T","$","R","E","R","E","R","B",null,"M","?","M","?","M","R","E","R","T","E","R","?","$","M","R","B",null,"M","?","$","?","M","M","$"],"character_chosen":"DEFECT","items_purchased":["Steam","Strawberry","Hologram","Mind Blast","Double Energy","Ornamental Fan"],"campfire_rested":6,"item_purchase_floors":[2,30,30,41,41,41],"current_hp_per_floor":[68,68,68,68,68,34,56,29,29,29,66,41,75,57,57,36,65,46,46,38,38,27,64,21,58,58,44,75,75,82,73,73,22,67,55,50,50,50,34,41,41,0],"gold":48,"neow_bonus":"REMOVE_CARD","is_prod":false,"is_daily":false,"chose_seed":false,"campfire_upgraded":2,"win_rate":0,"timestamp":1535416514,"path_taken":["M","$","?","M","?","E","R","E","T","?","R","E","R","E","R","BOSS","M","?","M","?","M","R","E","R","T","E","R","?","$","M","R","BOSS","M","?","$","?","?","M","$","E"],"build_version":"2018-08-23v2","purchased_purges":4,"victory":false,"max_hp_per_floor":[75,75,75,75,75,75,75,75,75,75,75,75,75,75,75,75,75,75,75,75,75,75,75,75,75,75,75,75,75,82,82,82,82,82,82,82,82,82,82,82,82,82],"card_choices":[{"not_picked":["Hologram","Lockon"],"picked":"Ball Lightning","floor":1.0},{"not_picked":["Streamline","Conserve Battery"],"picked":"Genetic Algorithm","floor":4.0},{"not_picked":["Turbo","Hologram"],"picked":"Lockon","floor":6.0},{"not_picked":["Fusion","Rip and Tear"],"picked":"Self Repair","floor":8.0},{"not_picked":["Force Field","Doom and Gloom"],"picked":"Core Surge","floor":12.0},{"not_picked":["Ball Lightning","Coolheaded"],"picked":"Turbo","floor":13.0},{"not_picked":["Reprogram","Conserve Battery"],"picked":"Beam Cell","floor":14.0},{"not_picked":["Multi-Cast","Fission"],"picked":"Echo Form","floor":16.0},{"not_picked":["Darkness","Self Repair"],"picked":"Auto Shields","floor":18.0},{"not_picked":["Gash","Hologram"],"picked":"Leap","floor":20.0},{"not_picked":["Fusion+1","Steam+1"],"picked":"Go for the Eyes+1","floor":22.0},{"not_picked":["Sweeping Beam","Gash"],"picked":"Conserve Battery","floor":23.0},{"not_picked":["Genetic Algorithm","Creative AI"],"picked":"Turbo+1","floor":24.0},{"not_picked":["Gash","Sweeping Beam+1"],"picked":"Leap+1","floor":25.0},{"not_picked":["Steam","Hologram"],"picked":"Undo","floor":27.0},{"not_picked":["Static Discharge","Chill"],"picked":"Ball Lightning+1","floor":28.0},{"not_picked":["Turbo","Coolheaded"],"picked":"BootSequence","floor":31.0},{"not_picked":["Hyperbeam","Reboot"],"picked":"Buffer","floor":33.0},{"not_picked":["Cold Snap","Go for the Eyes+1"],"picked":"Steam Power","floor":35},{"not_picked":["Jack Of All Trades","Madness"],"picked":"Mind Blast","floor":36},{"not_picked":["Forethought","Metamorphosis"],"picked":"Panacea","floor":36},{"not_picked":["Redo","Steam"],"picked":"Aggregate","floor":39},{"not_picked":["Force Field+1","Beam Cell+1"],"picked":"Sunder+1","floor":40}],"player_experience":1589594,"relics_obtained":[{"floor":6.0,"key":"StoneCalendar"},{"floor":8.0,"key":"Regal Pillow"},{"floor":9.0,"key":"MawBank"},{"floor":12.0,"key":"Dream Catcher"},{"floor":14.0,"key":"Boot"},{"floor":24.0,"key":"Pantograph"},{"floor":26.0,"key":"Oddly Smooth Stone"},{"floor":27.0,"key":"Centennial Puzzle"}],"event_choices":[{"event_name":"WeMeetAgain","player_choice":"Card","floor":3.0,"damage_taken":0.0},{"event_name":"The Cleric","player_choice":"Leave","floor":5.0,"damage_taken":0.0},{"event_name":"The Lab","player_choice":"Got Potions","floor":19.0,"damage_taken":0.0},{"event_name":"Drug Dealer","player_choice":"Got JAXXED","floor":21.0,"damage_taken":0.0},{"event_name":"Nest","player_choice":"Stole From Cult","floor":29.0,"damage_taken":0.0},{"event_name":"SensoryStone","player_choice":"Memory 2","floor":36,"damage_taken":0},{"event_name":"Tomb of Lord Red Mask","player_choice":"Ignored","floor":38,"damage_taken":0}],"is_beta":false,"boss_relics":[{"not_picked":["Snecko Eye","Inserter"],"picked":"Lizard Tail"},{"not_picked":["Black Star","Tiny House"],"picked":"Sozu"}],"items_purged_floors":[2,30,37,41],"is_endless":false,"potions_floor_spawned":[4,8,14,16,24,31,35,40],"killed_by":"2 Orb Walkers","ascension_level":6}