{"gold_per_floor":[111,111,129,129,54,54,67,107,186,230,230,244,275,296,296,296],"floor_reached":16,"playtime":1033,"items_purged":["Injury"],"score":132,"play_id":"ca201b79-e3d7-4f36-adee-8905e54baa78","local_time":"20191024192750","is_ascension_mode":true,"campfire_choices":[{"data":"Outmaneuver","floor":6,"key":"SMITH"},{"floor":11,"key":"REST"},{"floor":15,"key":"REST"}],"neow_cost":"NONE","seed_source_timestamp":782749741091600,"circlet_count":0,"master_deck":["Strike_G","Strike_G","Strike_G","Strike_G","Strike_G","Defend_G","Defend_G","Defend_G","Defend_G+1","Defend_G","Survivor+1","Neutralize","Outmaneuver+1","Backflip","Poisoned Stab","Backstab","Flying Knee","Blur","Cloak And Dagger","Dagger Spray"],"relics":["Ring of the Snake","Golden Idol","Strawberry","Mercury Hourglass","Sundial","War Paint"],"potions_floor_usage":[8],"damage_taken":[{"damage":9,"enemies":"Small Slimes","floor":1,"turns":5},{"damage":7,"enemies":"2 Louse","floor":3,"turns":5},{"damage":17,"enemies":"Cultist","floor":7,"turns":7},{"damage":36,"enemies":"Lagavulin","floor":8,"turns":8},{"damage":13,"enemies":"Gremlin Nob","floor":10,"turns":4},{"damage":3,"enemies":"Exordium Wildlife","floor":12,"turns":5},{"damage":17,"enemies":"3 Sentries","floor":13,"turns":7},{"damage":0,"enemies":"3 Louse","floor":14,"turns":2},{"damage":35,"enemies":"Hexaghost","floor":16,"turns":14}],"seed_played":"-5342470849574227009","potions_obtained":[{"floor":3,"key":"Dexterity Potion"},{"floor":7,"key":"AttackPotion"},{"floor":13,"key":"Energy Potion"}],"is_trial":false,"path_per_floor":["M","?","M","?","$","R","M","E","T","E","R","M","E","M","R","B"],"character_chosen":"THE_SILENT","items_purchased":[],"campfire_rested":2,"item_purchase_floors":[],"current_hp_per_floor":[68,68,61,61,61,61,44,15,15,2,27,24,7,7,32,0],"gold":296,"neow_bonus":"TEN_PERCENT_HP_BONUS","is_prod":false,"is_daily":false,"chose_seed":false,"campfire_upgraded":1,"win_rate":0,"timestamp":1571938070,"path_taken":["M","?","M","?","$","R","M","E","T","E","R","M","E","M","R","BOSS"],"build_version":"2019-07-17","purchased_purges":1,"victory":false,"max_hp_per_floor":[77,77,77,77,77,77,77,84,84,84,84,84,84,84,84,84],"card_choices":[{"not_picked":["Sucker Punch","Blur"],"picked":"Outmaneuver","floor":1},{"not_picked":["Predator","Acrobatics"],"picked":"Backflip","floor":3},{"not_picked":["Blade Dance","Flechettes"],"picked":"Poisoned Stab","floor":7},{"not_picked":["Crippling Poison","Wraith Form v2"],"picked":"Backstab","floor":8},{"not_picked":["Calculated Gamble","Bane"],"picked":"Flying Knee","floor":10},{"not_picked":["Slice","Riddle With Holes"],"picked":"Blur","floor":12},{"not_picked":["Leg Sweep","Choke"],"picked":"Cloak And Dagger","floor":13},{"not_picked":["Cloak And Dagger","Masterful Stab"],"picked":"Dagger Spray","floor":14}],"player_experience":108215,"relics_obtained":[{"floor":8,"key":"Strawberry"},{"floor":9,"key":"Mercury Hourglass"},{"floor":10,"key":"Sundial"},{"floor":13,"key":"War Paint"}],"event_choices":[{"damage_healed":0,"gold_gain":0,"player_choice":"Ignored","damage_taken":0,"max_hp_gain":0,"max_hp_loss":0,"event_name":"Shining Light","floor":2,"gold_loss":0},{"damage_healed":0,"gold_gain":0,"player_choice":"Take Wound","damage_taken":0,"relics_obtained":["Golden Idol"],"max_hp_gain":0,"max_hp_loss":0,"event_name":"Golden Idol","floor":4,"gold_loss":0,"cards_obtained":["Injury"]}],"is_beta":false,"boss_relics":[],"items_purged_floors":[5],"is_endless":false,"potions_floor_spawned":[3,7,13],"killed_by":"Hexaghost","ascension_level":2}