{"gold_per_floor":[112,112,112,29,6,20,48,0,27,27,38,48,48,60,60,155,155,166,166,26,37,37],"floor_reached":22,"playtime":858,"items_purged":[],"score":184,"play_id":"a6fd8232-441e-4593-8ae1-13b534723274","local_time":"20190726144239","is_ascension_mode":false,"campfire_choices":[{"floor":10,"key":"REST"},{"floor":13,"key":"REST"},{"floor":15,"key":"REST"}],"neow_cost":"NONE","seed_source_timestamp":104199808312243,"circlet_count":0,"master_deck":["Strike_B","Strike_B","Strike_B+1","Strike_B","Defend_B","Defend_B","Defend_B","Defend_B","Zap+1","Echo Form+1","Tempest","Turbo","Defragment","Leap","Sweeping Beam","Gash","Sweeping Beam","Core Surge","Gash","Rainbow","Conserve Battery","Conserve Battery","Rebound","Self Repair","Double Energy"],"relics":["Cracked Core","Juzu Bracelet","Lantern","Black Star","Enchiridion"],"potions_floor_usage":[12,16,18],"damage_taken":[{"damage":12,"enemies":"Small Slimes","floor":1,"turns":4},{"damage":14,"enemies":"2 Louse","floor":6,"turns":2},{"damage":31,"enemies":"3 Sentries","floor":7,"turns":6},{"damage":2,"enemies":"Jaw Worm","floor":11,"turns":3},{"damage":8,"enemies":"Red Slaver","floor":12,"turns":3},{"damage":19,"enemies":"Blue Slaver","floor":14,"turns":4},{"damage":16,"enemies":"Hexaghost","floor":16,"turns":9},{"damage":7,"enemies":"Chosen","floor":18,"turns":4},{"damage":26,"enemies":"3 Byrds","floor":21,"turns":4},{"damage":32,"enemies":"Sentry and Sphere","floor":22,"turns":3}],"seed_played":"1097947419058578736","potions_obtained":[{"floor":11,"key":"Regen Potion"},{"floor":14,"key":"Weak Potion"},{"floor":16,"key":"Block Potion"}],"is_trial":false,"path_per_floor":["M","?","?","$","$","M","E","?","T","R","M","M","R","M","R","B",null,"M","?","$","M","M"],"character_chosen":"DEFECT","items_purchased":["Turbo","Defragment","Leap","Conserve Battery","Rebound","Self Repair"],"campfire_rested":3,"item_purchase_floors":[4,4,5,20,20,20],"current_hp_per_floor":[63,48,48,48,48,34,3,3,3,25,23,24,46,27,49,33,75,68,52,52,26,0],"gold":37,"neow_bonus":"TRANSFORM_CARD","is_prod":false,"is_daily":false,"chose_seed":false,"campfire_upgraded":0,"win_rate":0.0,"timestamp":1564162959,"path_taken":["M","?","?","?","$","M","E","?","T","R","M","M","R","M","R","BOSS","M","?","$","M","M"],"build_version":"2019-07-17","purchased_purges":0,"victory":false,"max_hp_per_floor":[75,75,75,75,75,75,75,75,75,75,75,75,75,75,75,75,75,75,75,75,75,75],"card_choices":[{"not_picked":["Hologram","Chill"],"picked":"Tempest","floor":1},{"not_picked":["Beam Cell","Static Discharge"],"picked":"Sweeping Beam","floor":6},{"not_picked":["Storm","Consume"],"picked":"Gash","floor":7},{"not_picked":["Go for the Eyes","Static Discharge"],"picked":"Sweeping Beam","floor":11},{"not_picked":["Steam","Hologram"],"picked":"Core Surge","floor":12},{"not_picked":["Redo","Compile Driver"],"picked":"Gash","floor":14},{"not_picked":["Reboot","All For One"],"picked":"Rainbow","floor":16},{"not_picked":["Steam","Beam Cell+1"],"picked":"Conserve Battery","floor":18},{"not_picked":["Sweeping Beam+1","Aggregate"],"picked":"Double Energy","floor":21}],"player_experience":233465,"relics_obtained":[{"floor":7,"key":"Juzu Bracelet"},{"floor":9,"key":"Lantern"},{"floor":19,"key":"Enchiridion"}],"event_choices":[{"damage_healed":0,"gold_gain":0,"player_choice":"Entered Light","damage_taken":15,"max_hp_gain":0,"max_hp_loss":0,"event_name":"Shining Light","floor":2,"gold_loss":0,"cards_upgraded":["Strike_B","Zap"]},{"damage_healed":0,"gold_gain":0,"player_choice":"Grow","damage_taken":0,"max_hp_gain":0,"max_hp_loss":0,"event_name":"Living Wall","floor":3,"gold_loss":0,"cards_upgraded":["Echo Form"]},{"damage_healed":0,"gold_gain":0,"player_choice":"Left Gold","damage_taken":0,"max_hp_gain":0,"max_hp_loss":0,"event_name":"World of Goop","floor":8,"gold_loss":48},{"damage_healed":0,"gold_gain":0,"player_choice":"Obtained Book","damage_taken":16,"max_hp_gain":0,"max_hp_loss":0,"event_name":"Cursed Tome","floor":19,"gold_loss":0}],"is_beta":false,"boss_relics":[{"not_picked":["Sozu","White Beast Statue"],"picked":"Black Star"}],"items_purged_floors":[],"is_endless":false,"potions_floor_spawned":[11,14,16],"killed_by":"Sentry and Sphere","ascension_level":0}