{"gold_per_floor":[113,113,113,0,0,0,34,52,52,85,101,114,114,132,132,253,253,253,253,253,193,14,14,14,14,14,14,14,14,14,14,14,14,14,14,14,14,14,14,14,14,14,14,14,14,14,14,14,14,14],"floor_reached":51,"playtime":4743,"items_purged":[],"score":1101,"play_id":"040bac01-8eff-4461-a3b4-0698638d6562","local_time":"20180916231608","is_ascension_mode":true,"campfire_choices":[{"data":"Skewer","floor":6.0,"key":"SMITH"},{"floor":15.0,"key":"REST"},{"floor":23.0,"key":"REST"},{"floor":29.0,"key":"REST"},{"floor":32.0,"key":"REST"},{"floor":40.0,"key":"REST"},{"floor":42.0,"key":"REST"},{"floor":45.0,"key":"REST"},{"floor":49.0,"key":"REST"}],"neow_cost":"NONE","seed_source_timestamp":0,"circlet_count":0,"master_deck":["Defend_G","Defend_G","Defend_G","Defend_G","Defend_G","Strike_G+1","Strike_G","Strike_G","Strike_G","Strike_G","Survivor","Neutralize+1","Skewer+1","Dash+1","Footwork","Escape Plan","Outmaneuver","Prepared","All Out Attack","Predator","Glass Knife","Malaise","Deflect","Skewer+1","Noxious Fumes","Dash","Apotheosis+1","Blade Dance+1","Backflip+1","Noxious Fumes+1","Blur","Malaise","Accuracy+1","Outmaneuver","Corpse Explosion","Flechettes+1","Dash+1","Outmaneuver+1","Finisher+1","Crippling Poison+1","Bullet Time","Poisoned Stab+1","Catalyst","Flying Knee+1","Venomology","Deflect+1"],"special_seed":0,"relics":["Ring of the Serpent","NeowsBlessing","Bag of Preparation","Thread and Needle","Art of War","Golden Idol","Ectoplasm","Red Mask","Vajra","Frozen Egg 2","Dream Catcher","StoneCalendar","CultistMask","Whetstone","Meat on the Bone"],"potions_floor_usage":[50,50,50],"damage_taken":[{"damage":0.0,"enemies":"2 Louse","floor":1.0,"turns":1.0},{"damage":0.0,"enemies":"Lagavulin","floor":7.0,"turns":1.0},{"damage":0.0,"enemies":"Cultist","floor":8.0,"turns":1.0},{"damage":0.0,"enemies":"Gremlin Nob","floor":10.0,"turns":5.0},{"damage":0.0,"enemies":"Jaw Worm","floor":11.0,"turns":3.0},{"damage":0.0,"enemies":"Blue Slaver","floor":12.0,"turns":2.0},{"damage":8.0,"enemies":"Lots of Slimes","floor":14.0,"turns":3.0},{"damage":7.0,"enemies":"The Guardian","floor":16.0,"turns":13.0},{"damage":3.0,"enemies":"Chosen","floor":18.0,"turns":7.0},{"damage":8.0,"enemies":"Masked Bandits","floor":20.0,"turns":3.0},{"damage":7.0,"enemies":"2 Thieves","floor":21.0,"turns":5.0},{"damage":21.0,"enemies":"Gremlin Leader","floor":24.0,"turns":6.0},{"damage":11.0,"enemies":"Snecko","floor":25.0,"turns":5.0},{"damage":7.0,"enemies":"Book of Stabbing","floor":27.0,"turns":6.0},{"damage":6.0,"enemies":"Cultist and Chosen","floor":28.0,"turns":7.0},{"damage":19.0,"enemies":"Collector","floor":33.0,"turns":12.0},{"damage":0.0,"enemies":"Orb Walker","floor":35.0,"turns":5.0},{"damage":2.0,"enemies":"Mind Bloom Boss Battle","floor":36.0,"turns":6.0},{"damage":40.0,"enemies":"3 Darklings","floor":37.0,"turns":5.0},{"damage":11.0,"enemies":"Maw","floor":38.0,"turns":8.0},{"damage":11.0,"enemies":"4 Shapes","floor":44.0,"turns":3.0},{"damage":8.0,"enemies":"Sphere and 2 Shapes","floor":46.0,"turns":7.0},{"damage":26.0,"enemies":"2 Orb Walkers","floor":47.0,"turns":5.0},{"damage":29.0,"enemies":"Maw","floor":48.0,"turns":7.0},{"damage":14,"enemies":"Awakened One","floor":50,"turns":16}],"seed_played":"-5675571860274852151","potions_obtained":[{"floor":8.0,"key":"Dexterity Potion"},{"floor":10.0,"key":"Strength Potion"},{"floor":11.0,"key":"Swift Potion"},{"floor":14.0,"key":"SteroidPotion"},{"floor":18.0,"key":"Ancient Potion"},{"floor":21.0,"key":"Strength Potion"},{"floor":24.0,"key":"Ancient Potion"},{"floor":27.0,"key":"AttackPotion"},{"floor":33.0,"key":"Weak Potion"},{"floor":37.0,"key":"Explosive Potion"},{"floor":46.0,"key":"Energy Potion"},{"floor":47.0,"key":"LiquidBronze"},{"floor":48.0,"key":"AttackPotion"}],"is_trial":false,"path_per_floor":["M","?","?","$","?","R","E","M","T","E","M","M","?","M","R","B",null,"M","?","?","M","$","R","E","M","T","E","M","R","?","?","R","B",null,"M","?","M","M","?","R","?","R","T","M","R","M","E","M","R","B"],"character_chosen":"THE_SILENT","items_purchased":["Dash","Footwork","Apotheosis"],"campfire_rested":8,"item_purchase_floors":[4,4,22],"current_hp_per_floor":[63,63,68,68,68,68,68,68,68,68,68,68,50,42,64,57,71,68,68,60,53,53,75,54,43,43,36,30,52,52,52,74,55,70,70,68,28,17,17,39,39,61,61,50,72,64,38,21,43,41],"gold":14,"neow_bonus":"THREE_ENEMY_KILL","is_prod":false,"is_daily":false,"chose_seed":false,"campfire_upgraded":1,"win_rate":0,"timestamp":1537154168,"path_taken":["M","?","?","$","?","R","E","?","T","E","M","M","?","?","R","BOSS","M","?","?","M","$","R","E","?","T","E","?","R","?","?","R","BOSS","M","?","M","M","?","R","?","R","T","?","R","M","E","?","R","BOSS"],"build_version":"2018-08-23v2","purchased_purges":0,"victory":true,"max_hp_per_floor":[70,70,75,75,75,75,75,75,75,75,75,75,75,75,75,75,75,75,75,75,75,75,75,75,75,75,75,75,75,75,75,75,75,75,75,75,75,75,75,75,75,75,75,75,75,75,75,75,75,75],"card_choices":[{"not_picked":["PiercingWail","Deadly Poison"],"picked":"Skewer","floor":1.0},{"not_picked":["Accuracy","Dodge and Roll"],"picked":"Escape Plan","floor":7.0},{"not_picked":["Deadly Poison","Dagger Throw"],"picked":"Outmaneuver","floor":8.0},{"not_picked":["Dodge and Roll","Crippling Poison"],"picked":"Prepared","floor":10.0},{"not_picked":["Bane","Blur"],"picked":"All Out Attack","floor":11.0},{"not_picked":["Poisoned Stab","Endless Agony"],"picked":"Predator","floor":12.0},{"not_picked":["PiercingWail","Heel Hook"],"picked":"Glass Knife","floor":14.0},{"not_picked":["Doppelganger","Storm of Steel"],"picked":"Malaise","floor":16.0},{"not_picked":["Deadly Poison","Sucker Punch"],"picked":"Deflect","floor":18.0},{"not_picked":["Blur","Dagger Spray"],"picked":"Noxious Fumes","floor":20.0},{"not_picked":["Dagger Spray","Backflip"],"picked":"Dash","floor":21.0},{"not_picked":["Poisoned Stab","Cloak And Dagger"],"picked":"Blade Dance+1","floor":24.0},{"not_picked":["Setup","Sucker Punch"],"picked":"Backflip+1","floor":25.0},{"not_picked":["Flying Knee","Quick Slash"],"picked":"Noxious Fumes+1","floor":27.0},{"not_picked":["Skewer+1","Tactician"],"picked":"Blur","floor":28.0},{"not_picked":["Poisoned Stab+1","Underhanded Strike"],"picked":"Malaise","floor":29.0},{"not_picked":["Distraction","Bouncing Flask"],"picked":"Outmaneuver","floor":32.0},{"not_picked":["Tools of the Trade+1","Night Terror"],"picked":"Corpse Explosion","floor":33.0},{"not_picked":["Dagger Spray+1","Skewer+1"],"picked":"Flechettes+1","floor":35.0},{"not_picked":["Acrobatics","Poisoned Stab"],"picked":"Dash+1","floor":36.0},{"not_picked":["Deadly Poison+1","Choke"],"picked":"Outmaneuver+1","floor":37.0},{"not_picked":["Poisoned Stab+1","Expertise+1","Deadly Poison"],"picked":"SKIP","floor":38.0},{"not_picked":["Poisoned Stab+1","Dagger Spray+1"],"picked":"Finisher+1","floor":40.0},{"not_picked":["Flying Knee","Acrobatics"],"picked":"Crippling Poison+1","floor":42.0},{"not_picked":["Catalyst","Bane+1"],"picked":"Bullet Time","floor":44.0},{"not_picked":["Setup","Dagger Spray+1"],"picked":"Poisoned Stab+1","floor":45.0},{"not_picked":["Bane","Blade Dance"],"picked":"Catalyst","floor":46.0},{"not_picked":["Tactician","Dagger Spray+1"],"picked":"Flying Knee+1","floor":47.0},{"not_picked":["Deadly Poison+1","Deflect"],"picked":"Venomology","floor":48.0},{"not_picked":["Calculated Gamble","Predator"],"picked":"Deflect+1","floor":49.0}],"player_experience":1727414,"relics_obtained":[{"floor":7.0,"key":"Bag of Preparation"},{"floor":9.0,"key":"Thread and Needle"},{"floor":10.0,"key":"Art of War"},{"floor":20.0,"key":"Red Mask"},{"floor":24.0,"key":"Vajra"},{"floor":26.0,"key":"Frozen Egg 2"},{"floor":27.0,"key":"Dream Catcher"},{"floor":36.0,"key":"StoneCalendar"},{"floor":43.0,"key":"Whetstone"},{"floor":47.0,"key":"Meat on the Bone"}],"event_choices":[{"event_name":"Living Wall","player_choice":"Grow","floor":2.0,"damage_taken":0.0},{"event_name":"Big Fish","player_choice":"Donut","floor":3.0,"damage_taken":0.0},{"event_name":"Liars Game","player_choice":"disagreed","floor":5.0,"damage_taken":0.0},{"event_name":"Golden Idol","player_choice":"Take Damage","floor":13.0,"damage_taken":0.0},{"event_name":"Duplicator","player_choice":"One dupe","floor":19.0,"damage_taken":0.0},{"event_name":"Masked Bandits","player_choice":"Fought Bandits","floor":20.0,"damage_taken":0.0},{"event_name":"The Library","player_choice":"Read","floor":30.0,"damage_taken":0.0},{"event_name":"Beggar","player_choice":"Ignored","floor":31.0,"damage_taken":0.0},{"event_name":"MindBloom","player_choice":"Fight","floor":36.0,"damage_taken":0.0},{"event_name":"Accursed Blacksmith","player_choice":"Forge","floor":39.0,"damage_taken":0.0},{"event_name":"FaceTrader","player_choice":"Trade","floor":41.0,"damage_taken":0.0}],"is_beta":false,"boss_relics":[{"not_picked":["Velvet Choker","Snecko Eye"],"picked":"Ectoplasm"},{"not_picked":["Lizard Tail","White Beast Statue"],"picked":"Ring of the Serpent"}],"items_purged_floors":[],"is_endless":false,"potions_floor_spawned":[8,10,11,14,18,21,24,27,33,37,46,47,48],"ascension_level":9}