{"gold_per_floor":[115,115,115,125,47,81,81,97,123,123,149,159,11,27,27,27],"floor_reached":16,"playtime":613,"items_purged":[],"score":155,"play_id":"ea020d56-b575-4706-823e-1161aa7afef6","local_time":"20190909083531","is_ascension_mode":true,"campfire_choices":[{"floor":7,"key":"RECALL"},{"data":"Zap","floor":10,"key":"SMITH"},{"data":"Capacitor","floor":15,"key":"SMITH"}],"neow_cost":"NONE","seed_source_timestamp":47934310134921,"circlet_count":0,"master_deck":["Strike_B","Strike_B","Strike_B","Strike_B","Defend_B","Defend_B","Defend_B","Defend_B","Zap+1","Dualcast","Self Repair+1","BootSequence","Leap","Turbo","Leap","Conserve Battery","Heatsinks","Compile Driver","Capacitor+1","Leap","Conserve Battery","Lockon"],"relics":["Cracked Core","NeowsBlessing","Happy Flower","PreservedInsect","WingedGreaves"],"potions_floor_usage":[11,11,16],"damage_taken":[{"damage":0,"enemies":"2 Louse","floor":1,"turns":1},{"damage":0,"enemies":"Jaw Worm","floor":4,"turns":1},{"damage":0,"enemies":"3 Sentries","floor":6,"turns":2},{"damage":0,"enemies":"Small Slimes","floor":8,"turns":3},{"damage":25,"enemies":"Lagavulin","floor":11,"turns":8},{"damage":4,"enemies":"2 Fungi Beasts","floor":12,"turns":4},{"damage":10,"enemies":"Large Slime","floor":14,"turns":8},{"damage":67,"enemies":"Slime Boss","floor":16,"turns":10}],"seed_played":"1825744659817390206","potions_obtained":[{"floor":1,"key":"GamblersBrew"},{"floor":8,"key":"Fire Potion"},{"floor":12,"key":"Explosive Potion"}],"is_trial":false,"path_per_floor":["M","?","?","M","$","E","R","M","T","R","E","M","$","M","R","B"],"character_chosen":"DEFECT","items_purchased":["Leap","Turbo","Capacitor","Leap","Conserve Battery"],"campfire_rested":0,"item_purchase_floors":[5,5,13,13,13],"current_hp_per_floor":[75,75,75,75,75,75,75,75,75,75,60,66,66,66,66,0],"gold":27,"neow_bonus":"THREE_ENEMY_KILL","is_prod":false,"is_daily":false,"chose_seed":false,"campfire_upgraded":2,"win_rate":0,"timestamp":1568028931,"path_taken":["M","?","?","M","$","E","R","M","T","R","E","M","$","M","R","BOSS"],"build_version":"2019-07-17","purchased_purges":0,"victory":false,"max_hp_per_floor":[75,75,75,75,75,75,75,75,75,75,75,75,75,75,75,75],"card_choices":[{"not_picked":["Glacier","Steam"],"picked":"Self Repair","floor":1},{"not_picked":["Hello World","Cold Snap"],"picked":"BootSequence","floor":4},{"not_picked":["Recycle","Beam Cell"],"picked":"Leap","floor":6},{"not_picked":["Steam","Glacier"],"picked":"Conserve Battery","floor":8},{"not_picked":["Buffer","Consume"],"picked":"Heatsinks","floor":11},{"not_picked":["Beam Cell","Force Field"],"picked":"Compile Driver","floor":12},{"not_picked":["Static Discharge","Auto Shields"],"picked":"Lockon","floor":14}],"player_experience":400607,"relics_obtained":[{"floor":6,"key":"Happy Flower"},{"floor":9,"key":"PreservedInsect"},{"floor":11,"key":"WingedGreaves"}],"event_choices":[{"damage_healed":0,"gold_gain":0,"player_choice":"Grow","damage_taken":0,"max_hp_gain":0,"max_hp_loss":0,"event_name":"Living Wall","floor":2,"gold_loss":0,"cards_upgraded":["Self Repair"]},{"damage_healed":0,"gold_gain":0,"player_choice":"Ignored","damage_taken":0,"max_hp_gain":0,"max_hp_loss":0,"event_name":"Golden Wing","floor":3,"gold_loss":0}],"is_beta":false,"boss_relics":[],"items_purged_floors":[],"is_endless":false,"potions_floor_spawned":[1,8,12],"killed_by":"Slime Boss","ascension_level":3}