{"gold_per_floor":[112,13,24,24,24,24,78,98,123,139,150,150,164,16,16,116,116,136,136,136,136,148,148,2,2,2,2,15,32,47,23,23,121,121,131,0,0,11,11,11,23,40,64,77,87,98,98,98],"floor_reached":48,"playtime":2177,"items_purged":[],"score":501,"play_id":"33574cc2-04e4-4471-b826-7f478da76436","local_time":"20190729123552","is_ascension_mode":false,"campfire_choices":[{"data":"Sweeping Beam","floor":6,"key":"SMITH"},{"floor":12,"key":"REST"},{"data":"Streamline","floor":15,"key":"SMITH"},{"floor":23,"key":"REST"},{"floor":25,"key":"REST"},{"data":"Meteor Strike","floor":27,"key":"SMITH"},{"floor":32,"key":"REST"},{"floor":40,"key":"REST"},{"floor":47,"key":"REST"}],"neow_cost":"NONE","seed_source_timestamp":147791059724314,"circlet_count":0,"master_deck":["Strike_B+1","Defend_B+1","Defend_B","Defend_B","Defend_B","Zap","Dualcast","Ball Lightning+1","Streamline","Sweeping Beam+1","BootSequence+1","Regret","Sunder+1","Streamline+1","Gash","Streamline","Meteor Strike+1","Rebound+1","Necronomicurse","Gash","Ball Lightning","Gash+1","Auto Shields+1","Gash","Buffer","Reinforced Body+1","Reprogram+1","Tempest+1","Coolheaded","Doom and Gloom+1","Meteor Strike","Sweeping Beam","Sunder","Streamline+1","Conserve Battery"],"relics":["Cracked Core","War Paint","Tiny Chest","Art of War","Regal Pillow","Lizard Tail","Necronomicon","Whetstone","Meat on the Bone","Astrolabe","Red Mask","Pen Nib"],"potions_floor_usage":[16,16,16,33,44,46,46],"damage_taken":[{"damage":9,"enemies":"Jaw Worm","floor":1,"turns":4},{"damage":0,"enemies":"2 Louse","floor":3,"turns":1},{"damage":0,"enemies":"Cultist","floor":8,"turns":2},{"damage":2,"enemies":"Exordium Thugs","floor":10,"turns":3},{"damage":4,"enemies":"Exordium Wildlife","floor":11,"turns":3},{"damage":0,"enemies":"3 Louse","floor":13,"turns":2},{"damage":65,"enemies":"The Guardian","floor":16,"turns":8},{"damage":34,"enemies":"3 Byrds","floor":18,"turns":5},{"damage":13,"enemies":"2 Thieves","floor":22,"turns":3},{"damage":21,"enemies":"3 Cultists","floor":28,"turns":4},{"damage":16,"enemies":"Sentry and Sphere","floor":29,"turns":4},{"damage":0,"enemies":"Snecko","floor":30,"turns":2},{"damage":69,"enemies":"Collector","floor":33,"turns":9},{"damage":2,"enemies":"Orb Walker","floor":35,"turns":2},{"damage":72,"enemies":"3 Darklings","floor":38,"turns":7},{"damage":10,"enemies":"4 Shapes","floor":41,"turns":3},{"damage":14,"enemies":"Sphere and 2 Shapes","floor":42,"turns":5},{"damage":41,"enemies":"3 Darklings","floor":44,"turns":5},{"damage":17,"enemies":"Jaw Worm Horde","floor":45,"turns":5},{"damage":37,"enemies":"Maw","floor":46,"turns":7},{"damage":90,"enemies":"Spire Growth","floor":48,"turns":5}],"seed_played":"-7454964344904818582","potions_obtained":[{"floor":3,"key":"Regen Potion"},{"floor":11,"key":"AttackPotion"},{"floor":13,"key":"Explosive Potion"},{"floor":22,"key":"FearPotion"},{"floor":30,"key":"SkillPotion"},{"floor":33,"key":"GamblersBrew"},{"floor":41,"key":"SpeedPotion"},{"floor":42,"key":"LiquidBronze"},{"floor":45,"key":"PowerPotion"}],"is_trial":false,"path_per_floor":["M","$","M","?","?","R","T","M","T","M","M","R","M","$","R","B",null,"M","?","?","?","M","R","$","R","T","R","M","M","M","$","R","B",null,"M","?","?","M","$","R","M","M","T","M","M","M","R","M"],"character_chosen":"DEFECT","items_purchased":["Streamline","Sweeping Beam","Regal Pillow","Whetstone","Gash"],"campfire_rested":6,"item_purchase_floors":[2,2,14,24,31],"current_hp_per_floor":[73,73,73,73,73,73,73,73,73,71,67,82,82,82,82,26,82,48,32,16,16,3,44,44,85,85,85,64,48,48,48,87,30,87,85,85,85,25,25,66,56,54,54,25,20,55,87,0],"gold":98,"neow_bonus":"TEN_PERCENT_HP_BONUS","is_prod":false,"is_daily":false,"chose_seed":false,"campfire_upgraded":3,"win_rate":0.0,"timestamp":1564414552,"path_taken":["M","$","M","?","?","R","?","M","T","M","?","R","M","?","R","BOSS","M","?","?","?","M","R","?","R","T","R","M","M","?","$","R","BOSS","M","?","?","M","$","R","M","M","T","M","?","M","R","M"],"build_version":"2019-07-17","purchased_purges":0,"victory":false,"max_hp_per_floor":[82,82,82,82,82,82,82,82,82,82,82,82,82,82,82,82,82,82,82,87,87,87,87,87,87,87,87,87,87,87,87,87,87,87,87,87,87,87,87,87,87,87,87,87,87,87,87,87],"card_choices":[{"not_picked":["Barrage","Force Field"],"picked":"Ball Lightning","floor":1},{"not_picked":["Blizzard","Redo"],"picked":"BootSequence","floor":3},{"not_picked":["FTL","Streamline"],"picked":"Sunder","floor":8},{"not_picked":["Loop","Sweeping Beam"],"picked":"Streamline","floor":10},{"not_picked":["Consume","Recycle"],"picked":"Gash","floor":11},{"not_picked":["Rebound","Skim"],"picked":"Streamline","floor":13},{"not_picked":["Biased Cognition","Creative AI"],"picked":"Meteor Strike","floor":16},{"not_picked":["Genetic Algorithm","Go for the Eyes+1"],"picked":"Rebound+1","floor":18},{"not_picked":["Lockon+1","Sweeping Beam"],"picked":"Gash","floor":22},{"not_picked":["Redo","Compile Driver"],"picked":"Ball Lightning","floor":28},{"not_picked":["Recycle","Chill"],"picked":"Gash+1","floor":29},{"not_picked":["Lockon","Streamline+1"],"picked":"Auto Shields+1","floor":30},{"not_picked":["Thunder Strike","Core Surge"],"picked":"Buffer","floor":33},{"not_picked":["Darkness+1","Hologram"],"picked":"Coolheaded","floor":35},{"not_picked":["Turbo+1","Chaos+1"],"picked":"Doom and Gloom+1","floor":38},{"not_picked":["Hello World","Steam"],"picked":"Meteor Strike","floor":41},{"not_picked":["Fusion+1","Steam Power+1"],"picked":"Sweeping Beam","floor":42},{"not_picked":["Turbo","Sweeping Beam"],"picked":"Sunder","floor":44},{"not_picked":["Ball Lightning+1","Gash"],"picked":"Streamline+1","floor":45},{"not_picked":["Double Energy","Machine Learning"],"picked":"Conserve Battery","floor":46}],"player_experience":253620,"relics_obtained":[{"floor":7,"key":"Tiny Chest"},{"floor":9,"key":"Art of War"},{"floor":19,"key":"Necronomicon"},{"floor":26,"key":"Meat on the Bone"},{"floor":43,"key":"Pen Nib"}],"event_choices":[{"damage_healed":0,"gold_gain":0,"player_choice":"Grow","damage_taken":0,"max_hp_gain":0,"max_hp_loss":0,"event_name":"Living Wall","floor":4,"gold_loss":0,"cards_upgraded":["Ball Lightning"]},{"damage_healed":0,"gold_gain":0,"player_choice":"Box","damage_taken":0,"relics_obtained":["War Paint"],"max_hp_gain":0,"max_hp_loss":0,"event_name":"Big Fish","floor":5,"gold_loss":0,"cards_obtained":["Regret"]},{"damage_healed":0,"gold_gain":0,"player_choice":"Obtained Book","damage_taken":16,"max_hp_gain":0,"max_hp_loss":0,"event_name":"Cursed Tome","floor":19,"gold_loss":0},{"damage_healed":0,"gold_gain":0,"player_choice":"Shed Blood","damage_taken":21,"max_hp_gain":5,"max_hp_loss":0,"event_name":"Forgotten Altar","floor":20,"gold_loss":0},{"damage_healed":0,"gold_gain":0,"player_choice":"Ignored","damage_taken":0,"max_hp_gain":0,"max_hp_loss":0,"event_name":"Vampires","floor":21,"gold_loss":0},{"damage_healed":0,"gold_gain":0,"player_choice":"Paid","damage_taken":0,"relics_obtained":["Red Mask"],"max_hp_gain":0,"max_hp_loss":0,"event_name":"Tomb of Lord Red Mask","floor":36,"gold_loss":131},{"damage_healed":0,"gold_gain":0,"player_choice":"Ignored","damage_taken":0,"max_hp_gain":0,"max_hp_loss":0,"event_name":"NoteForYourself","floor":37,"gold_loss":0}],"is_beta":false,"boss_relics":[{"not_picked":["Velvet Choker","Busted Crown"],"picked":"Lizard Tail"},{"not_picked":["Sozu","Snecko Eye"],"picked":"Astrolabe"}],"items_purged_floors":[],"is_endless":false,"potions_floor_spawned":[3,11,13,22,30,33,41,42,45],"killed_by":"Spire Growth","ascension_level":0}