{"gold_per_floor":[112,128,54,74,85,85,104,104,104,54,89,89,123,135,135,212,212,223,138,138,158,5,39,54,85,112,112,12,66,66],"floor_reached":30,"playtime":1922,"items_purged":["Parasite","Strike_P"],"score":533,"play_id":"d04e1356-aa4e-4b9a-a0c7-f8495da76bf4","local_time":"20190915195257","is_ascension_mode":true,"campfire_choices":[{"data":"Crescendo","floor":6,"key":"SMITH"},{"data":"BowlingBash","floor":8,"key":"SMITH"},{"data":"ForeignInfluence","floor":15,"key":"SMITH"},{"data":"SignatureMove","floor":27,"key":"SMITH"}],"neow_cost":"NONE","seed_source_timestamp":24192311226259,"circlet_count":0,"master_deck":["AscendersBane","Strike_P","Strike_P","Strike_P","Defend_P","Defend_P","Defend_P","Defend_P","Eruption","Vigilance","Crescendo+1","Adaptation","ForeignInfluence+1","InnerPeace","EmptyFist","BowlingBash+1","EmptyMind","Protect","SignatureMove+1","TalkToTheHand","FearNoEvil","Sanctity","Clumsy","Protect"],"relics":["Cursed Key","Singing Bowl","Pen Nib","Darkstone Periapt","Nunchaku","Philosopher\u0027s Stone","Nloth\u0027s Gift","StoneCalendar","Blue Candle","Akabeko","Matryoshka"],"potions_floor_usage":[16,25,29,30],"damage_taken":[{"damage":0,"enemies":"Cultist","floor":1,"turns":3},{"damage":0,"enemies":"Jaw Worm","floor":2,"turns":3},{"damage":0,"enemies":"2 Louse","floor":4,"turns":2},{"damage":6,"enemies":"Red Slaver","floor":5,"turns":4},{"damage":0,"enemies":"2 Fungi Beasts","floor":7,"turns":3},{"damage":10,"enemies":"3 Sentries","floor":11,"turns":5},{"damage":12,"enemies":"Lagavulin","floor":13,"turns":4},{"damage":3,"enemies":"Gremlin Gang","floor":14,"turns":4},{"damage":9,"enemies":"Hexaghost","floor":16,"turns":9},{"damage":11,"enemies":"Shell Parasite","floor":18,"turns":3},{"damage":4,"enemies":"Chosen","floor":21,"turns":4},{"damage":0,"enemies":"Gremlin Leader","floor":23,"turns":6},{"damage":25,"enemies":"Snake Plant","floor":24,"turns":3},{"damage":7,"enemies":"Book of Stabbing","floor":25,"turns":4},{"damage":19,"enemies":"Slavers","floor":29,"turns":4},{"damage":8,"enemies":"Sentry and Sphere","floor":30,"turns":3}],"seed_played":"5875757607394597161","potions_obtained":[{"floor":2,"key":"Fire Potion"},{"floor":4,"key":"Strength Potion"},{"floor":21,"key":"Ancient Potion"},{"floor":23,"key":"AttackPotion"},{"floor":29,"key":"Swift Potion"}],"is_trial":false,"path_per_floor":["M","M","$","M","M","R","M","R","T","?","E","T","E","M","R","B",null,"M","?","?","M","$","E","M","E","T","R","$","E","M"],"character_chosen":"WATCHER","items_purchased":["ForeignInfluence","FearNoEvil"],"campfire_rested":0,"item_purchase_floors":[3,22],"current_hp_per_floor":[59,59,59,59,53,53,53,53,53,53,43,43,33,30,30,21,56,47,47,47,43,43,43,20,15,21,21,21,2,0],"gold":66,"neow_bonus":"BOSS_RELIC","is_prod":false,"is_daily":false,"chose_seed":false,"campfire_upgraded":4,"win_rate":0,"timestamp":1568533977,"path_taken":["M","?","$","M","M","R","M","R","T","?","E","?","E","M","R","BOSS","M","?","?","M","$","E","?","E","T","R","$","E","M"],"build_version":"2019-09-12","purchased_purges":2,"victory":false,"max_hp_per_floor":[65,65,65,65,65,65,65,65,65,65,65,65,67,67,67,67,67,69,69,69,69,66,66,68,70,76,76,76,76,76],"card_choices":[{"not_picked":["Clarity","CarveReality"],"picked":"Crescendo","floor":1},{"not_picked":["ClearTheMind","FlyingSleeves"],"picked":"Adaptation","floor":2},{"not_picked":["CleanseEvil","Crescendo"],"picked":"InnerPeace","floor":4},{"not_picked":["FollowUp","Crescendo"],"picked":"EmptyFist","floor":5},{"not_picked":["EmptyFist","Evaluate"],"picked":"BowlingBash","floor":7},{"not_picked":["Perseverance","Prostrate"],"picked":"EmptyMind","floor":11},{"not_picked":["Wish","WindmillStrike","CleanseEvil"],"picked":"Singing Bowl","floor":13},{"not_picked":["Crescendo","FlyingSleeves"],"picked":"Protect","floor":14},{"not_picked":["Judgement","Wallop"],"picked":"SignatureMove","floor":16},{"not_picked":["Establishment","Crescendo","Scrawl"],"picked":"Singing Bowl","floor":18},{"not_picked":["Perseverance","Evaluate"],"picked":"TalkToTheHand","floor":21},{"not_picked":["PathToVictory","SpiritShield"],"picked":"Sanctity","floor":23},{"not_picked":["ThirdEye","Tantrum","Metaphysics"],"picked":"Singing Bowl","floor":24},{"not_picked":["Conclude","Tantrum","SignatureMove"],"picked":"Singing Bowl","floor":25},{"not_picked":["Wallop","Adaptation"],"picked":"Protect","floor":29}],"player_experience":1093659,"relics_obtained":[{"floor":9,"key":"Singing Bowl"},{"floor":11,"key":"Pen Nib"},{"floor":12,"key":"Darkstone Periapt"},{"floor":13,"key":"Nunchaku"},{"floor":23,"key":"StoneCalendar"},{"floor":25,"key":"Blue Candle"},{"floor":26,"key":"Akabeko"},{"floor":29,"key":"Matryoshka"}],"event_choices":[{"cards_removed":["Injury"],"damage_healed":0,"gold_gain":0,"player_choice":"Card Removal","damage_taken":0,"max_hp_gain":0,"max_hp_loss":0,"event_name":"The Cleric","floor":10,"gold_loss":50},{"damage_healed":0,"gold_gain":0,"player_choice":"Obtained Relic","damage_taken":0,"relics_obtained":["Boot"],"max_hp_gain":0,"max_hp_loss":0,"event_name":"Addict","floor":19,"gold_loss":85},{"damage_healed":0,"gold_gain":0,"player_choice":"Traded Relic","damage_taken":0,"relics_obtained":["Nloth\u0027s Gift"],"max_hp_gain":0,"max_hp_loss":0,"event_name":"N\u0027loth","floor":20,"relics_lost":["Boot"],"gold_loss":0}],"is_beta":true,"boss_relics":[{"not_picked":["Coffee Dripper","Tiny House"],"picked":"Philosopher\u0027s Stone"}],"items_purged_floors":[22,28],"is_endless":false,"potions_floor_spawned":[2,4,11,13,21,23,29],"killed_by":"Sentry and Sphere","ascension_level":13}