{"gold_per_floor":[13,13,29,29,42,70,70,88,113,137,137,10,10,45,45,170,233,253,253,253,37,50,50,86,111,162,162,206,226,226,250,250,374,374,388,388,388,403,122,122,135,153,198,211,227,251,295,83,83,83],"floor_reached":51,"playtime":5254,"items_purged":["Injury","Defend_B"],"score":1032,"play_id":"8f06f3ee-8dea-4741-bf65-b50b6715a3bd","local_time":"20180918221117","is_ascension_mode":true,"campfire_choices":[{"data":"Go for the Eyes","floor":7,"key":"SMITH"},{"data":"Recycle","floor":11,"key":"SMITH"},{"data":"Loop","floor":15,"key":"SMITH"},{"data":"Apotheosis","floor":23,"key":"SMITH"},{"floor":27,"key":"REST"},{"data":"Cold Snap","floor":32,"key":"SMITH"},{"data":"Seek","floor":40,"key":"SMITH"},{"data":"Echo Form","floor":49,"key":"SMITH"}],"neow_cost":"NO_GOLD","seed_source_timestamp":205627322396865,"circlet_count":0,"master_deck":["Strike_B","Strike_B+1","Defend_B","Defend_B","Defend_B","Zap+1","Dualcast","Core Surge","Ball Lightning","Self Repair","Core Surge","Go for the Eyes+1","Recycle+1","Sweeping Beam","Loop+1","Biased Cognition","Electrodynamics","Rebound","Force Field+1","Apotheosis+1","Doom and Gloom","Compile Driver+1","Auto Shields","Steam+1","Turbo+1","FTL+1","Echo Form+1","Ghostly","Ghostly","Ghostly","Ghostly","Ghostly","Cold Snap+1","Seek+1","Steam Power+1","Buffer","Glacier","Dark Shackles","Ball Lightning","Steam Power+1","Cold Snap+1","Recycle+1","Defragment","Capacitor","Consume"],"relics":["Cracked Core","Bag of Preparation","Dream Catcher","Lantern","Golden Idol","Pen Nib","Tiny House","Enchiridion","Emotion Chip","Ancient Tea Set","Anchor","Omamori","Empty Cage","OrangePellets","Orichalcum","Gremlin Horn"],"potions_floor_usage":[14,16,24,28,33,33,42,42],"damage_taken":[{"damage":0,"enemies":"Small Slimes","floor":1,"turns":2},{"damage":0,"enemies":"2 Louse","floor":3,"turns":2},{"damage":1,"enemies":"Cultist","floor":5,"turns":3},{"damage":23,"enemies":"Gremlin Nob","floor":6,"turns":4},{"damage":6,"enemies":"Looter","floor":8,"turns":3},{"damage":15,"enemies":"3 Sentries","floor":14,"turns":4},{"damage":18,"enemies":"Slime Boss","floor":16,"turns":6},{"damage":1,"enemies":"3 Byrds","floor":18,"turns":2},{"damage":4,"enemies":"Chosen","floor":22,"turns":3},{"damage":18,"enemies":"Gremlin Leader","floor":24,"turns":3},{"damage":0,"enemies":"3 Cultists","floor":25,"turns":2},{"damage":37,"enemies":"Book of Stabbing","floor":28,"turns":4},{"damage":0,"enemies":"Centurion and Healer","floor":29,"turns":3},{"damage":2,"enemies":"Sentry and Sphere","floor":31,"turns":4},{"damage":14,"enemies":"Collector","floor":33,"turns":8},{"damage":3,"enemies":"Flame Bruiser 1 Orb","floor":35,"turns":7},{"damage":1,"enemies":"3 Shapes","floor":38,"turns":2},{"damage":0,"enemies":"3 Darklings","floor":41,"turns":7},{"damage":0,"enemies":"Maw","floor":42,"turns":7},{"damage":2,"enemies":"4 Shapes","floor":44,"turns":4},{"damage":0,"enemies":"Spire Growth","floor":45,"turns":4},{"damage":0,"enemies":"Maw","floor":46,"turns":8},{"damage":6,"enemies":"Nemesis","floor":47,"turns":7},{"damage":14,"enemies":"Time Eater","floor":50,"turns":9}],"seed_played":"5296351846350403559","potions_obtained":[{"floor":1,"key":"Regen Potion"},{"floor":3,"key":"Regen Potion"},{"floor":5,"key":"Swift Potion"},{"floor":17,"key":"Strength Potion"},{"floor":22,"key":"Poison Potion"},{"floor":28,"key":"Regen Potion"},{"floor":33,"key":"SkillPotion"},{"floor":38,"key":"Energy Potion"},{"floor":41,"key":"SpeedPotion"},{"floor":45,"key":"Swift Potion"},{"floor":46,"key":"SteroidPotion"}],"is_trial":false,"path_per_floor":["M","?","M","?","M","E","R","M","T","T","R","$","?","E","R","B",null,"M","?","?","$","M","R","E","M","T","R","E","M","?","M","R","B",null,"M","?","?","M","$","R","M","M","T","M","M","M","E","$","R","B"],"character_chosen":"DEFECT","items_purchased":["Sweeping Beam","Loop","Apotheosis","Doom and Gloom","OrangePellets","Capacitor","Consume"],"campfire_rested":1,"item_purchase_floors":[12,12,21,21,39,48,48],"current_hp_per_floor":[68,68,68,68,74,58,58,52,52,52,52,52,52,44,44,45,73,72,56,56,56,62,62,53,53,53,77,50,50,40,38,38,39,40,40,40,40,40,40,40,40,40,40,38,40,40,40,40,40,26],"gold":83,"neow_bonus":"THREE_RARE_CARDS","is_prod":false,"is_daily":false,"chose_seed":false,"campfire_upgraded":7,"win_rate":0,"timestamp":1537323077,"path_taken":["M","?","?","?","M","E","R","M","T","?","R","$","?","E","R","BOSS","M","?","?","$","M","R","E","M","T","R","E","M","?","M","R","BOSS","M","?","?","M","$","R","M","?","T","M","M","M","E","$","R","BOSS"],"build_version":"2018-08-23v2","purchased_purges":2,"victory":true,"max_hp_per_floor":[75,75,75,75,75,75,75,75,75,75,75,75,75,75,75,75,80,80,80,80,80,80,80,80,80,80,80,80,80,40,40,40,40,40,40,40,40,40,40,40,40,40,40,40,40,40,40,40,40,40],"card_choices":[{"not_picked":["Hyperbeam","Echo Form"],"picked":"Core Surge","floor":0},{"not_picked":["Glacier","Redo"],"picked":"Ball Lightning","floor":1},{"not_picked":["Turbo","Undo"],"picked":"Self Repair","floor":3},{"not_picked":["Double Energy","Glacier"],"picked":"Core Surge","floor":5},{"not_picked":["Recycle","Rip and Tear"],"picked":"Go for the Eyes","floor":6},{"not_picked":["Steam Power","Steam"],"picked":"Recycle","floor":8},{"not_picked":["Beam Cell","Tempest"],"picked":"Biased Cognition","floor":14},{"not_picked":["Hyperbeam","Thunder Strike"],"picked":"Electrodynamics","floor":16},{"not_picked":["Chill","Sweeping Beam"],"picked":"Rebound","floor":17},{"not_picked":["BootSequence","Darkness"],"picked":"Force Field+1","floor":18},{"not_picked":["Gash","Rip and Tear"],"picked":"Compile Driver+1","floor":22},{"not_picked":["Conserve Battery","Redo+1"],"picked":"Auto Shields","floor":24},{"not_picked":["Leap","Streamline"],"picked":"Steam+1","floor":25},{"not_picked":["Beam Cell","Stack+1"],"picked":"Turbo+1","floor":27},{"not_picked":["Rip and Tear+1","Gash"],"picked":"FTL+1","floor":28},{"not_picked":["Turbo","Compile Driver"],"picked":"Echo Form","floor":29},{"not_picked":["FTL+1","Compile Driver+1"],"picked":"Cold Snap","floor":31},{"not_picked":["Fission","Biased Cognition"],"picked":"Seek","floor":33},{"not_picked":["Streamline+1","Recycle"],"picked":"Steam Power+1","floor":35},{"not_picked":["Magnetism","Transmutation"],"picked":"Dark Shackles","floor":37},{"not_picked":["Cold Snap+1","Barrage","Streamline+1"],"picked":"SKIP","floor":38},{"not_picked":["Capacitor+1","Steam Power"],"picked":"Ball Lightning","floor":41},{"not_picked":["Hologram","Compile Driver","Doom and Gloom"],"picked":"SKIP","floor":42},{"not_picked":["Chaos","Conserve Battery"],"picked":"Steam Power+1","floor":44},{"not_picked":["Doom and Gloom","Conserve Battery+1"],"picked":"Cold Snap+1","floor":45},{"not_picked":["Conserve Battery","Stack"],"picked":"Recycle+1","floor":46},{"not_picked":["Coolheaded","Recycle"],"picked":"Defragment","floor":47}],"player_experience":1734070,"relics_obtained":[{"floor":6,"key":"Bag of Preparation"},{"floor":9,"key":"Dream Catcher"},{"floor":10,"key":"Lantern"},{"floor":14,"key":"Pen Nib"},{"floor":19,"key":"Enchiridion"},{"floor":24,"key":"Ancient Tea Set"},{"floor":26,"key":"Anchor"},{"floor":28,"key":"Omamori"},{"floor":43,"key":"Orichalcum"},{"floor":47,"key":"Gremlin Horn"}],"event_choices":[{"event_name":"Liars Game","player_choice":"disagreed","floor":2,"damage_taken":0},{"event_name":"Living Wall","player_choice":"Grow","floor":4,"damage_taken":0},{"event_name":"Golden Idol","player_choice":"Take Wound","floor":13,"damage_taken":0},{"event_name":"Cursed Tome","player_choice":"Obtained Book","floor":19,"damage_taken":0},{"event_name":"The Mausoleum","player_choice":"Yes","floor":20,"damage_taken":0},{"event_name":"Ghosts","player_choice":"Became a Ghost","floor":30,"damage_taken":0},{"event_name":"Match and Keep!","player_choice":"2 cards matched","floor":36,"damage_taken":0},{"event_name":"SensoryStone","player_choice":"Memory 1","floor":37,"damage_taken":0}],"is_beta":false,"boss_relics":[{"not_picked":["Snecko Eye","Calling Bell"],"picked":"Tiny House"},{"not_picked":["Pandora\u0027s Box","White Beast Statue"],"picked":"Empty Cage"}],"items_purged_floors":[39,48],"is_endless":false,"potions_floor_spawned":[1,3,5,22,28,33,38,41,45,46],"ascension_level":9}