{"gold_per_floor":[114,114,114,124,124,156,54,86,86,86,100,100,114,128,128,232,232,248,248,248,264,90,90,118,138,138,138],"floor_reached":27,"playtime":2080,"items_purged":["Regret"],"score":293,"play_id":"432f209a-37f4-466e-b133-14e4f177f89c","local_time":"20191024203826","is_ascension_mode":true,"campfire_choices":[{"floor":10,"key":"REST"},{"floor":15,"key":"REST"},{"floor":23,"key":"REST"}],"neow_cost":"NONE","seed_source_timestamp":785939013385100,"circlet_count":0,"master_deck":["Strike_G","Strike_G","Strike_G","Strike_G","Strike_G","Defend_G+1","Defend_G","Defend_G","Defend_G","Defend_G","Survivor","Neutralize","Dodge and Roll+1","Backflip","Backstab","Blade Dance","Dagger Spray","Dodge and Roll","Riddle With Holes+1","Underhanded Strike+1","Die Die Die+1","Crippling Poison","Poisoned Stab+1","Accuracy","Bane+1","Poisoned Stab+1","Well Laid Plans","Blur"],"relics":["Ring of the Serpent","NeowsBlessing","The Courier","Bottled Lightning","Ancient Tea Set","Molten Egg 2","MutagenicStrength","Shovel","Dream Catcher"],"potions_floor_usage":[8,8,16,16,18,24,25],"damage_taken":[{"damage":0,"enemies":"Small Slimes","floor":1,"turns":1},{"damage":0,"enemies":"Jaw Worm","floor":4,"turns":1},{"damage":0,"enemies":"Lagavulin","floor":6,"turns":1},{"damage":23,"enemies":"3 Sentries","floor":8,"turns":15},{"damage":0,"enemies":"2 Louse","floor":11,"turns":1},{"damage":13,"enemies":"The Mushroom Lair","floor":12,"turns":6},{"damage":0,"enemies":"2 Fungi Beasts","floor":13,"turns":4},{"damage":0,"enemies":"3 Louse","floor":14,"turns":2},{"damage":60,"enemies":"The Guardian","floor":16,"turns":19},{"damage":0,"enemies":"Chosen","floor":18,"turns":4},{"damage":34,"enemies":"Shell Parasite","floor":21,"turns":8},{"damage":27,"enemies":"Book of Stabbing","floor":24,"turns":8},{"damage":15,"enemies":"Cultist and Chosen","floor":25,"turns":7},{"damage":9,"enemies":"Centurion and Healer","floor":27,"turns":1}],"seed_played":"-4256530885809194533","potions_obtained":[{"floor":1,"key":"FearPotion"},{"floor":4,"key":"FearPotion"},{"floor":11,"key":"Block Potion"},{"floor":14,"key":"FearPotion"},{"floor":16,"key":"Explosive Potion"},{"floor":21,"key":"Block Potion"},{"floor":24,"key":"AttackPotion"}],"is_trial":false,"path_per_floor":["M","?","?","M","?","E","$","E","T","R","M","?","M","M","R","B",null,"M","?","?","M","$","R","E","M","T","M"],"character_chosen":"THE_SILENT","items_purchased":["Blade Dance","GhostInAJar","Accuracy","Bane+1","Poisoned Stab+1"],"campfire_rested":3,"item_purchase_floors":[7,22,22,22,22],"current_hp_per_floor":[70,70,56,56,56,56,56,33,33,54,54,41,41,41,62,2,70,70,57,57,23,23,45,18,3,3,0],"gold":138,"neow_bonus":"THREE_ENEMY_KILL","is_prod":false,"is_daily":false,"chose_seed":false,"campfire_upgraded":0,"win_rate":0,"timestamp":1571942306,"path_taken":["M","?","?","M","?","E","$","E","T","R","M","?","M","M","R","BOSS","M","?","?","M","$","R","E","M","T","?"],"build_version":"2019-07-17","purchased_purges":1,"victory":false,"max_hp_per_floor":[70,70,70,70,70,70,70,70,70,70,70,70,70,70,70,70,70,70,75,75,75,75,75,75,75,75,75],"card_choices":[{"not_picked":["Dash","PiercingWail"],"picked":"Dodge and Roll","floor":1},{"not_picked":["Dagger Spray","Leg Sweep"],"picked":"Backflip","floor":4},{"not_picked":["Acrobatics","Storm of Steel"],"picked":"Backstab","floor":6},{"not_picked":["Crippling Poison","Concentrate"],"picked":"Dagger Spray","floor":8},{"not_picked":["Expertise","Bane+1"],"picked":"Dodge and Roll","floor":11},{"not_picked":["Caltrops","Tactician"],"picked":"Riddle With Holes+1","floor":13},{"not_picked":["Reflex","Dagger Throw+1"],"picked":"Underhanded Strike+1","floor":14},{"not_picked":["Corpse Explosion","Envenom"],"picked":"Die Die Die+1","floor":16},{"not_picked":["Expertise","Quick Slash+1"],"picked":"Crippling Poison","floor":18},{"not_picked":["Underhanded Strike+1","Dagger Spray+1"],"picked":"Poisoned Stab+1","floor":21},{"not_picked":["Finisher+1","Flechettes+1"],"picked":"Well Laid Plans","floor":24},{"not_picked":["Dagger Spray+1","Acrobatics"],"picked":"Blur","floor":25}],"player_experience":110976,"relics_obtained":[{"floor":6,"key":"Bottled Lightning"},{"floor":8,"key":"Ancient Tea Set"},{"floor":9,"key":"Molten Egg 2"},{"floor":24,"key":"Shovel"},{"floor":26,"key":"Dream Catcher"}],"event_choices":[{"damage_healed":0,"gold_gain":0,"player_choice":"Ignored","damage_taken":0,"max_hp_gain":0,"max_hp_loss":0,"event_name":"Golden Wing","floor":2,"gold_loss":0},{"damage_healed":0,"gold_gain":0,"player_choice":"Entered Light","damage_taken":14,"max_hp_gain":0,"max_hp_loss":0,"event_name":"Shining Light","floor":3,"gold_loss":0,"cards_upgraded":["Defend_G","Dodge and Roll"]},{"damage_healed":0,"gold_gain":0,"player_choice":"Box","damage_taken":0,"relics_obtained":["The Courier"],"max_hp_gain":0,"max_hp_loss":0,"event_name":"Big Fish","floor":5,"gold_loss":0,"cards_obtained":["Regret"]},{"damage_healed":0,"gold_gain":0,"player_choice":"Fought Mushrooms","damage_taken":0,"max_hp_gain":0,"max_hp_loss":0,"event_name":"Mushrooms","floor":12,"gold_loss":0},{"damage_healed":0,"gold_gain":0,"player_choice":"Shed Blood","damage_taken":18,"max_hp_gain":5,"max_hp_loss":0,"event_name":"Forgotten Altar","floor":19,"gold_loss":0},{"damage_healed":0,"gold_gain":0,"player_choice":"Inject Mutagens","damage_taken":0,"relics_obtained":["MutagenicStrength"],"max_hp_gain":0,"max_hp_loss":0,"event_name":"Drug Dealer","floor":20,"gold_loss":0}],"is_beta":false,"boss_relics":[{"not_picked":["Black Star","Runic Dome"],"picked":"Ring of the Serpent"}],"items_purged_floors":[7],"is_endless":false,"potions_floor_spawned":[1,4,11,14,16,21,24],"killed_by":"Centurion and Healer","ascension_level":2}