{"gold_per_floor":[116,135,135,85,99,129,145,145,168,195,195,222,34,66,66,66],"floor_reached":16,"playtime":934,"items_purged":["Shame"],"score":177,"play_id":"e4beb55b-b6f0-4c2c-bee7-8b946f2f2f77","local_time":"20190915004916","is_ascension_mode":true,"campfire_choices":[{"data":"BowlingBash","floor":8,"key":"SMITH"},{"floor":11,"key":"REST"},{"data":"Adaptation","floor":15,"key":"SMITH"}],"neow_cost":"NONE","seed_source_timestamp":48308225288127,"circlet_count":0,"master_deck":["AscendersBane","Strike_P","Strike_P","Strike_P","Strike_P","Defend_P","Defend_P","Defend_P","Eruption+1","Vigilance","EmptyFist","BowlingBash+1","CutThroughFate+1","Protect","SandsOfTime","Meditate","Adaptation+1"],"relics":["Cursed Key","Dream Catcher","Omamori","Regal Pillow","Odd Mushroom","Whetstone"],"potions_floor_usage":[10,12,14,16],"damage_taken":[{"damage":3,"enemies":"Jaw Worm","floor":1,"turns":4},{"damage":0,"enemies":"2 Louse","floor":2,"turns":3},{"damage":0,"enemies":"Small Slimes","floor":5,"turns":3},{"damage":22,"enemies":"Lagavulin","floor":6,"turns":6},{"damage":0,"enemies":"2 Fungi Beasts","floor":7,"turns":2},{"damage":28,"enemies":"Gremlin Nob","floor":10,"turns":3},{"damage":7,"enemies":"The Mushroom Lair","floor":12,"turns":4},{"damage":15,"enemies":"Lagavulin","floor":14,"turns":5},{"damage":20,"enemies":"The Guardian","floor":16,"turns":8}],"seed_played":"-6203226711768300083","potions_obtained":[{"floor":6,"key":"Strength Potion"},{"floor":7,"key":"PowerPotion"},{"floor":10,"key":"GamblersBrew"},{"floor":12,"key":"AttackPotion"}],"is_trial":false,"path_per_floor":["M","M","?","?","M","E","M","R","T","E","R","?","$","E","R","B"],"character_chosen":"WATCHER","items_purchased":["Meditate","Adaptation"],"campfire_rested":1,"item_purchase_floors":[13,13],"current_hp_per_floor":[56,56,56,56,56,34,34,34,34,6,40,33,33,18,18,0],"gold":66,"neow_bonus":"BOSS_RELIC","is_prod":false,"is_daily":false,"chose_seed":false,"campfire_upgraded":2,"win_rate":0,"timestamp":1568465356,"path_taken":["M","M","?","?","M","E","?","R","T","E","R","?","$","E","R","BOSS"],"build_version":"2019-09-12","purchased_purges":1,"victory":false,"max_hp_per_floor":[65,65,65,65,65,65,65,65,65,65,65,65,65,65,65,65],"card_choices":[{"not_picked":["Weave","ClearTheMind","Wireheading"],"picked":"SKIP","floor":1},{"not_picked":["Establishment","EmptyMind"],"picked":"EmptyFist","floor":2},{"not_picked":["Tantrum","Weave"],"picked":"BowlingBash","floor":5},{"not_picked":["Halt","Evaluate"],"picked":"CutThroughFate","floor":6},{"not_picked":["CrushJoints","Worship","Blasphemy"],"picked":"SKIP","floor":7},{"not_picked":["Prostrate","Halt"],"picked":"Protect","floor":10},{"not_picked":["BowlingBash","InnerPeace"],"picked":"SandsOfTime","floor":11},{"not_picked":["CutThroughFate","Clarity","Brilliance"],"picked":"SKIP","floor":14}],"player_experience":1070378,"relics_obtained":[{"floor":6,"key":"Dream Catcher"},{"floor":9,"key":"Omamori"},{"floor":10,"key":"Regal Pillow"},{"floor":12,"key":"Odd Mushroom"},{"floor":14,"key":"Whetstone"}],"event_choices":[{"damage_healed":0,"gold_gain":0,"player_choice":"Ignored","damage_taken":0,"max_hp_gain":0,"max_hp_loss":0,"event_name":"Liars Game","floor":3,"gold_loss":0},{"cards_removed":["Defend_P"],"damage_healed":0,"gold_gain":0,"player_choice":"Card Removal","damage_taken":0,"max_hp_gain":0,"max_hp_loss":0,"event_name":"The Cleric","floor":4,"gold_loss":50},{"damage_healed":0,"gold_gain":0,"player_choice":"Fought Mushrooms","damage_taken":0,"max_hp_gain":0,"max_hp_loss":0,"event_name":"Mushrooms","floor":12,"gold_loss":0}],"is_beta":true,"boss_relics":[],"items_purged_floors":[13],"is_endless":false,"potions_floor_spawned":[6,7,10,12],"killed_by":"The Guardian","ascension_level":10}