{"gold_per_floor":[113,125,25,42,42,42,61,78,78,19,29,62,62,92,92,92],"floor_reached":16,"playtime":952,"items_purged":["Parasite"],"score":224,"play_id":"7879ccb7-8126-4606-b303-a456bfcc1684","local_time":"20190827204957","is_ascension_mode":true,"campfire_choices":[{"data":"True Grit","floor":6.0,"key":"SMITH"},{"floor":13.0,"key":"REST"},{"floor":15,"key":"REST"}],"neow_cost":"CURSE","seed_source_timestamp":824521299304231,"circlet_count":0,"master_deck":["AscendersBane","Strike_R","Strike_R","Strike_R","Strike_R","Strike_R","Defend_R","Defend_R","Defend_R","Bash","Hemokinesis","Sword Boomerang","True Grit","True Grit+1","Rage","Wild Strike","Shrug It Off+1","Metallicize","Dual Wield+1","Thunderclap"],"special_seed":0,"relics":["Burning Blood","Ginger","Toxic Egg 2","Ornamental Fan","Ancient Tea Set"],"potions_floor_usage":[14],"damage_taken":[{"damage":7.0,"enemies":"2 Louse","floor":1.0,"turns":2.0},{"damage":3.0,"enemies":"Cultist","floor":2.0,"turns":3.0},{"damage":18.0,"enemies":"Jaw Worm","floor":4.0,"turns":4.0},{"damage":17.0,"enemies":"Exordium Thugs","floor":7.0,"turns":4.0},{"damage":18.0,"enemies":"Red Slaver","floor":8.0,"turns":4.0},{"damage":1.0,"enemies":"Looter","floor":11.0,"turns":3.0},{"damage":20.0,"enemies":"Lagavulin","floor":12.0,"turns":8.0},{"damage":35,"enemies":"3 Sentries","floor":14,"turns":11},{"damage":54,"enemies":"Slime Boss","floor":16,"turns":8}],"seed_played":"6190930650036570638","potions_obtained":[{"floor":2.0,"key":"Strength Potion"},{"floor":7.0,"key":"EntropicBrew"},{"floor":12.0,"key":"Fruit Juice"}],"is_trial":false,"path_per_floor":["M","M","$","M","?","R","M","M","T","$","M","E","R","E","R","B"],"character_chosen":"IRONCLAD","items_purchased":["True Grit","Shrug It Off+1"],"campfire_rested":2,"item_purchase_floors":[3,10],"current_hp_per_floor":[67,70,70,58,58,58,47,35,35,35,40,31,54,25,48,0],"gold":92,"neow_bonus":"ONE_RARE_RELIC","is_prod":false,"is_daily":false,"chose_seed":false,"campfire_upgraded":1,"win_rate":0,"timestamp":1566953397,"path_taken":["M","M","$","M","?","R","M","M","T","?","M","E","R","E","R","BOSS"],"build_version":"2019-01-23","purchased_purges":1,"victory":false,"max_hp_per_floor":[75,75,72,72,72,72,72,72,72,72,72,77,77,77,77,77],"card_choices":[{"not_picked":["True Grit","Flex"],"picked":"Hemokinesis","floor":1.0},{"not_picked":["Sentinel","Corruption"],"picked":"Sword Boomerang","floor":2.0},{"not_picked":["Searing Blow","Corruption"],"picked":"True Grit","floor":4.0},{"not_picked":["Body Slam","Reckless Charge"],"picked":"Rage","floor":7.0},{"not_picked":["Bloodletting","Body Slam"],"picked":"Wild Strike","floor":8.0},{"not_picked":["Rage+1","Ghostly Armor+1"],"picked":"Metallicize","floor":11.0},{"not_picked":["Headbutt","Burning Pact+1"],"picked":"Dual Wield+1","floor":12.0},{"not_picked":["Brutality","Flex+1"],"picked":"Thunderclap","floor":14}],"player_experience":2863061,"relics_obtained":[{"floor":9.0,"key":"Toxic Egg 2"},{"floor":12.0,"key":"Ornamental Fan"},{"floor":14,"key":"Ancient Tea Set"}],"event_choices":[{"cards_removed":["Defend_R"],"damage_healed":0.0,"max_hp_gain":0.0,"max_hp_loss":0.0,"gold_gain":0.0,"event_name":"Bonfire Elementals","player_choice":"Offered Basic","floor":5.0,"gold_loss":0.0,"damage_taken":0.0}],"is_beta":false,"boss_relics":[],"items_purged_floors":[3],"is_endless":false,"potions_floor_spawned":[2,7,12],"killed_by":"Slime Boss","ascension_level":20}