{"gold_per_floor":[119,134,134,147,167,167,211,211,211,230,39,58,34,67,67,198,198,212,232,232,253,273,273,286,286,286,310,310,28,28,52,52,52],"floor_reached":33,"playtime":3113,"items_purged":[],"score":313,"play_id":"0abd4d87-7a91-4d99-8846-f4ceaff97620","local_time":"20180725000830","is_ascension_mode":true,"campfire_choices":[{"floor":6.0,"key":"REST"},{"data":"Dualcast","floor":8.0,"key":"SMITH"},{"floor":15.0,"key":"REST"},{"floor":23,"key":"REST"},{"floor":25,"key":"REST"},{"floor":28,"key":"REST"},{"floor":30,"key":"REST"},{"floor":32,"key":"REST"}],"neow_cost":"","seed_source_timestamp":0,"circlet_count":0,"master_deck":["Strike_B","Strike_B","Strike_B","Strike_B","Defend_B","Defend_B","Defend_B","Defend_B","Zap","Dualcast+1","Cold Snap","Genetic Algorithm","Conserve Battery","Fusion","Static Discharge","Rebound","Apotheosis","White Noise","Coolheaded","Stack","Buffer","Compile Driver","Scrape+1","Hologram","Ball Lightning","Meteor Strike","Doubt","Beam Cell+1","Sunder+1","Rebound+1"],"special_seed":0,"relics":["Cracked Core","Golden Idol","Lantern","Pear","Cursed Key","Nloth\u0027s Gift","Molten Egg 2","Blue Candle"],"potions_floor_usage":[24,31,31],"damage_taken":[{"damage":9.0,"enemies":"Small Slimes","floor":1.0,"turns":4.0},{"damage":10.0,"enemies":"Jaw Worm","floor":2.0,"turns":3.0},{"damage":0.0,"enemies":"Cultist","floor":4.0,"turns":4.0},{"damage":17.0,"enemies":"Exordium Thugs","floor":5.0,"turns":4.0},{"damage":14.0,"enemies":"Gremlin Nob","floor":7.0,"turns":4.0},{"damage":5.0,"enemies":"Gremlin Gang","floor":10.0,"turns":5.0},{"damage":6.0,"enemies":"Blue Slaver","floor":12.0,"turns":4.0},{"damage":2.0,"enemies":"Lagavulin","floor":14.0,"turns":6.0},{"damage":43.0,"enemies":"Slime Boss","floor":16.0,"turns":12.0},{"damage":0.0,"enemies":"Shell Parasite","floor":18.0,"turns":6.0},{"damage":0.0,"enemies":"Spheric Guardian","floor":19.0,"turns":4.0},{"damage":54.0,"enemies":"Cultist and Chosen","floor":21.0,"turns":7.0},{"damage":6.0,"enemies":"Sentry and Sphere","floor":22.0,"turns":5.0},{"damage":29,"enemies":"Slaver and Parasite","floor":24,"turns":6},{"damage":16,"enemies":"Snake Plant","floor":27,"turns":3},{"damage":6,"enemies":"3 Cultists","floor":31,"turns":4},{"damage":96,"enemies":"Automaton","floor":33,"turns":10}],"seed_played":"7520045405778811727","potions_obtained":[{"floor":1.0,"key":"SmokeBomb"},{"floor":2.0,"key":"Regen Potion"},{"floor":7.0,"key":"SteroidPotion"},{"floor":16.0,"key":"Explosive Potion"},{"floor":22.0,"key":"AttackPotion"},{"floor":27,"key":"AttackPotion"}],"is_trial":false,"path_per_floor":["M","M","?","M","M","R","E","R","T","M","$","M","$","E","R","B",null,"M","M","?","M","M","R","M","R","T","M","R","$","R","M","R"],"character_chosen":"DEFECT","items_purchased":["Apotheosis","Coolheaded","Blue Candle","Sunder+1"],"campfire_rested":7,"item_purchase_floors":[11,13,29,29],"current_hp_per_floor":[66,56,38,38,33,55,41,41,41,36,36,30,30,38,63,20,85,85,85,85,31,25,50,21,46,46,30,55,55,80,74,85,0],"gold":52,"neow_bonus":"","is_prod":false,"is_daily":false,"chose_seed":false,"campfire_upgraded":1,"win_rate":0,"timestamp":1532491710,"path_taken":["M","M","?","M","M","R","E","R","T","?","?","?","$","E","R","BOSS","M","M","?","M","M","R","M","R","T","?","R","?","R","M","R","BOSS"],"build_version":"2018-07-19v2","purchased_purges":0,"victory":false,"max_hp_per_floor":[75,75,75,75,75,75,75,75,75,75,75,75,75,85,85,85,85,85,85,85,85,85,85,85,85,85,85,85,85,85,85,85,85],"card_choices":[{"not_picked":["Blizzard","Compile Driver"],"picked":"Cold Snap","floor":1.0},{"not_picked":["Streamline","Heatsinks"],"picked":"Genetic Algorithm","floor":2.0},{"not_picked":["Stack","Compile Driver"],"picked":"Conserve Battery","floor":4.0},{"not_picked":["White Noise","Redo"],"picked":"Fusion","floor":5.0},{"not_picked":["Ball Lightning","Redo"],"picked":"Static Discharge","floor":7.0},{"not_picked":["Barrage","Go for the Eyes"],"picked":"Rebound","floor":10.0},{"not_picked":["Steam","Rebound"],"picked":"White Noise","floor":12.0},{"not_picked":["Lockon","Reboot"],"picked":"Stack","floor":14.0},{"not_picked":["Biased Cognition","Creative AI"],"picked":"Buffer","floor":16.0},{"not_picked":["Recycle+1","Beam Cell"],"picked":"Compile Driver","floor":18.0},{"not_picked":["Hello World","Conserve Battery"],"picked":"Scrape+1","floor":19.0},{"not_picked":["Rebound","Genetic Algorithm+1"],"picked":"Hologram","floor":21.0},{"not_picked":["Storm","Reprogram+1"],"picked":"Ball Lightning","floor":22.0},{"not_picked":["Hologram+1","Turbo"],"picked":"Meteor Strike","floor":24},{"not_picked":["Cold Snap+1","Streamline+1"],"picked":"Beam Cell+1","floor":27},{"not_picked":["Loop","Beam Cell+1"],"picked":"Rebound+1","floor":31}],"player_experience":1328444,"relics_obtained":[{"floor":7.0,"key":"Centennial Puzzle"},{"floor":9.0,"key":"Lantern"},{"floor":14.0,"key":"Pear"},{"floor":26,"key":"Molten Egg 2"}],"event_choices":[{"event_name":"Golden Idol","player_choice":"Take Damage","floor":3.0,"damage_taken":0.0},{"event_name":"N\u0027loth","player_choice":"Traded a Centennial Puzzle","floor":20.0,"damage_taken":0.0}],"is_beta":false,"boss_relics":[{"not_picked":["Velvet Choker","Astrolabe"],"picked":"Cursed Key"}],"items_purged_floors":[],"is_endless":false,"potions_floor_spawned":[1,2,7,16,22,27],"killed_by":"Automaton","ascension_level":4}