{"gold_per_floor":[115,127,127,127,127,153,80,80,80,94,111,111,131,103,103,208,208,221,221,234,234],"floor_reached":21,"playtime":1661,"items_purged":[],"score":181,"play_id":"90239cfa-0121-4a8c-a50f-285c9bcf1dda","local_time":"20190701143034","is_ascension_mode":false,"campfire_choices":[{"floor":8,"key":"REST"},{"floor":12,"key":"REST"},{"floor":15,"key":"REST"}],"neow_cost":"NONE","seed_source_timestamp":701685806643223,"circlet_count":0,"master_deck":["Strike_R","Strike_R","Strike_R","Strike_R","Strike_R","Defend_R","Defend_R","Defend_R","Defend_R","Bash","Infernal Blade","Blood for Blood","Iron Wave","Flex","Finesse","Double Tap","Shrug It Off","Ghostly Armor","Rage","Barricade","Heavy Blade","Decay","Flame Barrier+1"],"relics":["Burning Blood","Juzu Bracelet","MawBank","Sundial","Velvet Choker"],"potions_floor_usage":[6,6],"damage_taken":[{"damage":8,"enemies":"Small Slimes","floor":1,"turns":3},{"damage":0,"enemies":"2 Louse","floor":2,"turns":3},{"damage":42,"enemies":"3 Sentries","floor":6,"turns":10},{"damage":8,"enemies":"Jaw Worm","floor":10,"turns":4},{"damage":14,"enemies":"Blue Slaver","floor":11,"turns":3},{"damage":20,"enemies":"3 Louse","floor":13,"turns":3},{"damage":10,"enemies":"Exordium Thugs","floor":14,"turns":5},{"damage":51,"enemies":"The Guardian","floor":16,"turns":11},{"damage":4,"enemies":"Shell Parasite","floor":18,"turns":5},{"damage":32,"enemies":"3 Byrds","floor":20,"turns":6},{"damage":71,"enemies":"3 Cultists","floor":21,"turns":8}],"seed_played":"-5736462012050973335","potions_obtained":[{"floor":1,"key":"FearPotion"},{"floor":2,"key":"Weak Potion"},{"floor":10,"key":"FearPotion"},{"floor":11,"key":"Ancient Potion"},{"floor":18,"key":"GamblersBrew"},{"floor":20,"key":"Poison Potion"}],"is_trial":false,"path_per_floor":["M","M","?","?","T","E","$","R","T","M","M","R","M","M","R","B",null,"M","?","M","M"],"character_chosen":"IRONCLAD","items_purchased":["Finesse"],"campfire_rested":3,"item_purchase_floors":[7],"current_hp_per_floor":[78,80,85,85,85,49,49,74,74,72,64,85,71,67,85,40,85,85,85,59,0],"gold":234,"neow_bonus":"THREE_CARDS","is_prod":false,"is_daily":false,"chose_seed":false,"campfire_upgraded":0,"win_rate":0.0,"timestamp":1562002234,"path_taken":["M","M","?","?","?","E","?","R","T","M","M","R","M","M","R","BOSS","M","?","M","M"],"build_version":"2019-01-23","purchased_purges":0,"victory":false,"max_hp_per_floor":[80,80,85,85,85,85,85,85,85,85,85,85,85,85,85,85,85,85,85,85,85],"card_choices":[{"not_picked":["Headbutt","True Grit"],"picked":"Infernal Blade","floor":0},{"not_picked":["Entrench","Whirlwind"],"picked":"Blood for Blood","floor":1},{"not_picked":["True Grit","Sword Boomerang"],"picked":"Iron Wave","floor":2},{"not_picked":["Intimidate","Combust"],"picked":"Flex","floor":6},{"not_picked":["Uppercut","Cleave"],"picked":"Double Tap","floor":10},{"not_picked":["Clothesline","Feel No Pain"],"picked":"Shrug It Off","floor":11},{"not_picked":["True Grit","Twin Strike"],"picked":"Ghostly Armor","floor":13},{"not_picked":["Sever Soul","Warcry"],"picked":"Rage","floor":14},{"not_picked":["Fiend Fire","Immolate"],"picked":"Barricade","floor":16},{"not_picked":["Whirlwind","Sword Boomerang"],"picked":"Heavy Blade","floor":18},{"not_picked":["Metallicize+1","Armaments"],"picked":"Flame Barrier+1","floor":20}],"player_experience":41003,"relics_obtained":[{"floor":5,"key":"Juzu Bracelet"},{"floor":6,"key":"MawBank"},{"floor":9,"key":"Sundial"}],"event_choices":[{"damage_healed":0,"gold_gain":0,"player_choice":"Donut","damage_taken":0,"max_hp_gain":5,"max_hp_loss":0,"event_name":"Big Fish","floor":3,"gold_loss":0},{"damage_healed":0,"gold_gain":0,"player_choice":"Ignored","damage_taken":0,"max_hp_gain":0,"max_hp_loss":0,"event_name":"Liars Game","floor":4,"gold_loss":0},{"damage_healed":0,"gold_gain":0,"player_choice":"Cursed","damage_taken":0,"max_hp_gain":0,"max_hp_loss":0,"event_name":"Wheel of Change","floor":19,"gold_loss":0,"cards_obtained":["Decay"]}],"is_beta":false,"boss_relics":[{"not_picked":["Eternal Feather","Coffee Dripper"],"picked":"Velvet Choker"}],"items_purged_floors":[],"is_endless":false,"potions_floor_spawned":[1,2,10,11,18,20],"killed_by":"3 Cultists","ascension_level":0}