{"gold_per_floor":[115,129,129,147,147,147,44,44,44,60,77,108,23,43,43,146,146,164,180,200,200,38,38,58,70,70,70],"floor_reached":27,"playtime":1602,"items_purged":[],"score":292,"play_id":"4666d25f-6fcc-4a45-8da0-d62f63f81c5a","local_time":"20190703122517","is_ascension_mode":false,"campfire_choices":[{"floor":6,"key":"REST"},{"floor":8,"key":"REST"},{"floor":15,"key":"REST"},{"floor":23,"key":"REST"}],"neow_cost":"NONE","seed_source_timestamp":773286396738332,"circlet_count":0,"master_deck":["Strike_B","Strike_B","Strike_B","Strike_B+1","Defend_B","Defend_B","Defend_B","Zap","Dualcast+1","Darkness","Rebound","Leap","Gash","Capacitor","Rebound","Streamline","Meteor Strike","Cold Snap","Leap","Gash","Electrodynamics","Conserve Battery","Melter","Leap","Conserve Battery","Doom and Gloom","Rebound","Streamline","Streamline+1","Sunder","Melter","Defragment","Hologram","Rip and Tear","Stack+1"],"relics":["Cracked Core","Letter Opener","Gremlin Horn","Dodecahedron","Orrery","Frozen Egg 2"],"potions_floor_usage":[4,19,19,19,27],"damage_taken":[{"damage":7,"enemies":"Small Slimes","floor":1,"turns":3},{"damage":11,"enemies":"Jaw Worm","floor":2,"turns":3},{"damage":0,"enemies":"Cultist","floor":4,"turns":2},{"damage":0,"enemies":"3 Louse","floor":10,"turns":2},{"damage":0,"enemies":"Exordium Wildlife","floor":11,"turns":2},{"damage":23,"enemies":"Lagavulin","floor":12,"turns":6},{"damage":0,"enemies":"Lots of Slimes","floor":14,"turns":3},{"damage":0,"enemies":"Slime Boss","floor":16,"turns":7},{"damage":0,"enemies":"Chosen","floor":18,"turns":4},{"damage":16,"enemies":"3 Byrds","floor":19,"turns":5},{"damage":38,"enemies":"Shelled Parasite and Fungi","floor":20,"turns":8},{"damage":6,"enemies":"Snecko","floor":24,"turns":5},{"damage":29,"enemies":"Snake Plant","floor":25,"turns":4},{"damage":14,"enemies":"Centurion and Healer","floor":27,"turns":3}],"seed_played":"-4300267589542997114","potions_obtained":[{"floor":2,"key":"Fire Potion"},{"floor":10,"key":"Poison Potion"},{"floor":16,"key":"Weak Potion"},{"floor":18,"key":"Strength Potion"},{"floor":20,"key":"Explosive Potion"}],"is_trial":false,"path_per_floor":["M","M","?","M","?","R","$","R","T","M","M","E","$","M","R","B",null,"M","M","M","?","$","R","M","M","T","M"],"character_chosen":"DEFECT","items_purchased":["Capacitor","Rebound","Leap","Heatsinks","Melter","Defragment","Hologram"],"campfire_rested":4,"item_purchase_floors":[7,7,13,13,22,22,22],"current_hp_per_floor":[68,57,45,45,30,52,52,74,74,74,74,51,51,51,73,73,75,75,59,21,21,21,43,37,8,8,0],"gold":70,"neow_bonus":"TRANSFORM_CARD","is_prod":false,"is_daily":false,"chose_seed":false,"campfire_upgraded":0,"win_rate":0.0,"timestamp":1562167517,"path_taken":["M","M","?","M","?","R","$","R","T","M","M","E","$","M","R","BOSS","M","M","M","?","$","R","M","M","T","M"],"build_version":"2019-07-01","purchased_purges":0,"victory":false,"max_hp_per_floor":[75,75,75,75,75,75,75,75,75,75,75,75,75,75,75,75,75,75,75,75,75,75,75,75,75,75,75],"card_choices":[{"not_picked":["Coolheaded","Steam"],"picked":"Rebound","floor":1},{"not_picked":["Blizzard","Go for the Eyes"],"picked":"Leap","floor":2},{"not_picked":["Redo","Stack"],"picked":"Gash","floor":4},{"not_picked":["Skim","Chill"],"picked":"Streamline","floor":10},{"not_picked":["Turbo","Conserve Battery"],"picked":"Meteor Strike","floor":11},{"not_picked":["Hello World","Static Discharge"],"picked":"Cold Snap","floor":12},{"not_picked":["Beam Cell","Compile Driver"],"picked":"Gash","floor":14},{"not_picked":["Hyperbeam","Thunder Strike"],"picked":"Electrodynamics","floor":16},{"not_picked":["Beam Cell","Redo"],"picked":"Conserve Battery","floor":17},{"not_picked":["Sweeping Beam","Compile Driver"],"picked":"Melter","floor":17},{"not_picked":["Cold Snap","Reinforced Body"],"picked":"Leap","floor":17},{"not_picked":["Blizzard","Hologram"],"picked":"Conserve Battery","floor":17},{"not_picked":["Hologram","Beam Cell"],"picked":"Doom and Gloom","floor":17},{"not_picked":["Go for the Eyes","Storm+1"],"picked":"Rebound","floor":18},{"not_picked":["Beam Cell","Compile Driver"],"picked":"Streamline","floor":19},{"not_picked":["Rebound","Leap"],"picked":"Streamline+1","floor":20},{"not_picked":["Consume+1","Steam"],"picked":"Rip and Tear","floor":24},{"not_picked":["Cold Snap+1","Steam+1"],"picked":"Stack+1","floor":25}],"player_experience":69977,"relics_obtained":[{"floor":9,"key":"Gremlin Horn"},{"floor":12,"key":"Dodecahedron"},{"floor":26,"key":"Frozen Egg 2"}],"event_choices":[{"damage_healed":0,"gold_gain":0,"player_choice":"Success","damage_taken":12,"relics_obtained":["Letter Opener"],"max_hp_gain":0,"max_hp_loss":0,"event_name":"Scrap Ooze","floor":3,"gold_loss":0},{"damage_healed":0,"gold_gain":0,"player_choice":"Entered Light","damage_taken":15,"max_hp_gain":0,"max_hp_loss":0,"event_name":"Shining Light","floor":5,"gold_loss":0,"cards_upgraded":["Dualcast","Strike_B"]},{"cards_removed":["Heatsinks"],"damage_healed":0,"gold_gain":0,"player_choice":"Took Card","damage_taken":0,"max_hp_gain":0,"max_hp_loss":0,"event_name":"NoteForYourself","floor":21,"gold_loss":0,"cards_obtained":["Sunder"]}],"is_beta":false,"boss_relics":[{"not_picked":["FrozenCore","Empty Cage"],"picked":"Orrery"}],"items_purged_floors":[],"is_endless":false,"potions_floor_spawned":[2,10,16,18,20],"killed_by":"Centurion and Healer","ascension_level":0}