{"gold_per_floor":[114,132,52,52,22,47,59,88,88,88,101,126,126,138,138,216,216,236,236,161,161,176,210,210,210,282,300,300,330,49,76,76,153,153,165,90,90,1,0,0,33,33,56,56,56,83,100,115,115,115,115],"floor_reached":52,"playtime":6447,"items_purged":["Strike_R"],"score":2164,"play_id":"8e0b9ae3-6c4c-48f5-b671-22596063787c","local_time":"20190906010902","is_ascension_mode":true,"campfire_choices":[{"data":"Anger","floor":10.0,"key":"SMITH"},{"data":"Disarm","floor":13.0,"key":"SMITH"},{"data":"Rage","floor":15.0,"key":"SMITH"},{"data":"Armaments","floor":24.0,"key":"SMITH"},{"data":"Barricade","floor":28.0,"key":"SMITH"},{"floor":32.0,"key":"REST"},{"data":"Feel No Pain","floor":40.0,"key":"SMITH"},{"data":"Enlightenment","floor":44,"key":"SMITH"},{"floor":49,"key":"REST"}],"neow_cost":"NONE","seed_source_timestamp":1015104943842821,"circlet_count":0,"master_deck":["AscendersBane","Strike_R","Strike_R","Defend_R","Defend_R","Defend_R","Defend_R","Bash","Battle Trance","Carnage","Clothesline","Anger+1","Cleave","Disarm+1","Rage+1","Body Slam","Barricade+1","Armaments+1","Necronomicurse","Feel No Pain+1","Disarm","Shockwave","Fiend Fire","Dark Embrace","Shrug It Off","Flex","Enlightenment+1","Disarm","Dark Shackles","Battle Trance","Headbutt+1","Offering"],"special_seed":0,"relics":["Burning Blood","NeowsBlessing","Pear","Dream Catcher","Meat on the Bone","Mercury Hourglass","Ice Cream","Philosopher\u0027s Stone","Necronomicon","Bottled Lightning","Bottled Tornado","Happy Flower","Blue Candle","Matryoshka","White Beast Statue","Red Mask","Sundial","Anchor","Potion Belt","Bronze Scales"],"potions_floor_usage":[41,50,51],"damage_taken":[{"damage":0.0,"enemies":"Cultist","floor":1.0,"turns":1.0},{"damage":0.0,"enemies":"Jaw Worm","floor":2.0,"turns":1.0},{"damage":0.0,"enemies":"Gremlin Nob","floor":6.0,"turns":1.0},{"damage":2.0,"enemies":"2 Louse","floor":7.0,"turns":3.0},{"damage":28.0,"enemies":"Lagavulin","floor":8.0,"turns":6.0},{"damage":4.0,"enemies":"Red Slaver","floor":11.0,"turns":2.0},{"damage":15.0,"enemies":"3 Sentries","floor":12.0,"turns":5.0},{"damage":0.0,"enemies":"2 Fungi Beasts","floor":14.0,"turns":2.0},{"damage":26.0,"enemies":"The Guardian","floor":16.0,"turns":11.0},{"damage":5.0,"enemies":"Chosen","floor":18.0,"turns":4.0},{"damage":2.0,"enemies":"Shell Parasite","floor":22.0,"turns":2.0},{"damage":31.0,"enemies":"Slavers","floor":23.0,"turns":6.0},{"damage":2.0,"enemies":"Chosen and Byrds","floor":27.0,"turns":5.0},{"damage":31.0,"enemies":"Book of Stabbing","floor":29.0,"turns":6.0},{"damage":13.0,"enemies":"Gremlin Leader","floor":31.0,"turns":5.0},{"damage":31.0,"enemies":"Collector","floor":33.0,"turns":5.0},{"damage":15.0,"enemies":"3 Shapes","floor":35.0,"turns":5.0},{"damage":27,"enemies":"Reptomancer","floor":41,"turns":2},{"damage":5,"enemies":"Giant Head","floor":46,"turns":7},{"damage":22,"enemies":"3 Darklings","floor":47,"turns":6},{"damage":15,"enemies":"Sphere and 2 Shapes","floor":48,"turns":6},{"damage":52,"enemies":"Time Eater","floor":50,"turns":14},{"damage":40,"enemies":"Donu and Deca","floor":51,"turns":9}],"seed_played":"-4235405105921552466","potions_obtained":[{"floor":5.0,"key":"Block Potion"},{"floor":5.0,"key":"Energy Potion"},{"floor":8.0,"key":"AttackPotion"},{"floor":12.0,"key":"Explosive Potion"},{"floor":14.0,"key":"FearPotion"},{"floor":16.0,"key":"AttackPotion"},{"floor":22.0,"key":"SkillPotion"},{"floor":27.0,"key":"SpeedPotion"},{"floor":29.0,"key":"EntropicBrew"},{"floor":33.0,"key":"Dexterity Potion"},{"floor":35.0,"key":"GamblersBrew"},{"floor":41,"key":"Energy Potion"},{"floor":46,"key":"Fire Potion"},{"floor":47,"key":"EssenceOfSteel"},{"floor":48,"key":"FairyPotion"}],"is_trial":false,"path_per_floor":["M","M","$","?","?","E","M","E","T","R","M","E","R","M","R","B",null,"M","?","?","?","M","E","R","?","T","M","R","E","$","E","R","B",null,"M","$","?","$","?","R","E","?","T","R","?","E","M","M","R","B","B",null],"character_chosen":"IRONCLAD","items_purchased":["Carnage","Blue Candle","Enlightenment"],"campfire_rested":2,"item_purchase_floors":[3,30,38],"current_hp_per_floor":[74,75,75,67,67,73,77,55,55,55,57,60,60,66,66,58,78,79,79,79,58,62,49,49,49,49,53,53,40,40,45,70,57,78,69,69,69,69,69,69,60,60,60,60,60,61,57,60,85,51,29],"gold":115,"neow_bonus":"THREE_ENEMY_KILL","is_prod":false,"is_daily":false,"chose_seed":false,"campfire_upgraded":7,"win_rate":0,"timestamp":1567746542,"path_taken":["M","?","$","?","?","E","M","E","T","R","M","E","R","M","R","BOSS","M","?","?","?","M","E","R","?","T","M","R","E","$","E","R","BOSS","M","$","?","?","?","R","E","?","T","R","?","E","M","M","R","BOSS","BOSS"],"build_version":"2019-01-23","purchased_purges":1,"victory":true,"max_hp_per_floor":[75,75,75,85,85,85,85,85,85,85,85,85,85,85,85,85,85,85,85,85,85,85,85,85,85,85,85,85,85,85,85,85,85,85,85,85,85,85,85,85,85,85,85,85,85,85,85,85,85,85,85],"card_choices":[{"not_picked":["Flex","Heavy Blade"],"picked":"Battle Trance","floor":1.0},{"not_picked":["Clash","Cleave"],"picked":"Headbutt","floor":2.0},{"not_picked":["Dropkick","Inflame"],"picked":"Clothesline","floor":6.0},{"not_picked":["True Grit","Pommel Strike"],"picked":"Anger","floor":7.0},{"not_picked":["Clash","Wild Strike"],"picked":"Cleave","floor":8.0},{"not_picked":["Twin Strike","Shrug It Off"],"picked":"Disarm","floor":11.0},{"not_picked":["Intimidate","Power Through"],"picked":"Rage","floor":12.0},{"not_picked":["Cleave","Clash"],"picked":"Body Slam","floor":14.0},{"not_picked":["Brutality","Offering"],"picked":"Barricade","floor":16.0},{"not_picked":["Havoc+1","Anger+1"],"picked":"Armaments","floor":18.0},{"not_picked":["Evolve","Blood for Blood","Clothesline"],"picked":"SKIP","floor":22.0},{"not_picked":["Cleave","Anger","Clash"],"picked":"SKIP","floor":23.0},{"not_picked":["Cleave","Anger","Clash"],"picked":"SKIP","floor":23.0},{"not_picked":["Clothesline","Heavy Blade","Metallicize"],"picked":"SKIP","floor":27.0},{"not_picked":["Cleave","Perfected Strike"],"picked":"Disarm","floor":29.0},{"not_picked":["Wild Strike","Sever Soul"],"picked":"Shockwave","floor":31.0},{"not_picked":["Body Slam","Anger"],"picked":"Fiend Fire","floor":32.0},{"not_picked":["Exhume","Barricade"],"picked":"Dark Embrace","floor":33.0},{"not_picked":["Clothesline","Havoc+1"],"picked":"Shrug It Off","floor":35.0},{"not_picked":["Entrench","Flame Barrier"],"picked":"Disarm","floor":41},{"not_picked":["The Bomb","Jack Of All Trades"],"picked":"Dark Shackles","floor":45},{"not_picked":["Havoc","Thunderclap"],"picked":"Battle Trance","floor":46},{"not_picked":["Rampage","Second Wind+1","Cleave+1"],"picked":"SKIP","floor":47},{"not_picked":["Dual Wield+1","True Grit"],"picked":"Headbutt+1","floor":48},{"not_picked":["Armaments","Combust"],"picked":"Offering","floor":49}],"player_experience":2908974,"relics_obtained":[{"floor":6.0,"key":"Dream Catcher"},{"floor":8.0,"key":"Meat on the Bone"},{"floor":9.0,"key":"Mercury Hourglass"},{"floor":12.0,"key":"Ice Cream"},{"floor":21.0,"key":"Necronomicon"},{"floor":23.0,"key":"Bottled Lightning"},{"floor":26.0,"key":"Bottled Tornado"},{"floor":29.0,"key":"Happy Flower"},{"floor":31.0,"key":"Matryoshka"},{"floor":41,"key":"Sundial"},{"floor":43,"key":"Anchor"},{"floor":43,"key":"Potion Belt"},{"floor":46,"key":"Bronze Scales"}],"event_choices":[{"damage_healed":0.0,"max_hp_gain":0.0,"max_hp_loss":0.0,"gold_gain":0.0,"event_name":"Scrap Ooze","player_choice":"Success","floor":4.0,"gold_loss":0.0,"damage_taken":18.0,"relics_obtained":["Pear"]},{"damage_healed":0.0,"max_hp_gain":0.0,"max_hp_loss":0.0,"gold_gain":0.0,"event_name":"The Woman in Blue","player_choice":"Bought 2 Potions","floor":5.0,"gold_loss":0.0,"damage_taken":0.0},{"damage_healed":0.0,"max_hp_gain":0.0,"max_hp_loss":0.0,"gold_gain":0.0,"event_name":"Ghosts","player_choice":"Ignored","floor":19.0,"gold_loss":0.0,"damage_taken":0.0},{"cards_removed":["Strike_R"],"damage_healed":0.0,"max_hp_gain":0.0,"max_hp_loss":0.0,"gold_gain":0.0,"event_name":"Beggar","player_choice":"Gave Gold","floor":20.0,"gold_loss":75.0,"damage_taken":0.0},{"damage_healed":0.0,"max_hp_gain":0.0,"max_hp_loss":0.0,"gold_gain":0.0,"event_name":"Cursed Tome","player_choice":"Obtained Book","floor":21.0,"gold_loss":0.0,"damage_taken":21.0},{"damage_healed":0.0,"max_hp_gain":0.0,"max_hp_loss":0.0,"gold_gain":0.0,"event_name":"The Library","player_choice":"Read","floor":25.0,"gold_loss":0.0,"damage_taken":0.0,"cards_obtained":["Feel No Pain"]},{"damage_healed":0.0,"max_hp_gain":0.0,"max_hp_loss":0.0,"gold_gain":0.0,"cards_transformed":["Strike_R"],"event_name":"Transmorgrifier","player_choice":"Transformed","floor":37.0,"gold_loss":0.0,"damage_taken":0.0,"cards_obtained":["Flex"]},{"damage_healed":0.0,"max_hp_gain":0.0,"max_hp_loss":0.0,"gold_gain":0.0,"event_name":"Tomb of Lord Red Mask","player_choice":"Paid","floor":39.0,"gold_loss":1.0,"damage_taken":0.0,"relics_obtained":["Red Mask"]},{"cards_removed":["Headbutt"],"damage_healed":0,"gold_gain":0,"player_choice":"Removed Attack","damage_taken":0,"max_hp_gain":0,"max_hp_loss":0,"event_name":"Falling","floor":42,"gold_loss":0},{"damage_healed":0,"gold_gain":0,"player_choice":"Memory 1","damage_taken":0,"max_hp_gain":0,"max_hp_loss":0,"event_name":"SensoryStone","floor":45,"gold_loss":0}],"is_beta":false,"boss_relics":[{"not_picked":["Fusion Hammer","Black Blood"],"picked":"Philosopher\u0027s Stone"},{"not_picked":["Tiny House","Runic Pyramid"],"picked":"White Beast Statue"}],"items_purged_floors":[36],"is_endless":false,"potions_floor_spawned":[6,8,12,14,16,22,27,29,33,35,41,46,47,48],"ascension_level":20}