{"gold_per_floor":[119,139,39,49,60,60,60,92,92,92,112,138,138,103,103,199,199,209,226,242,242,261,261,276,293,365,365,397,95,110,110],"floor_reached":31,"playtime":5326,"items_purged":["Strike_B","Strike_B"],"score":383,"play_id":"ea252ad1-0b44-4f33-b6b9-17277dd93f80","local_time":"20180807010621","is_ascension_mode":true,"campfire_choices":[{"floor":6,"key":"REST"},{"floor":10,"key":"REST"},{"floor":15,"key":"REST"},{"floor":23,"key":"REST"},{"floor":27,"key":"REST"}],"neow_cost":"NONE","seed_source_timestamp":172820096942658,"circlet_count":0,"master_deck":["Strike_B","Strike_B","Defend_B","Defend_B","Defend_B","Defend_B","Zap+1","Dualcast","Lockon","Sunder","Gash","Ball Lightning","Thunder Strike","Capacitor","Defragment","Biased Cognition","Conserve Battery","Rebound","Beam Cell","Static Discharge","Hologram+1","Aggregate+1","Go for the Eyes","Steam","Hologram","Enlightenment","Go for the Eyes"],"relics":["Cracked Core","Question Card","Meat on the Bone","Dodecahedron","Happy Flower","Runic Pyramid","Mummified Hand","Smiling Mask"],"potions_floor_usage":[12,12,16,19,19,24,28,31],"damage_taken":[{"damage":4,"enemies":"2 Louse","floor":1,"turns":3},{"damage":0,"enemies":"Small Slimes","floor":2,"turns":2},{"damage":0,"enemies":"Cultist","floor":4,"turns":2},{"damage":0,"enemies":"Large Slime","floor":5,"turns":4},{"damage":25,"enemies":"3 Sentries","floor":8,"turns":6},{"damage":13,"enemies":"Exordium Wildlife","floor":11,"turns":4},{"damage":20,"enemies":"Lagavulin","floor":12,"turns":5},{"damage":0,"enemies":"Slime Boss","floor":16,"turns":6},{"damage":12,"enemies":"Chosen","floor":18,"turns":3},{"damage":13,"enemies":"Spheric Guardian","floor":19,"turns":4},{"damage":26,"enemies":"Snake Plant","floor":20,"turns":4},{"damage":19,"enemies":"Chosen and Byrds","floor":22,"turns":6},{"damage":21,"enemies":"Centurion and Healer","floor":24,"turns":4},{"damage":21,"enemies":"Snake Plant","floor":25,"turns":3},{"damage":38,"enemies":"Book of Stabbing","floor":28,"turns":4},{"damage":30,"enemies":"Chosen and Byrds","floor":30,"turns":6},{"damage":21,"enemies":"Sentry and Sphere","floor":31,"turns":3}],"seed_played":"2962773582348922411","potions_obtained":[{"floor":1,"key":"SpeedPotion"},{"floor":4,"key":"SteroidPotion"},{"floor":11,"key":"Swift Potion"},{"floor":12,"key":"SkillPotion"},{"floor":18,"key":"AttackPotion"},{"floor":20,"key":"FearPotion"},{"floor":24,"key":"FocusPotion"},{"floor":30,"key":"Fire Potion"}],"is_trial":false,"path_per_floor":["M","M","$","M","M","R","?","E","T","R","M","E","?","?","R","B",null,"M","M","M","?","M","R","M","M","T","R","E","$","M"],"character_chosen":"DEFECT","items_purchased":["Gash","Hologram","Enlightenment"],"campfire_rested":5,"item_purchase_floors":[3,29,29],"current_hp_per_floor":[71,71,71,71,71,75,80,55,55,79,66,46,28,48,72,72,80,68,55,41,41,34,58,49,40,40,64,38,38,20,0],"gold":110,"neow_bonus":"UPGRADE_CARD","is_prod":false,"is_daily":false,"chose_seed":false,"campfire_upgraded":0,"win_rate":0,"timestamp":1533618381,"path_taken":["M","M","$","M","M","R","?","E","T","R","M","E","?","?","R","BOSS","M","?","M","?","M","R","M","?","T","R","E","$","?","?"],"build_version":"2018-08-02","purchased_purges":2,"victory":false,"max_hp_per_floor":[75,75,75,75,75,75,80,80,80,80,80,80,80,80,80,80,80,80,80,80,80,80,80,80,80,80,80,80,80,80,80],"card_choices":[{"not_picked":["Heatsinks","Compile Driver"],"picked":"Lockon","floor":1},{"not_picked":["Rebound","FTL"],"picked":"Sunder","floor":2},{"not_picked":["Stack","Capacitor","Recycle"],"picked":"SKIP","floor":4},{"not_picked":["Turbo","Sweeping Beam"],"picked":"Ball Lightning","floor":5},{"not_picked":["Force Field","Ball Lightning"],"picked":"Thunder Strike","floor":8},{"not_picked":["Reinforced Body","Barrage","Lockon"],"picked":"Capacitor","floor":11},{"not_picked":["Chill","Beam Cell","Conserve Battery"],"picked":"Defragment","floor":12},{"not_picked":["Thunder Strike","Meteor Strike","Rainbow"],"picked":"Biased Cognition","floor":16},{"not_picked":["Leap","Redo","Genetic Algorithm"],"picked":"Conserve Battery","floor":18},{"not_picked":["Stack","Blizzard","Streamline"],"picked":"Rebound","floor":19},{"not_picked":["Leap","Ball Lightning","Compile Driver"],"picked":"Beam Cell","floor":20},{"not_picked":["Ball Lightning","Hyperbeam","Coolheaded"],"picked":"Hologram+1","floor":22},{"not_picked":["Conserve Battery","Go for the Eyes","White Noise"],"picked":"Aggregate+1","floor":24},{"not_picked":["Leap","Barrage","Redo"],"picked":"Go for the Eyes","floor":25},{"not_picked":["Multi-Cast","Redo","Reprogram"],"picked":"Steam","floor":28},{"not_picked":["Redo","Scrape+1","Static Discharge"],"picked":"Go for the Eyes","floor":30}],"player_experience":1472129,"relics_obtained":[{"floor":8,"key":"Question Card"},{"floor":9,"key":"Meat on the Bone"},{"floor":12,"key":"Dodecahedron"},{"floor":26,"key":"Mummified Hand"},{"floor":28,"key":"Smiling Mask"}],"event_choices":[{"event_name":"Big Fish","player_choice":"Donut","floor":7,"damage_taken":0},{"event_name":"Scrap Ooze","player_choice":"success","floor":13,"damage_taken":18},{"event_name":"The Cleric","player_choice":"Healed","floor":14,"damage_taken":0},{"event_name":"The Library","player_choice":"Read","floor":21,"damage_taken":0}],"is_beta":false,"boss_relics":[{"not_picked":["Black Star","FrozenCore"],"picked":"Runic Pyramid"}],"items_purged_floors":[3,29],"is_endless":false,"potions_floor_spawned":[1,4,11,12,18,20,24,30],"killed_by":"Sentry and Sphere","ascension_level":4}