{"gold_per_floor":[109,109,129,129,147,147,110,19,19,19,19,35,35,56,56,182,182,202,221,235,235,235,235,16,16],"floor_reached":25,"playtime":1120,"items_purged":[],"score":191,"play_id":"143fa74e-3d82-48ae-9ee3-885b17a5c064","local_time":"20190724145547","is_ascension_mode":false,"campfire_choices":[{"floor":6,"key":"REST"},{"floor":10,"key":"REST"},{"data":"Genetic Algorithm","floor":13,"key":"SMITH"},{"data":"Double Energy","floor":15,"key":"SMITH"},{"floor":23,"key":"REST"}],"neow_cost":"PERCENT_DAMAGE","seed_source_timestamp":32737028808410,"circlet_count":0,"master_deck":["Strike_B","Strike_B","Strike_B","Strike_B","Defend_B","Defend_B","Defend_B","Defend_B","Zap","Dualcast","Conserve Battery","Conserve Battery","Injury","Streamline","Turbo","Self Repair","Genetic Algorithm+1","Double Energy+1","Meteor Strike","Hologram","Go for the Eyes+1","BootSequence","Conserve Battery","Ball Lightning"],"relics":["Cracked Core","Ornamental Fan","Golden Idol","Ancient Tea Set","Busted Crown","MutagenicStrength","Boot"],"potions_floor_usage":[16,16,25],"damage_taken":[{"damage":7,"enemies":"Jaw Worm","floor":1,"turns":5},{"damage":2,"enemies":"2 Louse","floor":3,"turns":3},{"damage":0,"enemies":"Small Slimes","floor":5,"turns":3},{"damage":0,"enemies":"2 Fungi Beasts","floor":12,"turns":3},{"damage":2,"enemies":"Lots of Slimes","floor":14,"turns":4},{"damage":40,"enemies":"Slime Boss","floor":16,"turns":16},{"damage":47,"enemies":"3 Byrds","floor":18,"turns":9},{"damage":35,"enemies":"Chosen","floor":19,"turns":6},{"damage":31,"enemies":"Snake Plant","floor":20,"turns":6},{"damage":43,"enemies":"Chosen and Byrds","floor":25,"turns":6}],"seed_played":"-6683756125989799819","potions_obtained":[{"floor":3,"key":"FairyPotion"},{"floor":5,"key":"Dexterity Potion"},{"floor":14,"key":"EssenceOfSteel"},{"floor":20,"key":"LiquidBronze"}],"is_trial":false,"path_per_floor":["M","?","M","?","M","R","?","$","T","R","$","M","R","M","R","B",null,"M","M","M","?","?","R","$","M"],"character_chosen":"DEFECT","items_purchased":["Turbo","Self Repair","Boot","Conserve Battery","Ball Lightning"],"campfire_rested":3,"item_purchase_floors":[8,8,24,24,24],"current_hp_per_floor":[61,54,52,52,52,78,78,78,78,89,89,89,89,89,89,56,89,49,21,9,9,9,35,35,0],"gold":16,"neow_bonus":"TWENTY_PERCENT_HP_BONUS","is_prod":false,"is_daily":false,"chose_seed":false,"campfire_upgraded":2,"win_rate":0.0,"timestamp":1563990947,"path_taken":["M","?","M","?","M","R","?","$","T","R","?","M","R","M","R","BOSS","M","M","M","?","?","R","$","M"],"build_version":"2019-07-17","purchased_purges":0,"victory":false,"max_hp_per_floor":[89,89,89,89,89,89,89,89,89,89,89,89,89,89,89,89,89,89,89,89,89,89,89,89,89],"card_choices":[{"not_picked":["Turbo","Redo"],"picked":"Conserve Battery","floor":1},{"not_picked":["Self Repair","Darkness"],"picked":"Conserve Battery","floor":3},{"not_picked":["Go for the Eyes","Skim"],"picked":"Streamline","floor":5},{"not_picked":["Redo","Glacier"],"picked":"Genetic Algorithm","floor":12},{"not_picked":["Reprogram","Compile Driver"],"picked":"Double Energy","floor":14},{"not_picked":["Hyperbeam","Multi-Cast"],"picked":"Meteor Strike","floor":16},{"not_picked":[],"picked":"Chill","floor":18},{"not_picked":[],"picked":"Hologram","floor":19},{"not_picked":[],"picked":"Go for the Eyes+1","floor":20}],"player_experience":225091,"relics_obtained":[{"floor":9,"key":"Ancient Tea Set"}],"event_choices":[{"damage_healed":0,"gold_gain":0,"player_choice":"Success","damage_taken":7,"relics_obtained":["Ornamental Fan"],"max_hp_gain":0,"max_hp_loss":0,"event_name":"Scrap Ooze","floor":2,"gold_loss":0},{"damage_healed":0,"gold_gain":0,"player_choice":"Take Wound","damage_taken":0,"relics_obtained":["Golden Idol"],"max_hp_gain":0,"max_hp_loss":0,"event_name":"Golden Idol","floor":4,"gold_loss":0,"cards_obtained":["Injury"]},{"damage_healed":0,"gold_gain":0,"player_choice":"Left Gold","damage_taken":0,"max_hp_gain":0,"max_hp_loss":0,"event_name":"World of Goop","floor":7,"gold_loss":37},{"damage_healed":0,"gold_gain":0,"player_choice":"Inject Mutagens","damage_taken":0,"relics_obtained":["MutagenicStrength"],"max_hp_gain":0,"max_hp_loss":0,"event_name":"Drug Dealer","floor":21,"gold_loss":0},{"damage_healed":0,"gold_gain":0,"cards_transformed":["Chill"],"player_choice":"Transformed","damage_taken":0,"max_hp_gain":0,"max_hp_loss":0,"event_name":"Transmorgrifier","floor":22,"gold_loss":0,"cards_obtained":["BootSequence"]}],"is_beta":false,"boss_relics":[{"not_picked":["Coffee Dripper","Cursed Key"],"picked":"Busted Crown"}],"items_purged_floors":[],"is_endless":false,"potions_floor_spawned":[3,5,14,20],"killed_by":"Chosen and Byrds","ascension_level":0}