{"gold_per_floor":[118,43,43,60,60,60,404,424,424,424],"floor_reached":10,"playtime":769,"items_purged":["Defend_G"],"score":102,"play_id":"79f8ea83-3194-41d7-9f29-99677f854ebb","local_time":"20181110185918","is_ascension_mode":true,"campfire_choices":[{"data":"Neutralize","floor":6,"key":"SMITH"}],"neow_cost":"NONE","seed_source_timestamp":481567422857567,"circlet_count":0,"master_deck":["AscendersBane","Defend_G","Defend_G","Defend_G","Defend_G","Strike_G","Strike_G","Strike_G","Strike_G","Survivor","Neutralize+1","Heel Hook","Crippling Poison","Grand Finale","Bane"],"relics":["Ring of the Snake","Golden Idol","Old Coin","Prayer Wheel"],"potions_floor_usage":[7,8],"damage_taken":[{"damage":4,"enemies":"Small Slimes","floor":1,"turns":6},{"damage":6,"enemies":"Cultist","floor":4,"turns":5},{"damage":26,"enemies":"3 Sentries","floor":7,"turns":15},{"damage":4,"enemies":"Jaw Worm","floor":8,"turns":4},{"damage":10,"enemies":"Exordium Thugs","floor":10,"turns":3}],"seed_played":"5353947917338129228","potions_obtained":[{"floor":4,"key":"Block Potion"},{"floor":7,"key":"Poison Potion"}],"is_trial":false,"path_per_floor":["M","$","?","M","?","R","E","M","T","M"],"character_chosen":"THE_SILENT","items_purchased":[],"campfire_rested":0,"item_purchase_floors":[],"current_hp_per_floor":[59,59,59,53,36,36,10,6,6,0],"gold":424,"neow_bonus":"REMOVE_CARD","is_prod":false,"is_daily":false,"chose_seed":false,"campfire_upgraded":1,"win_rate":0,"timestamp":1541894358,"path_taken":["M","$","?","?","?","R","E","M","T","M"],"build_version":"2018-11-08","purchased_purges":1,"victory":false,"max_hp_per_floor":[70,70,70,70,70,70,70,70,70,70],"card_choices":[{"not_picked":["Deflect","Outmaneuver"],"picked":"Heel Hook","floor":1},{"not_picked":["Acrobatics","Infinite Blades"],"picked":"Crippling Poison","floor":4},{"not_picked":["Phantasmal Killer","Backflip"],"picked":"Grand Finale","floor":7},{"not_picked":["Dash","Cloak And Dagger"],"picked":"Bane","floor":8}],"player_experience":1969222,"relics_obtained":[{"floor":7,"key":"Old Coin"},{"floor":9,"key":"Prayer Wheel"}],"event_choices":[{"damage_healed":0,"gold_gain":0,"player_choice":"Ignored","damage_taken":0,"max_hp_gain":0,"max_hp_loss":0,"event_name":"WeMeetAgain","floor":3,"gold_loss":0},{"damage_healed":0,"gold_gain":0,"player_choice":"Take Damage","damage_taken":17,"relics_obtained":["Golden Idol"],"max_hp_gain":0,"max_hp_loss":0,"event_name":"Golden Idol","floor":5,"gold_loss":0}],"is_beta":false,"boss_relics":[],"items_purged_floors":[2],"is_endless":false,"potions_floor_spawned":[4,7],"killed_by":"Exordium Thugs","ascension_level":11}