{"gold_per_floor":[114,214,229,244,269,299,133,133,133,148,148,163,193,208,208,308,308,323,323,338,353,353],"floor_reached":22,"playtime":1818,"items_purged":["Strike_R"],"score":248,"play_id":"6f3bcb5f-49c1-45cb-a169-3939774528eb","local_time":"20191007233122","daily_mods":["Allstar","ControlledChaos","DeadlyEvents"],"is_ascension_mode":false,"campfire_choices":[{"data":"Berserk","floor":8,"key":"SMITH"},{"data":"Metallicize","floor":11,"key":"SMITH"},{"data":"Mind Blast","floor":15,"key":"SMITH"}],"neow_cost":"","seed_source_timestamp":0,"circlet_count":0,"master_deck":["Bash","Madness","Finesse","Magnetism","Sadistic Nature","PanicButton","Metallicize+1","Berserk+1","Offering","Mind Blast+1","Entrench","Headbutt","Exhume","Shrug It Off","Dark Embrace","Carnage","True Grit","Wild Strike","True Grit","Heavy Blade","Reaper","Seeing Red","Thunderclap","Shrug It Off","Exhume","Pommel Strike"],"special_seed":18176,"relics":["Burning Blood","Frozen Eye","Art of War","Turnip","PreservedInsect","Shuriken","Pandora\u0027s Box"],"potions_floor_usage":[14,14,16,22],"damage_taken":[{"damage":7,"enemies":"2 Louse","floor":1,"turns":3},{"damage":0,"enemies":"Cultist","floor":3,"turns":4},{"damage":29,"enemies":"Jaw Worm","floor":4,"turns":6},{"damage":19,"enemies":"Gremlin Nob","floor":6,"turns":4},{"damage":9,"enemies":"Exordium Thugs","floor":10,"turns":4},{"damage":8,"enemies":"Looter","floor":12,"turns":5},{"damage":18,"enemies":"Lagavulin","floor":13,"turns":5},{"damage":12,"enemies":"3 Louse","floor":14,"turns":5},{"damage":12,"enemies":"Slime Boss","floor":16,"turns":6},{"damage":49,"enemies":"3 Byrds","floor":18,"turns":5},{"damage":12,"enemies":"Spheric Guardian","floor":20,"turns":4},{"damage":29,"enemies":"Centurion and Healer","floor":21,"turns":6},{"damage":14,"enemies":"Snecko","floor":22,"turns":3}],"seed_played":"9193087267040089487","potions_obtained":[{"floor":1,"key":"SkillPotion"},{"floor":10,"key":"Regen Potion"},{"floor":13,"key":"Poison Potion"},{"floor":14,"key":"FearPotion"},{"floor":16,"key":"Poison Potion"}],"is_trial":false,"path_per_floor":["M","?","M","M","T","E","$","R","T","M","R","M","E","M","R","B",null,"M","?","M","M","M"],"character_chosen":"IRONCLAD","items_purchased":["Mind Blast"],"campfire_rested":0,"item_purchase_floors":[7],"current_hp_per_floor":[79,79,80,57,57,44,44,44,44,41,41,39,27,35,35,29,80,37,37,31,14,0],"gold":353,"neow_bonus":"","is_prod":false,"is_daily":true,"chose_seed":false,"campfire_upgraded":3,"win_rate":0,"timestamp":1570462282,"path_taken":["M","?","M","?","?","E","$","R","T","M","R","M","E","M","R","BOSS","M","?","?","M","M"],"build_version":"2019-07-17","purchased_purges":1,"victory":false,"max_hp_per_floor":[80,80,80,80,80,80,80,80,80,80,80,80,80,80,80,80,80,80,80,80,80,80],"card_choices":[{"not_picked":["Armaments","Flame Barrier"],"picked":"Metallicize","floor":1},{"not_picked":["Armaments","Uppercut","Twin Strike"],"picked":"SKIP","floor":3},{"not_picked":["Clash","Sword Boomerang"],"picked":"Berserk","floor":4},{"not_picked":["Rage","Carnage"],"picked":"Offering","floor":6},{"not_picked":["Dual Wield","Clothesline"],"picked":"Entrench","floor":10},{"not_picked":["Iron Wave","Sword Boomerang"],"picked":"Headbutt","floor":12},{"not_picked":["Carnage","Armaments"],"picked":"Exhume","floor":13},{"not_picked":["Iron Wave","Cleave"],"picked":"Shrug It Off","floor":14},{"not_picked":["Juggernaut","Brutality"],"picked":"Dark Embrace","floor":16},{"not_picked":["Dropkick+1","Perfected Strike"],"picked":"Shrug It Off","floor":18},{"not_picked":["Bloodletting","Armaments"],"picked":"Pommel Strike","floor":20},{"not_picked":["Iron Wave","Flex","Sword Boomerang"],"picked":"SKIP","floor":21}],"player_experience":126322,"relics_obtained":[{"floor":5,"key":"Art of War"},{"floor":6,"key":"Turnip"},{"floor":9,"key":"PreservedInsect"},{"floor":13,"key":"Shuriken"}],"event_choices":[{"damage_healed":0,"gold_gain":100,"player_choice":"Pray","damage_taken":0,"max_hp_gain":0,"max_hp_loss":0,"event_name":"Golden Shrine","floor":2,"gold_loss":0},{"damage_healed":0,"gold_gain":0,"player_choice":"1 cards matched","damage_taken":0,"max_hp_gain":0,"max_hp_loss":0,"event_name":"Match and Keep!","floor":19,"gold_loss":0,"cards_obtained":["Exhume"]}],"is_beta":false,"boss_relics":[{"not_picked":["Runic Cube","Runic Dome"],"picked":"Pandora\u0027s Box"}],"items_purged_floors":[7],"is_endless":false,"potions_floor_spawned":[1,10,13,14,16],"killed_by":"Snecko","ascension_level":0}