{"gold_per_floor":[118,118,74,87,107,132,132,214,214,214,234,234,245,257,257,257],"floor_reached":16,"playtime":1138,"items_purged":[],"score":224,"play_id":"59ca240f-add7-448f-a321-71374d3666cc","local_time":"20190925202116","is_ascension_mode":true,"campfire_choices":[{"floor":7,"key":"DIG"},{"data":"SashWhip","floor":10,"key":"SMITH"},{"floor":12,"key":"DIG"},{"floor":15,"key":"REST"}],"neow_cost":"PERCENT_DAMAGE","seed_source_timestamp":0,"circlet_count":0,"master_deck":["AscendersBane","Strike_P","Strike_P","Strike_P","Strike_P","Defend_P","Defend_P","Defend_P","Defend_P","Eruption","Vigilance","BowlingBash","ForeignInfluence","Crescendo","SashWhip+1","ClearTheMind","Sanctity","EmptyBody"],"special_seed":0,"relics":["PureWater","Shovel","Pear","MealTicket","Tiny Chest","Sundial","White Beast Statue"],"potions_floor_usage":[6,14,16],"damage_taken":[{"damage":1,"enemies":"Small Slimes","floor":1,"turns":4},{"damage":0,"enemies":"2 Louse","floor":4,"turns":2},{"damage":7,"enemies":"Jaw Worm","floor":5,"turns":2},{"damage":16,"enemies":"Gremlin Nob","floor":6,"turns":3},{"damage":12,"enemies":"3 Sentries","floor":8,"turns":6},{"damage":8,"enemies":"3 Louse","floor":11,"turns":3},{"damage":1,"enemies":"Looter","floor":13,"turns":3},{"damage":0,"enemies":"Blue Slaver","floor":14,"turns":2},{"damage":30,"enemies":"The Guardian","floor":16,"turns":9}],"seed_played":"3299876391153002649","potions_obtained":[{"floor":1,"key":"SteroidPotion"},{"floor":6,"key":"Weak Potion"},{"floor":11,"key":"Energy Potion"},{"floor":13,"key":"Fire Potion"},{"floor":14,"key":"SteroidPotion"}],"is_trial":false,"path_per_floor":["M","?","$","M","M","E","R","E","T","R","M","R","M","M","R","B"],"character_chosen":"WATCHER","items_purchased":["ForeignInfluence"],"campfire_rested":1,"item_purchase_floors":[3],"current_hp_per_floor":[39,39,39,39,32,26,26,14,14,14,6,6,5,5,26,0],"gold":257,"neow_bonus":"ONE_RARE_RELIC","is_prod":false,"is_daily":false,"chose_seed":false,"campfire_upgraded":1,"win_rate":0,"timestamp":1569399676,"path_taken":["M","?","$","M","M","E","R","E","T","R","M","R","M","M","R","BOSS"],"build_version":"2019-09-24","purchased_purges":0,"victory":false,"max_hp_per_floor":[61,61,61,61,61,71,71,71,71,71,71,71,71,71,71,71],"card_choices":[{"not_picked":["Evaluate","Prostrate"],"picked":"BowlingBash","floor":1},{"not_picked":["BowlingBash","BattleHymn"],"picked":"Crescendo","floor":4},{"not_picked":["BattleHymn","Scrawl"],"picked":"SashWhip","floor":5},{"not_picked":["Consecrate","Swivel","WreathOfFlame"],"picked":"SKIP","floor":6},{"not_picked":["Adaptation","PathToVictory"],"picked":"ClearTheMind","floor":8},{"not_picked":["BowlingBash","WreathOfFlame","JustLucky"],"picked":"SKIP","floor":11},{"not_picked":["Indignation","EmptyMind"],"picked":"Sanctity","floor":13},{"not_picked":["EmptyFist","Perseverance"],"picked":"EmptyBody","floor":14}],"player_experience":1240545,"relics_obtained":[{"floor":6,"key":"Pear"},{"floor":7,"key":"MealTicket"},{"floor":8,"key":"Tiny Chest"},{"floor":9,"key":"Sundial"},{"floor":12,"key":"White Beast Statue"}],"event_choices":[{"damage_healed":0,"gold_gain":0,"player_choice":"Leave","damage_taken":0,"max_hp_gain":0,"max_hp_loss":0,"event_name":"The Cleric","floor":2,"gold_loss":0}],"is_beta":true,"boss_relics":[],"items_purged_floors":[],"is_endless":false,"potions_floor_spawned":[1,6,11,13,14],"killed_by":"The Guardian","ascension_level":20}