{"gold_per_floor":[110,125,2,2,14,14,41,41,41,61,61],"floor_reached":11,"playtime":954,"items_purged":["Clumsy"],"score":120,"play_id":"5dafd087-2454-47fd-8f78-047af6143af0","local_time":"20190119010345","is_ascension_mode":true,"campfire_choices":[{"data":"Hologram","floor":6,"key":"SMITH"},{"floor":8,"key":"REST"}],"neow_cost":"CURSE","seed_source_timestamp":407477344359368,"circlet_count":0,"master_deck":["AscendersBane","Strike_B+1","Strike_B","Strike_B+1","Strike_B","Defend_B","Defend_B","Defend_B","Defend_B","Zap","Dualcast","Multi-Cast","Gash","Hologram+1","Tempest","Sweeping Beam","Sweeping Beam"],"relics":["Cracked Core","Dead Branch","Ginger"],"potions_floor_usage":[7,10],"damage_taken":[{"damage":11,"enemies":"Small Slimes","floor":1,"turns":4},{"damage":7,"enemies":"Jaw Worm","floor":2,"turns":3},{"damage":0,"enemies":"2 Louse","floor":5,"turns":2},{"damage":28,"enemies":"Gremlin Nob","floor":7,"turns":4},{"damage":2,"enemies":"Exordium Thugs","floor":10,"turns":3},{"damage":28,"enemies":"3 Louse","floor":11,"turns":2}],"seed_played":"7922706591188595590","potions_obtained":[{"floor":5,"key":"SpeedPotion"},{"floor":7,"key":"Explosive Potion"}],"is_trial":false,"path_per_floor":["M","M","$","?","M","R","E","R","T","M","M"],"character_chosen":"DEFECT","items_purchased":["Hologram"],"campfire_rested":1,"item_purchase_floors":[3],"current_hp_per_floor":[57,50,50,35,35,35,7,29,29,27,0],"gold":61,"neow_bonus":"THREE_RARE_CARDS","is_prod":false,"is_daily":false,"chose_seed":false,"campfire_upgraded":1,"win_rate":0,"timestamp":1547877825,"path_taken":["M","M","$","?","M","R","E","R","T","M","M"],"build_version":"2019-01-17v2","purchased_purges":1,"victory":false,"max_hp_per_floor":[75,75,75,75,75,75,75,75,75,75,75],"card_choices":[{"not_picked":["Meteor Strike","Seek"],"picked":"Multi-Cast","floor":0},{"not_picked":["Compile Driver","Steam"],"picked":"Gash","floor":1},{"not_picked":["Recycle","Heatsinks","Reprogram"],"picked":"SKIP","floor":2},{"not_picked":["Rebound","Redo"],"picked":"Tempest","floor":5},{"not_picked":["Streamline","Redo"],"picked":"Sweeping Beam","floor":7},{"not_picked":["Hello World","Recycle"],"picked":"Sweeping Beam","floor":10}],"player_experience":2197249,"relics_obtained":[{"floor":7,"key":"Dead Branch"},{"floor":9,"key":"Ginger"}],"event_choices":[{"damage_healed":0,"gold_gain":0,"player_choice":"Entered Light","damage_taken":15,"max_hp_gain":0,"max_hp_loss":0,"event_name":"Shining Light","floor":4,"gold_loss":0,"cards_upgraded":["Strike_B","Strike_B"]}],"is_beta":false,"boss_relics":[],"items_purged_floors":[3],"is_endless":false,"potions_floor_spawned":[5,7],"killed_by":"3 Louse","ascension_level":13}