{"gold_per_floor":[111,111,32,32,51,51,65,83,109,133,167,193,205,233,245,355,367,396,323,351,363,300,340,352,383,419,431,468,47,47,62,62,160,160,176,1175,1187,1200,1200,1200,1219,1219,1265,1265,1298,1520,1536,417,417,417],"floor_reached":51,"playtime":6027,"items_purged":["Normality"],"score":762,"play_id":"85dee637-eae2-4c6d-b405-9719a8211f84","local_time":"20190715114913","is_ascension_mode":false,"campfire_choices":[{"data":"Infernal Blade","floor":6,"key":"SMITH"},{"data":"Armaments","floor":15,"key":"SMITH"},{"floor":24,"key":"REST"},{"floor":27,"key":"REST"},{"floor":32,"key":"REST"},{"floor":40,"key":"REST"},{"data":"Double Tap","floor":42,"key":"SMITH"},{"data":"Reaper","floor":44,"key":"SMITH"},{"data":"Ghostly Armor","floor":49,"key":"SMITH"}],"neow_cost":"NONE","seed_source_timestamp":89455588934774,"circlet_count":0,"master_deck":["Strike_R","Strike_R","Strike_R","Strike_R","Strike_R","Defend_R","Defend_R","Defend_R","Defend_R","Bash","Cleave","Infernal Blade+1","Armaments+1","Immolate","Anger","Clash","Infernal Blade","Inflame+1","Cleave","Power Through","Reaper+1","Cleave","Whirlwind+1","Necronomicurse","Rampage","Flex","Shrug It Off+1","Infernal Blade","RitualDagger+1","Cleave+1","Double Tap+1","Headbutt+1","Normality","Clothesline+1","Wild Strike+1","Carnage+1","Heavy Blade+1","Headbutt+1","Ghostly Armor+1","Inflame","Anger+1","Iron Wave+1","Shockwave","Deep Breath","Panache"],"relics":["Burning Blood","Du-Vu Doll","MawBank","Odd Mushroom","Mark of Pain","Ornamental Fan","Necronomicon","PreservedInsect","Bronze Scales","Red Mask","Molten Egg 2","Juzu Bracelet","Lizard Tail","Oddly Smooth Stone","Ancient Tea Set","Regal Pillow","Pen Nib","HandDrill"],"potions_floor_usage":[8,8,8,10,12,16,16,25,33,50,50],"damage_taken":[{"damage":7,"enemies":"2 Louse","floor":1,"turns":3},{"damage":1,"enemies":"Cultist","floor":5,"turns":3},{"damage":6,"enemies":"Jaw Worm","floor":7,"turns":2},{"damage":12,"enemies":"Large Slime","floor":8,"turns":4},{"damage":5,"enemies":"Looter","floor":10,"turns":2},{"damage":21,"enemies":"The Mushroom Lair","floor":11,"turns":3},{"damage":12,"enemies":"3 Louse","floor":12,"turns":2},{"damage":0,"enemies":"2 Fungi Beasts","floor":14,"turns":2},{"damage":45,"enemies":"Hexaghost","floor":16,"turns":8},{"damage":37,"enemies":"Spheric Guardian","floor":18,"turns":7},{"damage":5,"enemies":"Chosen","floor":20,"turns":4},{"damage":36,"enemies":"Book of Stabbing","floor":23,"turns":5},{"damage":7,"enemies":"Centurion and Healer","floor":25,"turns":2},{"damage":0,"enemies":"Masked Bandits","floor":28,"turns":2},{"damage":13,"enemies":"Snecko","floor":31,"turns":4},{"damage":34,"enemies":"Collector","floor":33,"turns":6},{"damage":10,"enemies":"3 Darklings","floor":35,"turns":4},{"damage":10,"enemies":"Orb Walker","floor":37,"turns":3},{"damage":44,"enemies":"Maw","floor":38,"turns":7},{"damage":0,"enemies":"Transient","floor":41,"turns":5},{"damage":2,"enemies":"Reptomancer","floor":45,"turns":2},{"damage":3,"enemies":"Jaw Worm Horde","floor":47,"turns":2},{"damage":42,"enemies":"Donu and Deca","floor":50,"turns":5}],"seed_played":"-5835632751226264899","potions_obtained":[{"floor":2,"key":"SkillPotion"},{"floor":2,"key":"Weak Potion"},{"floor":2,"key":"Strength Potion"},{"floor":8,"key":"AttackPotion"},{"floor":10,"key":"BloodPotion"},{"floor":11,"key":"LiquidBronze"},{"floor":14,"key":"Poison Potion"},{"floor":23,"key":"Regen Potion"},{"floor":31,"key":"AttackPotion"},{"floor":33,"key":"SpeedPotion"},{"floor":35,"key":"FairyPotion"},{"floor":41,"key":"SpeedPotion"}],"is_trial":false,"path_per_floor":["M","?","$","T","M","R","M","M","T","M","?","M","?","M","R","B",null,"M","?","M","?","?","E","R","M","T","R","?","$","?","M","R","B",null,"M","?","M","M","?","R","M","R","T","R","E","?","M","$","R","B",null],"character_chosen":"IRONCLAD","items_purchased":["Infernal Blade","Armaments","Molten Egg 2","Juzu Bracelet","Infernal Blade","Regal Pillow","Pen Nib","HandDrill","Ghostly Armor","Inflame","Anger+1","Iron Wave+1","Shockwave","Deep Breath","Panache"],"campfire_rested":4,"item_purchase_floors":[3,3,29,29,29,48,48,48,48,48,48,48,48,48,48],"current_hp_per_floor":[79,79,79,79,80,80,80,74,74,75,60,74,74,80,80,41,80,53,53,58,42,42,26,50,54,54,78,80,80,74,67,80,52,80,76,76,80,45,45,69,75,75,75,75,79,79,80,80,80,44],"gold":417,"neow_bonus":"RANDOM_COLORLESS","is_prod":false,"is_daily":false,"chose_seed":false,"campfire_upgraded":5,"win_rate":0.0,"timestamp":1563202153,"path_taken":["M","?","$","?","M","R","?","M","T","?","?","M","?","M","R","BOSS","M","?","M","?","?","E","R","M","T","R","?","?","?","M","R","BOSS","M","?","M","M","?","R","M","R","T","R","E","?","M","?","R","BOSS"],"build_version":"2019-07-05","purchased_purges":1,"victory":true,"max_hp_per_floor":[80,80,80,80,80,80,80,80,80,80,80,80,80,80,80,80,80,80,80,80,80,80,80,80,80,80,80,80,80,80,80,80,80,80,80,80,80,80,80,80,80,80,80,80,80,80,80,80,80,80],"card_choices":[{"not_picked":["Body Slam","Seeing Red"],"picked":"Cleave","floor":1},{"not_picked":["Warcry","Iron Wave"],"picked":"Immolate","floor":5},{"not_picked":["Thunderclap","Second Wind"],"picked":"Anger","floor":7},{"not_picked":["Sword Boomerang","Feel No Pain"],"picked":"Clash","floor":8},{"not_picked":["Cleave","Flex"],"picked":"Infernal Blade","floor":10},{"not_picked":["Bloodletting","Searing Blow"],"picked":"Inflame","floor":11},{"not_picked":["Fire Breathing","Sentinel"],"picked":"Cleave","floor":12},{"not_picked":["Searing Blow","Uppercut"],"picked":"Power Through","floor":14},{"not_picked":["Exhume","Limit Break"],"picked":"Reaper","floor":16},{"not_picked":["Second Wind+1","Bloodletting+1"],"picked":"Cleave","floor":18},{"not_picked":["Heavy Blade","Fire Breathing"],"picked":"Whirlwind+1","floor":20},{"not_picked":["Inflame+1","Reaper"],"picked":"Rampage","floor":23},{"not_picked":["Pommel Strike","Iron Wave+1"],"picked":"Flex","floor":25},{"not_picked":["Clash","Seeing Red"],"picked":"Shrug It Off+1","floor":28},{"not_picked":["Sword Boomerang+1","Fire Breathing"],"picked":"Cleave+1","floor":31},{"not_picked":["Juggernaut","Fiend Fire+1"],"picked":"Double Tap","floor":33},{"not_picked":["Inflame","Clash+1"],"picked":"Headbutt+1","floor":35},{"not_picked":["Entrench+1","Shockwave"],"picked":"Clothesline+1","floor":37},{"not_picked":["Iron Wave+1","Clothesline+1"],"picked":"Wild Strike+1","floor":38},{"not_picked":["Disarm+1","Bloodletting"],"picked":"Carnage+1","floor":41},{"not_picked":["Armaments","Cleave+1"],"picked":"Heavy Blade+1","floor":45},{"not_picked":["Iron Wave+1","Rampage+1"],"picked":"Headbutt+1","floor":47}],"player_experience":146400,"relics_obtained":[{"floor":4,"key":"Du-Vu Doll"},{"floor":9,"key":"MawBank"},{"floor":11,"key":"Odd Mushroom"},{"floor":21,"key":"Necronomicon"},{"floor":23,"key":"PreservedInsect"},{"floor":26,"key":"Bronze Scales"},{"floor":28,"key":"Red Mask"},{"floor":43,"key":"Oddly Smooth Stone"},{"floor":45,"key":"Ancient Tea Set"}],"event_choices":[{"damage_healed":0,"gold_gain":0,"player_choice":"Got Potions","damage_taken":0,"max_hp_gain":0,"max_hp_loss":0,"event_name":"Lab","floor":2,"gold_loss":0},{"damage_healed":0,"gold_gain":0,"player_choice":"Fought Mushrooms","damage_taken":0,"max_hp_gain":0,"max_hp_loss":0,"event_name":"Mushrooms","floor":11,"gold_loss":0},{"damage_healed":0,"gold_gain":0,"player_choice":"Grow","damage_taken":0,"max_hp_gain":0,"max_hp_loss":0,"event_name":"Living Wall","floor":13,"gold_loss":0,"cards_upgraded":["Inflame"]},{"damage_healed":0,"gold_gain":0,"player_choice":"Obtained Relic","damage_taken":0,"relics_obtained":["Ornamental Fan"],"max_hp_gain":0,"max_hp_loss":0,"event_name":"Addict","floor":19,"gold_loss":85},{"damage_healed":0,"gold_gain":0,"player_choice":"Obtained Book","damage_taken":16,"max_hp_gain":0,"max_hp_loss":0,"event_name":"Cursed Tome","floor":21,"gold_loss":0},{"cards_removed":["Forethought"],"damage_healed":0,"gold_gain":0,"player_choice":"Gave Gold","damage_taken":0,"max_hp_gain":0,"max_hp_loss":0,"event_name":"Beggar","floor":22,"gold_loss":75},{"damage_healed":0,"gold_gain":0,"player_choice":"Fought Bandits","damage_taken":0,"max_hp_gain":0,"max_hp_loss":0,"event_name":"Masked Bandits","floor":28,"gold_loss":0},{"damage_healed":0,"gold_gain":0,"player_choice":"Joined the Cult","damage_taken":6,"max_hp_gain":0,"max_hp_loss":0,"event_name":"Nest","floor":30,"gold_loss":0,"cards_obtained":["RitualDagger"]},{"damage_healed":0,"gold_gain":999,"player_choice":"Gold","damage_taken":0,"max_hp_gain":0,"max_hp_loss":0,"event_name":"MindBloom","floor":36,"gold_loss":0,"cards_obtained":["Normality","Normality"]},{"damage_healed":0,"gold_gain":0,"player_choice":"Ignored","damage_taken":0,"max_hp_gain":0,"max_hp_loss":0,"event_name":"Mysterious Sphere","floor":39,"gold_loss":0},{"damage_healed":0,"gold_gain":222,"player_choice":"Wore Mask","damage_taken":0,"max_hp_gain":0,"max_hp_loss":0,"event_name":"Tomb of Lord Red Mask","floor":46,"gold_loss":0}],"is_beta":false,"boss_relics":[{"not_picked":["Runic Cube","Black Star"],"picked":"Mark of Pain"},{"not_picked":["Empty Cage","Velvet Choker"],"picked":"Lizard Tail"}],"items_purged_floors":[48],"is_endless":false,"potions_floor_spawned":[8,10,11,14,23,31,33,35,41],"ascension_level":0}