{"gold_per_floor":[15,15,15,29,29,29,40,40,64,64,41,70,80,97,97,199,199,215,215,215,39,39,39,39,39,39,56,84,84,84,183,183,283,283,297,315,315,34,34,34,59,59,59,69,69,88,88,88,88,88],"floor_reached":50,"playtime":3853,"items_purged":["Writhe"],"score":773,"play_id":"d8486cc9-c8bb-46a7-8464-6c90432eb7ce","local_time":"20181001011811","is_ascension_mode":true,"campfire_choices":[{"data":"Neutralize","floor":6,"key":"SMITH"},{"data":"Survivor","floor":8,"key":"SMITH"},{"data":"Deflect","floor":10,"key":"SMITH"},{"floor":15,"key":"REST"},{"data":"Envenom","floor":23,"key":"SMITH"},{"data":"Venomology","floor":25,"key":"SMITH"},{"floor":32,"key":"REST"},{"floor":40,"key":"REST"},{"floor":42,"key":"REST"},{"floor":45,"key":"REST"},{"floor":47,"key":"REST"},{"floor":49,"key":"REST"}],"neow_cost":"NO_GOLD","seed_source_timestamp":342971235751302,"circlet_count":0,"master_deck":["Defend_G+1","Defend_G+1","Defend_G+1","Defend_G+1","Defend_G+1","Strike_G+1","Strike_G+1","Strike_G+1","Strike_G+1","Survivor+1","Neutralize+1","AscendersBane","Well Laid Plans","Deflect+1","Terror","Flying Knee","Caltrops","Backflip","Predator","Venomology+1","Slice+1","Envenom+1","Poisoned Stab","Outmaneuver+1","Backstab","Necronomicurse","Corpse Explosion","Quick Slash+1","PiercingWail","Madness","Madness","Flechettes","Blade Dance","Regret","Setup+1","Pain"],"relics":["Ring of the Snake","Happy Flower","Juzu Bracelet","Cursed Key","Paper Crane","Torii","Necronomicon","MutagenicStrength","Velvet Choker","Toy Ornithopter","Pen Nib","Dodecahedron","Gremlin Horn"],"potions_floor_usage":[12,16,16,18,27,28,33,33,41,41,41,44,44,50,50,50,50],"damage_taken":[{"damage":8,"enemies":"2 Louse","floor":1,"turns":5},{"damage":4,"enemies":"Jaw Worm","floor":4,"turns":5},{"damage":2,"enemies":"Cultist","floor":7,"turns":4},{"damage":14,"enemies":"Lagavulin","floor":12,"turns":7},{"damage":1,"enemies":"Blue Slaver","floor":13,"turns":4},{"damage":14,"enemies":"Exordium Wildlife","floor":14,"turns":5},{"damage":13,"enemies":"Hexaghost","floor":16,"turns":9},{"damage":17,"enemies":"Shell Parasite","floor":18,"turns":5},{"damage":12,"enemies":"2 Thieves","floor":27,"turns":3},{"damage":14,"enemies":"Book of Stabbing","floor":28,"turns":5},{"damage":55,"enemies":"Automaton","floor":33,"turns":10},{"damage":15,"enemies":"Flame Bruiser 1 Orb","floor":35,"turns":6},{"damage":0,"enemies":"Orb Walker","floor":36,"turns":3},{"damage":70,"enemies":"Giant Head","floor":41,"turns":8},{"damage":8,"enemies":"4 Shapes","floor":44,"turns":5},{"damage":46,"enemies":"Spire Growth","floor":46,"turns":6},{"damage":102,"enemies":"Time Eater","floor":50,"turns":7}],"seed_played":"1985662522675282752","potions_obtained":[{"floor":1,"key":"Weak Potion"},{"floor":12,"key":"LiquidBronze"},{"floor":13,"key":"Regen Potion"},{"floor":14,"key":"Poison Potion"},{"floor":33,"key":"Explosive Potion"},{"floor":44,"key":"Energy Potion"},{"floor":46,"key":"Poison Potion"}],"is_trial":false,"path_per_floor":["M","$","?","M","?","R","M","R","T","R","$","E","M","M","R","B",null,"M","?","?","$","?","R","$","R","T","M","E","?","?","?","R","B",null,"M","M","?","$","?","R","E","R","T","M","R","M","R","T","R"],"character_chosen":"THE_SILENT","items_purchased":["Flying Knee","Envenom","Poisoned Stab","Toy Ornithopter"],"campfire_rested":7,"item_purchase_floors":[11,21,21,38],"current_hp_per_floor":[69,69,69,65,65,65,63,63,63,63,63,49,48,34,59,60,78,61,45,45,45,74,74,74,74,74,62,48,32,32,32,58,3,68,53,53,42,42,42,68,13,39,39,41,67,21,47,47,73,0],"gold":88,"neow_bonus":"TWENTY_PERCENT_HP_BONUS","is_prod":false,"is_daily":false,"chose_seed":false,"campfire_upgraded":5,"win_rate":0,"timestamp":1538371091,"path_taken":["M","$","?","?","?","R","M","R","T","R","$","E","M","M","R","BOSS","M","?","?","$","?","R","$","R","T","M","E","?","?","?","R","BOSS","M","M","?","$","?","R","E","R","T","M","R","M","R","?","R","BOSS"],"build_version":"2018-08-23v2","purchased_purges":1,"victory":false,"max_hp_per_floor":[84,84,84,84,84,84,84,84,84,84,84,84,84,84,84,84,84,84,89,89,89,89,89,89,89,89,89,89,89,89,89,89,89,89,89,89,89,89,89,89,89,89,89,89,89,89,89,89,89,89],"card_choices":[{"not_picked":["Acrobatics","Expertise"],"picked":"Well Laid Plans","floor":1},{"not_picked":["Setup","Prepared"],"picked":"Deflect","floor":4},{"not_picked":["Flying Knee","Deadly Poison"],"picked":"Terror","floor":7},{"not_picked":["Blade Dance","Backflip"],"picked":"Caltrops","floor":12},{"not_picked":["Dodge and Roll","Acrobatics"],"picked":"Backflip","floor":13},{"not_picked":["Endless Agony","Infinite Blades"],"picked":"Predator","floor":14},{"not_picked":["A Thousand Cuts","Storm of Steel"],"picked":"Venomology","floor":16},{"not_picked":["Outmaneuver","PiercingWail+1"],"picked":"Slice+1","floor":18},{"not_picked":["Dagger Throw","Underhanded Strike"],"picked":"Outmaneuver+1","floor":27},{"not_picked":["Dodge and Roll","Endless Agony"],"picked":"Backstab","floor":28},{"not_picked":["Tools of the Trade","Venomology"],"picked":"Corpse Explosion","floor":33},{"not_picked":["Well Laid Plans","Eviscerate+1"],"picked":"Quick Slash+1","floor":35},{"not_picked":["Slice+1","Accuracy"],"picked":"PiercingWail","floor":36},{"not_picked":["Slice","Eviscerate"],"picked":"Blade Dance","floor":41},{"not_picked":["Terror","Reflex+1","Backflip"],"picked":"SKIP","floor":44},{"not_picked":["Expertise","PiercingWail"],"picked":"Setup+1","floor":46}],"player_experience":1792104,"relics_obtained":[{"floor":9,"key":"Happy Flower"},{"floor":12,"key":"Juzu Bracelet"},{"floor":26,"key":"Paper Crane"},{"floor":28,"key":"Torii"},{"floor":29,"key":"Necronomicon"},{"floor":41,"key":"Pen Nib"},{"floor":43,"key":"Dodecahedron"},{"floor":48,"key":"Gremlin Horn"}],"event_choices":[{"event_name":"Liars Game","player_choice":"disagreed","floor":3,"damage_taken":0},{"event_name":"The Cleric","player_choice":"Leave","floor":5,"damage_taken":0},{"event_name":"Forgotten Altar","player_choice":"Shed Blood","floor":19,"damage_taken":0},{"event_name":"Back to Basics","player_choice":"Simplicity","floor":20,"damage_taken":0},{"event_name":"The Library","player_choice":"Heal","floor":22,"damage_taken":0},{"event_name":"Cursed Tome","player_choice":"Obtained Book","floor":29,"damage_taken":0},{"event_name":"Drug Dealer","player_choice":"Inject Mutagens","floor":30,"damage_taken":0},{"event_name":"Nest","player_choice":"Stole From Cult","floor":31,"damage_taken":0},{"event_name":"Winding Halls","player_choice":"Embrace Madness","floor":37,"damage_taken":0},{"event_name":"Transmorgrifier","player_choice":"Transform","floor":39,"damage_taken":0}],"is_beta":false,"boss_relics":[{"not_picked":["Coffee Dripper","Fusion Hammer"],"picked":"Cursed Key"},{"not_picked":["Pandora\u0027s Box","Orrery"],"picked":"Velvet Choker"}],"items_purged_floors":[38],"is_endless":false,"potions_floor_spawned":[1,12,13,14,33,36,44,46],"killed_by":"Time Eater","ascension_level":10}