{"gold_per_floor":[118,132,151,170,187,219,219,233,233,243,257,257,269,286,286,384,384,399,419,419,434,445,445,4,4,4,4,4,19,33,43,43,147,147,159,38,48,14,30,30,49,49,49,64,64,75,75,92,92,92],"floor_reached":50,"playtime":13804,"items_purged":["Strike_R"],"score":483,"play_id":"b6bbe31e-6f59-4c94-8b7c-4f387185eebe","local_time":"20181231200334","is_ascension_mode":false,"campfire_choices":[{"floor":7.0,"key":"REST"},{"data":"Bludgeon","floor":12.0,"key":"SMITH"},{"floor":15.0,"key":"RECALL"},{"data":"Armaments","floor":23,"key":"SMITH"},{"data":"Pommel Strike","floor":25,"key":"SMITH"},{"floor":28,"key":"REST"},{"data":"Offering","floor":32,"key":"SMITH"},{"data":"Bloodletting","floor":40,"key":"SMITH"},{"data":"Bloodletting","floor":42,"key":"SMITH"},{"data":"Immolate","floor":45,"key":"SMITH"},{"data":"Flame Barrier","floor":47,"key":"SMITH"},{"floor":49,"key":"REST"}],"neow_cost":"NONE","seed_source_timestamp":1297216118158916,"circlet_count":0,"master_deck":["Strike_R","Strike_R","Strike_R","Strike_R","Defend_R","Defend_R","Defend_R","Bash","Forethought","Shrug It Off","Iron Wave","Armaments+1","Offering+1","Wild Strike","Thunderclap","Bloodletting+1","Bludgeon+1","Iron Wave","Metallicize","Headbutt","Fiend Fire","Pommel Strike+1","Shrug It Off","Necronomicurse","Exhume","Bloodletting+1","Metallicize","Uppercut","Immolate+1","Inflame","Impatience","Feel No Pain","Battle Trance","Spot Weakness+1","Pommel Strike+1","Headbutt","Flame Barrier+1","Combust"],"special_seed":0,"relics":["Burning Blood","Mummified Hand","Sozu","Necronomicon","Incense Burner","Meat on the Bone","Mark of Pain","PreservedInsect"],"potions_floor_usage":[41,48],"damage_taken":[{"damage":2.0,"enemies":"2 Louse","floor":1.0,"turns":4.0},{"damage":0.0,"enemies":"Small Slimes","floor":2.0,"turns":3.0},{"damage":0.0,"enemies":"Cultist","floor":3.0,"turns":4.0},{"damage":4.0,"enemies":"Blue Slaver","floor":4.0,"turns":4.0},{"damage":7.0,"enemies":"Looter","floor":5.0,"turns":4.0},{"damage":53.0,"enemies":"Lagavulin","floor":6.0,"turns":12.0},{"damage":6.0,"enemies":"Lots of Slimes","floor":8.0,"turns":2.0},{"damage":6.0,"enemies":"Blue Slaver","floor":10.0,"turns":3.0},{"damage":0.0,"enemies":"Looter","floor":11.0,"turns":2.0},{"damage":7.0,"enemies":"Large Slime","floor":13.0,"turns":3.0},{"damage":8.0,"enemies":"Exordium Thugs","floor":14.0,"turns":4.0},{"damage":24.0,"enemies":"Slime Boss","floor":16.0,"turns":6.0},{"damage":8,"enemies":"3 Byrds","floor":18,"turns":5},{"damage":0,"enemies":"Spheric Guardian","floor":19,"turns":2},{"damage":6,"enemies":"Centurion and Healer","floor":21,"turns":3},{"damage":12,"enemies":"Chosen and Byrds","floor":22,"turns":3},{"damage":23,"enemies":"3 Cultists","floor":29,"turns":4},{"damage":1,"enemies":"Sentry and Sphere","floor":30,"turns":2},{"damage":17,"enemies":"Snecko","floor":31,"turns":4},{"damage":30,"enemies":"Champ","floor":33,"turns":7},{"damage":10,"enemies":"Orb Walker","floor":35,"turns":3},{"damage":6,"enemies":"3 Darklings","floor":37,"turns":3},{"damage":28,"enemies":"Spire Growth","floor":39,"turns":4},{"damage":28,"enemies":"Maw","floor":41,"turns":5},{"damage":22,"enemies":"3 Darklings","floor":44,"turns":3},{"damage":2,"enemies":"4 Shapes","floor":46,"turns":3},{"damage":23,"enemies":"Writhing Mass","floor":48,"turns":4},{"damage":83,"enemies":"Time Eater","floor":50,"turns":8}],"seed_played":"-2563845439651217956","potions_obtained":[{"floor":1.0,"key":"Explosive Potion"},{"floor":8.0,"key":"Regen Potion"},{"floor":11.0,"key":"Regen Potion"},{"floor":14.0,"key":"SkillPotion"}],"is_trial":false,"path_per_floor":["M","M","M","M","M","E","R","M","T","M","M","R","M","M","R","B",null,"M","M","?","M","M","R","$","R","T","?","R","M","M","M","R","B",null,"M","$","M","$","M","R","M","R","T","M","R","M","R","M","R","B"],"character_chosen":"IRONCLAD","items_purchased":["Incense Burner","Metallicize","Inflame","Impatience","Battle Trance"],"campfire_rested":3,"item_purchase_floors":[24,24,36,36,38],"current_hp_per_floor":[80,80,80,80,79,32,56,56,56,56,62,62,61,59,59,41,80,78,80,64,64,58,58,58,58,58,58,80,63,68,57,57,45,80,76,76,76,76,54,54,58,58,58,54,54,58,58,58,80,0],"gold":92,"neow_bonus":"RANDOM_COLORLESS","is_prod":false,"is_daily":false,"chose_seed":false,"campfire_upgraded":8,"win_rate":0,"timestamp":1546304614,"path_taken":["M","M","M","M","M","E","R","M","T","M","M","R","M","M","R","BOSS","M","M","?","M","M","R","$","R","T","?","R","M","M","M","R","BOSS","M","$","M","$","M","R","M","R","T","M","R","M","R","M","R","BOSS"],"build_version":"2018-12-20","purchased_purges":1,"victory":false,"max_hp_per_floor":[80,80,80,80,80,80,80,80,80,80,80,80,80,80,80,80,80,80,80,80,80,80,80,80,80,80,80,80,80,80,80,80,80,80,80,80,80,80,80,80,80,80,80,80,80,80,80,80,80,80],"card_choices":[{"not_picked":["Iron Wave","Havoc"],"picked":"Shrug It Off","floor":1.0},{"not_picked":["Anger","Clash"],"picked":"Iron Wave","floor":2.0},{"not_picked":["Hemokinesis","Wild Strike"],"picked":"Armaments","floor":3.0},{"not_picked":["Pummel","Cleave"],"picked":"Offering","floor":4.0},{"not_picked":["Sword Boomerang","Shrug It Off"],"picked":"Wild Strike","floor":5.0},{"not_picked":["Shrug It Off","Iron Wave"],"picked":"Thunderclap","floor":6.0},{"not_picked":["Twin Strike","Rage"],"picked":"Bloodletting","floor":8.0},{"not_picked":["Rupture","Body Slam"],"picked":"Bludgeon","floor":10.0},{"not_picked":["Wild Strike","Dual Wield"],"picked":"Iron Wave","floor":11.0},{"not_picked":["Sentinel","Shrug It Off"],"picked":"Metallicize","floor":13.0},{"not_picked":["Flex","Entrench"],"picked":"Headbutt","floor":14.0},{"not_picked":["Impervious","Dark Embrace"],"picked":"Fiend Fire","floor":16.0},{"not_picked":["Cleave","Feel No Pain"],"picked":"Pommel Strike","floor":18},{"not_picked":["Anger","Heavy Blade"],"picked":"Shrug It Off","floor":19},{"not_picked":["Perfected Strike","Heavy Blade"],"picked":"Exhume","floor":21},{"not_picked":["Flex","Uppercut"],"picked":"Bloodletting","floor":22},{"not_picked":["Perfected Strike","Heavy Blade","Reckless Charge"],"picked":"SKIP","floor":29},{"not_picked":["Dropkick+1","Warcry"],"picked":"Uppercut","floor":30},{"not_picked":["Sword Boomerang","Infernal Blade","Iron Wave"],"picked":"SKIP","floor":31},{"not_picked":["Double Tap","Berserk"],"picked":"Immolate","floor":33},{"not_picked":["Cleave","Wild Strike+1","Flex"],"picked":"SKIP","floor":35},{"not_picked":["Clothesline+1","Armaments"],"picked":"Feel No Pain","floor":37},{"not_picked":["Flex","Heavy Blade+1"],"picked":"Spot Weakness+1","floor":39},{"not_picked":["Rage","Iron Wave+1"],"picked":"Pommel Strike+1","floor":41},{"not_picked":["Havoc+1","Wild Strike+1"],"picked":"Headbutt","floor":44},{"not_picked":["Dropkick+1","Seeing Red+1"],"picked":"Flame Barrier","floor":46},{"not_picked":["Pummel","True Grit+1"],"picked":"Combust","floor":48}],"player_experience":2139830,"relics_obtained":[{"floor":6.0,"key":"Mummified Hand"},{"floor":20,"key":"Necronomicon"},{"floor":26,"key":"Meat on the Bone"},{"floor":43,"key":"PreservedInsect"}],"event_choices":[{"damage_healed":0,"gold_gain":0,"player_choice":"Obtained Book","damage_taken":16,"max_hp_gain":0,"max_hp_loss":0,"event_name":"Cursed Tome","floor":20,"gold_loss":0},{"cards_removed":["Defend_R"],"damage_healed":0,"gold_gain":0,"player_choice":"Offered Basic","damage_taken":0,"max_hp_gain":0,"max_hp_loss":0,"event_name":"Bonfire Elementals","floor":27,"gold_loss":0}],"is_beta":false,"boss_relics":[{"not_picked":["Philosopher\u0027s Stone","Runic Pyramid"],"picked":"Sozu"},{"not_picked":["Coffee Dripper","Orrery"],"picked":"Mark of Pain"}],"items_purged_floors":[24],"is_endless":false,"potions_floor_spawned":[1,8,11,14,18,19,22,33,35,37],"killed_by":"Time Eater","ascension_level":0}