{"gold_per_floor":[113,129,129,145,160,193,204,204,204,204,217,228,239,239,239,334,334,350,370,370,385,21,47,0,0,24,24,24,44,44,60,60,60],"floor_reached":33,"playtime":1421,"items_purged":[],"score":323,"play_id":"d3ab51fc-bf89-46c0-a308-df56ff9a1de7","local_time":"20190914112259","is_ascension_mode":true,"campfire_choices":[{"floor":10,"key":"RECALL"},{"data":"Double Tap","floor":15,"key":"SMITH"},{"floor":27,"key":"REST"},{"floor":30,"key":"REST"},{"floor":32,"key":"REST"}],"neow_cost":"NONE","seed_source_timestamp":238071750345559,"circlet_count":0,"master_deck":["Strike_R","Strike_R","Strike_R","Strike_R","Strike_R","Defend_R","Defend_R","Defend_R","Defend_R","Bash","Carnage","Thunderclap","Bash","Feed","Armaments","Flex","Heavy Blade","Pommel Strike","Double Tap+1","Perfected Strike+1","Shrug It Off","Double Tap","Anger","Power Through","Writhe","Flex","Rampage","Searing Blow","J.A.X.","Perfected Strike","Shrug It Off+1","Iron Wave","Sentinel","Armaments"],"relics":["Burning Blood","Dream Catcher","Unceasing Top","Question Card","Busted Crown","White Beast Statue","Pear","HornCleat","PreservedInsect"],"potions_floor_usage":[5,6,6,12,12,13,19,21,21,22,23,29,31,33],"damage_taken":[{"damage":11,"enemies":"Small Slimes","floor":1,"turns":5},{"damage":1,"enemies":"Cultist","floor":2,"turns":3},{"damage":0,"enemies":"2 Louse","floor":4,"turns":2},{"damage":15,"enemies":"Exordium Wildlife","floor":5,"turns":2},{"damage":9,"enemies":"3 Sentries","floor":6,"turns":8},{"damage":12,"enemies":"Large Slime","floor":7,"turns":7},{"damage":9,"enemies":"Blue Slaver","floor":11,"turns":5},{"damage":1,"enemies":"Lots of Slimes","floor":12,"turns":2},{"damage":0,"enemies":"Large Slime","floor":13,"turns":5},{"damage":64,"enemies":"The Guardian","floor":16,"turns":9},{"damage":23,"enemies":"Spheric Guardian","floor":18,"turns":4},{"damage":12,"enemies":"Chosen","floor":19,"turns":3},{"damage":29,"enemies":"Centurion and Healer","floor":21,"turns":4},{"damage":87,"enemies":"Gremlin Leader","floor":23,"turns":8},{"damage":36,"enemies":"Snake Plant","floor":29,"turns":3},{"damage":0,"enemies":"Snecko","floor":31,"turns":4},{"damage":96,"enemies":"Champ","floor":33,"turns":11}],"seed_played":"-2099420632484161594","potions_obtained":[{"floor":1,"key":"DuplicationPotion"},{"floor":2,"key":"EssenceOfSteel"},{"floor":4,"key":"SkillPotion"},{"floor":8,"key":"Block Potion"},{"floor":8,"key":"Explosive Potion"},{"floor":8,"key":"LiquidBronze"},{"floor":13,"key":"Swift Potion"},{"floor":18,"key":"LiquidBronze"},{"floor":19,"key":"Swift Potion"},{"floor":21,"key":"Explosive Potion"},{"floor":23,"key":"Poison Potion"},{"floor":29,"key":"PowerPotion"},{"floor":31,"key":"Ancient Potion"}],"is_trial":false,"path_per_floor":["M","M","?","M","M","E","M","?","T","R","M","M","M","?","R","B",null,"M","M","?","M","$","E","?","?","T","R","?","M","R","M","R","B"],"character_chosen":"IRONCLAD","items_purchased":["BloodPotion","Pear","Rampage"],"campfire_rested":3,"item_purchase_floors":[22,22,22],"current_hp_per_floor":[75,80,80,80,74,74,71,71,71,71,68,73,83,83,83,28,96,79,73,73,53,90,9,9,9,9,41,41,11,43,49,81,0],"gold":60,"neow_bonus":"RANDOM_COMMON_RELIC","is_prod":false,"is_daily":false,"chose_seed":false,"campfire_upgraded":1,"win_rate":0,"timestamp":1568470979,"path_taken":["M","M","?","M","?","E","M","?","T","R","?","M","M","?","R","BOSS","M","M","?","M","$","E","?","?","T","R","?","M","R","?","R","BOSS"],"build_version":"2019-09-12","purchased_purges":0,"victory":false,"max_hp_per_floor":[80,80,80,80,83,86,89,89,89,89,89,89,93,93,93,96,96,96,96,96,99,109,109,109,109,109,109,109,109,109,109,109,109],"card_choices":[{"not_picked":["Dropkick","Reckless Charge"],"picked":"Carnage","floor":1},{"not_picked":["Evolve","Whirlwind"],"picked":"Thunderclap","floor":2},{"not_picked":["Evolve","Combust"],"picked":"Armaments","floor":4},{"not_picked":["Sever Soul","Body Slam"],"picked":"Flex","floor":5},{"not_picked":["Battle Trance","Headbutt"],"picked":"Heavy Blade","floor":6},{"not_picked":["Havoc","Thunderclap"],"picked":"Pommel Strike","floor":7},{"not_picked":["Evolve","Dropkick","Clash"],"picked":"Double Tap","floor":11},{"not_picked":["Pommel Strike","Feel No Pain","Armaments"],"picked":"Perfected Strike","floor":12},{"not_picked":["Twin Strike","Dropkick","Clash"],"picked":"Shrug It Off","floor":13},{"not_picked":["Juggernaut","Exhume","Dark Embrace"],"picked":"Double Tap","floor":16},{"not_picked":["Shockwave"],"picked":"Anger","floor":18},{"not_picked":["Rampage"],"picked":"Power Through","floor":19},{"not_picked":["Evolve"],"picked":"Flex","floor":21},{"not_picked":["Thunderclap"],"picked":"Searing Blow","floor":23},{"not_picked":["Exhume"],"picked":"Perfected Strike","floor":27},{"not_picked":["Sword Boomerang"],"picked":"Shrug It Off+1","floor":29},{"not_picked":["Body Slam"],"picked":"Iron Wave","floor":30},{"not_picked":["Dual Wield"],"picked":"Sentinel","floor":31},{"not_picked":["Dropkick"],"picked":"Armaments","floor":32}],"player_experience":420285,"relics_obtained":[{"floor":6,"key":"Unceasing Top"},{"floor":9,"key":"Question Card"},{"floor":23,"key":"HornCleat"},{"floor":26,"key":"PreservedInsect"}],"event_choices":[{"damage_healed":0,"gold_gain":0,"player_choice":"2 cards matched","damage_taken":0,"max_hp_gain":0,"max_hp_loss":0,"event_name":"Match and Keep!","floor":3,"gold_loss":0,"cards_obtained":["Bash","Feed"]},{"damage_healed":0,"gold_gain":0,"player_choice":"Got Potions","damage_taken":0,"max_hp_gain":0,"max_hp_loss":0,"event_name":"Lab","floor":8,"gold_loss":0},{"damage_healed":0,"gold_gain":0,"player_choice":"Grow","damage_taken":0,"max_hp_gain":0,"max_hp_loss":0,"event_name":"Living Wall","floor":14,"gold_loss":0,"cards_upgraded":["Perfected Strike"]},{"damage_healed":0,"gold_gain":0,"player_choice":"Opened","damage_taken":0,"relics_obtained":["White Beast Statue"],"max_hp_gain":0,"max_hp_loss":0,"event_name":"The Mausoleum","floor":20,"gold_loss":0,"cards_obtained":["Writhe"]},{"damage_healed":0,"gold_gain":0,"player_choice":"Paid Fearfully","damage_taken":0,"max_hp_gain":0,"max_hp_loss":0,"event_name":"Masked Bandits","floor":24,"gold_loss":47},{"damage_healed":0,"gold_gain":0,"player_choice":"Obtain J.A.X.","damage_taken":0,"max_hp_gain":0,"max_hp_loss":0,"event_name":"Drug Dealer","floor":25,"gold_loss":0,"cards_obtained":["J.A.X."]},{"damage_healed":0,"gold_gain":0,"player_choice":"Ignored","damage_taken":0,"max_hp_gain":0,"max_hp_loss":0,"event_name":"Vampires","floor":28,"gold_loss":0}],"is_beta":true,"boss_relics":[{"not_picked":["Empty Cage","Runic Cube"],"picked":"Busted Crown"}],"items_purged_floors":[],"is_endless":false,"potions_floor_spawned":[1,2,4,11,13,18,19,21,23,29,31],"killed_by":"Champ","ascension_level":2}