{"gold_per_floor":[109,109,124,124,143,143,318,15,15,35,0,19,19,43,43,168,168,137,6,6,6,27,27],"floor_reached":23,"playtime":964,"items_purged":["Doubt"],"score":224,"play_id":"fdce64da-61b0-4c20-882c-9a4a8da4da47","local_time":"20190802171002","is_ascension_mode":true,"campfire_choices":[{"data":"Heavy Blade","floor":6,"key":"SMITH"},{"floor":15,"key":"REST"}],"neow_cost":"NONE","seed_source_timestamp":316557748433666,"circlet_count":0,"master_deck":["Strike_R","Strike_R","Strike_R","Strike_R+1","Strike_R","Defend_R","Defend_R","Defend_R","Defend_R","Bash+1","Pommel Strike","Searing Blow","Injury","Heavy Blade+1","Feed","Fire Breathing","Searing Blow","Thunderclap","Heavy Blade","Reaper","Clothesline+1","Shrug It Off","Headbutt","Intimidate","Perfected Strike"],"relics":["Burning Blood","Golden Idol","Darkstone Periapt","Runic Pyramid"],"potions_floor_usage":[16,22,23],"damage_taken":[{"damage":6,"enemies":"Jaw Worm","floor":1,"turns":5},{"damage":0,"enemies":"Small Slimes","floor":3,"turns":3},{"damage":10,"enemies":"2 Louse","floor":5,"turns":2},{"damage":21,"enemies":"2 Fungi Beasts","floor":10,"turns":4},{"damage":31,"enemies":"Large Slime","floor":12,"turns":5},{"damage":15,"enemies":"Gremlin Gang","floor":14,"turns":4},{"damage":47,"enemies":"Slime Boss","floor":16,"turns":10},{"damage":57,"enemies":"2 Thieves","floor":18,"turns":5},{"damage":22,"enemies":"Chosen","floor":22,"turns":7},{"damage":94,"enemies":"Slavers","floor":23,"turns":5}],"seed_played":"-3031514293305158141","potions_obtained":[{"floor":1,"key":"AttackPotion"},{"floor":18,"key":"Block Potion"},{"floor":22,"key":"Energy Potion"}],"is_trial":false,"path_per_floor":["M","?","M","?","M","R","?","$","T","M","?","M","$","M","R","B",null,"M","$","?","?","M","E"],"character_chosen":"IRONCLAD","items_purchased":["Feed","Fire Breathing","Shrug It Off","Headbutt","Intimidate"],"campfire_rested":1,"item_purchase_floors":[8,8,19,19,19],"current_hp_per_floor":[88,70,76,76,72,72,72,72,72,57,79,54,54,48,75,34,91,51,51,51,82,69,0],"gold":27,"neow_bonus":"TEN_PERCENT_HP_BONUS","is_prod":false,"is_daily":false,"chose_seed":false,"campfire_upgraded":1,"win_rate":0,"timestamp":1564776602,"path_taken":["M","?","M","?","M","R","?","$","T","M","?","M","$","M","R","BOSS","M","$","?","?","M","E"],"build_version":"2019-07-17","purchased_purges":1,"victory":false,"max_hp_per_floor":[88,88,88,88,88,88,88,88,88,88,88,88,88,91,91,91,91,94,94,94,94,97,97],"card_choices":[{"not_picked":["Seeing Red","Body Slam"],"picked":"Pommel Strike","floor":1},{"not_picked":["Rupture","Sword Boomerang"],"picked":"Searing Blow","floor":3},{"not_picked":["Shrug It Off","Twin Strike"],"picked":"Heavy Blade","floor":5},{"not_picked":["Brutality","Havoc"],"picked":"Searing Blow","floor":10},{"not_picked":["Intimidate","Clothesline"],"picked":"Thunderclap","floor":12},{"not_picked":["Perfected Strike","Bloodletting"],"picked":"Heavy Blade","floor":14},{"not_picked":["Feed","Offering"],"picked":"Reaper","floor":16},{"not_picked":["Body Slam","Headbutt"],"picked":"Clothesline+1","floor":18},{"not_picked":["Shockwave","Metallicize"],"picked":"Perfected Strike","floor":22}],"player_experience":268186,"relics_obtained":[{"floor":9,"key":"Darkstone Periapt"}],"event_choices":[{"damage_healed":0,"gold_gain":0,"player_choice":"Entered Light","damage_taken":18,"max_hp_gain":0,"max_hp_loss":0,"event_name":"Shining Light","floor":2,"gold_loss":0,"cards_upgraded":["Strike_R","Bash"]},{"damage_healed":0,"gold_gain":0,"player_choice":"Take Wound","damage_taken":0,"relics_obtained":["Golden Idol"],"max_hp_gain":0,"max_hp_loss":0,"event_name":"Golden Idol","floor":4,"gold_loss":0,"cards_obtained":["Injury"]},{"damage_healed":0,"gold_gain":175,"player_choice":"AGREE","damage_taken":0,"max_hp_gain":0,"max_hp_loss":0,"event_name":"Liars Game","floor":7,"gold_loss":0,"cards_obtained":["Doubt"]},{"damage_healed":22,"gold_gain":0,"player_choice":"Healed","damage_taken":0,"max_hp_gain":0,"max_hp_loss":0,"event_name":"The Cleric","floor":11,"gold_loss":35},{"damage_healed":0,"gold_gain":0,"player_choice":"Ignored","damage_taken":0,"max_hp_gain":0,"max_hp_loss":0,"event_name":"Ghosts","floor":20,"gold_loss":0},{"damage_healed":31,"gold_gain":0,"player_choice":"Heal","damage_taken":0,"max_hp_gain":0,"max_hp_loss":0,"event_name":"The Library","floor":21,"gold_loss":0}],"is_beta":false,"boss_relics":[{"not_picked":["Cursed Key","Velvet Choker"],"picked":"Runic Pyramid"}],"items_purged_floors":[8],"is_endless":false,"potions_floor_spawned":[1,12,18,22],"killed_by":"Slavers","ascension_level":2}