{"gold_per_floor":[17,29,40,40,56,90,90,118,118,118,135,149,178,194,194,271,271,284,284,284,302,313,313,313,43,43,53,82,82,114,164,164,164],"floor_reached":33,"playtime":3758,"items_purged":["Strike_P"],"score":694,"play_id":"562f167a-485e-41db-8c0c-f7f0e457387f","local_time":"20190928200920","is_ascension_mode":true,"campfire_choices":[{"floor":7.0,"key":"REST"},{"data":"Eruption","floor":10.0,"key":"SMITH"},{"floor":15,"key":"REST"},{"floor":23,"key":"REST"},{"data":"Meditate","floor":32,"key":"SMITH"}],"neow_cost":"NO_GOLD","seed_source_timestamp":0,"circlet_count":0,"master_deck":["AscendersBane","Strike_P+1","Strike_P","Defend_P","Defend_P","Defend_P","Eruption+1","Vigilance+1","FearNoEvil","CutThroughFate+1","Wallop","FollowUp+1","CrushJoints","LessonLearned","ThirdEye","EmptyBody","SashWhip","Judgement","FlowState","Necronomicurse","SpiritShield","SpiritShield","Sanctity","Meditate+1","EmptyFist","Vault+1"],"special_seed":0,"relics":["PureWater","Juzu Bracelet","White Beast Statue","Question Card","Odd Mushroom","Snecko Eye","Necronomicon","Bag of Preparation","Bottled Flame","Eternal Feather","Molten Egg 2"],"potions_floor_usage":[21,27,33,33],"damage_taken":[{"damage":0.0,"enemies":"Jaw Worm","floor":1.0,"turns":3.0},{"damage":5.0,"enemies":"2 Louse","floor":2.0,"turns":3.0},{"damage":2.0,"enemies":"Small Slimes","floor":3.0,"turns":2.0},{"damage":34.0,"enemies":"Exordium Thugs","floor":5.0,"turns":7.0},{"damage":12.0,"enemies":"Lagavulin","floor":6.0,"turns":7.0},{"damage":11.0,"enemies":"3 Sentries","floor":8.0,"turns":6.0},{"damage":9.0,"enemies":"Lots of Slimes","floor":11.0,"turns":3.0},{"damage":0.0,"enemies":"Gremlin Gang","floor":12.0,"turns":3.0},{"damage":5,"enemies":"The Mushroom Lair","floor":13,"turns":4},{"damage":0,"enemies":"3 Louse","floor":14,"turns":1},{"damage":27,"enemies":"The Guardian","floor":16,"turns":13},{"damage":0,"enemies":"Spheric Guardian","floor":18,"turns":1},{"damage":0,"enemies":"3 Byrds","floor":21,"turns":3},{"damage":17,"enemies":"Snake Plant","floor":22,"turns":3},{"damage":6,"enemies":"3 Cultists","floor":27,"turns":7},{"damage":0,"enemies":"Book of Stabbing","floor":28,"turns":3},{"damage":0,"enemies":"Gremlin Leader","floor":30,"turns":3},{"damage":52,"enemies":"Champ","floor":33,"turns":11}],"seed_played":"-7361320172745267292","potions_obtained":[{"floor":1.0,"key":"PowerPotion"},{"floor":2.0,"key":"DuplicationPotion"},{"floor":11.0,"key":"Energy Potion"},{"floor":12.0,"key":"FearPotion"},{"floor":13,"key":"LiquidBronze"},{"floor":14,"key":"Fire Potion"},{"floor":16,"key":"Fire Potion"},{"floor":21,"key":"Explosive Potion"},{"floor":27,"key":"Ancient Potion"},{"floor":30,"key":"PowerPotion"}],"is_trial":false,"path_per_floor":["M","M","M","?","M","E","R","E","T","R","M","M","?","M","R","B",null,"M","?","?","M","M","R","?","$","T","M","E","$","E","?","R","B"],"character_chosen":"WATCHER","items_purchased":["Bag of Preparation","Sanctity"],"campfire_rested":3,"item_purchase_floors":[25,25],"current_hp_per_floor":[61,56,54,59,25,13,34,23,23,23,14,14,9,9,30,3,56,56,56,35,35,18,39,39,39,39,33,33,33,33,33,48,0],"gold":164,"neow_bonus":"REMOVE_TWO","is_prod":false,"is_daily":false,"chose_seed":false,"campfire_upgraded":2,"win_rate":0,"timestamp":1569658160,"path_taken":["M","M","M","?","M","E","R","E","T","R","M","M","?","M","R","BOSS","M","?","?","M","M","R","?","$","T","M","E","$","E","?","R","BOSS"],"build_version":"2019-09-27","purchased_purges":1,"victory":false,"max_hp_per_floor":[68,68,68,73,73,73,73,73,73,73,73,73,73,73,73,73,73,73,73,73,73,73,73,73,73,73,73,73,73,73,73,73,73],"card_choices":[{"not_picked":["MasterReality","BowlingBash"],"picked":"FearNoEvil","floor":1.0},{"not_picked":["EmptyMind","FollowUp"],"picked":"CutThroughFate","floor":2.0},{"not_picked":["FollowUp","Weave"],"picked":"Wallop","floor":3.0},{"not_picked":["ClearTheMind","Swivel"],"picked":"FollowUp","floor":5.0},{"not_picked":["ClearTheMind","MentalFortress"],"picked":"CrushJoints","floor":6.0},{"not_picked":["Tantrum","Conclude","FearNoEvil"],"picked":"SKIP","floor":8.0},{"not_picked":["ThirdEye","FollowUp","PathToVictory"],"picked":"LessonLearned","floor":11.0},{"not_picked":["BowlingBash","WheelKick","Consecrate"],"picked":"ThirdEye","floor":12.0},{"not_picked":["Halt","CutThroughFate","Crescendo"],"picked":"EmptyBody","floor":13},{"not_picked":["Indignation","CutThroughFate","Tantrum"],"picked":"SashWhip","floor":14},{"not_picked":["DeusExMachina","DevaForm","Brilliance"],"picked":"Judgement","floor":16},{"not_picked":["FlyingSleeves+1","Crescendo+1","Prostrate"],"picked":"FlowState","floor":18},{"not_picked":["Crescendo+1","Weave","FlyingSleeves","CrushJoints+1"],"picked":"SKIP","floor":21},{"not_picked":["Prostrate","JustLucky","Crescendo"],"picked":"SpiritShield","floor":22},{"not_picked":["FlurryOfBlows","InnerPeace","Devotion"],"picked":"Meditate","floor":27},{"not_picked":["CrushJoints","CarveReality","DeceiveReality"],"picked":"EmptyFist","floor":28},{"not_picked":["EmptyFist","CrushJoints","ThirdEye"],"picked":"Vault","floor":30}],"player_experience":1301475,"relics_obtained":[{"floor":6.0,"key":"Juzu Bracelet"},{"floor":8.0,"key":"White Beast Statue"},{"floor":9.0,"key":"Question Card"},{"floor":13,"key":"Odd Mushroom"},{"floor":20,"key":"Necronomicon"},{"floor":26,"key":"Bottled Flame"},{"floor":28,"key":"Eternal Feather"},{"floor":30,"key":"Molten Egg 2"}],"event_choices":[{"damage_healed":0.0,"max_hp_gain":5.0,"max_hp_loss":0.0,"gold_gain":0.0,"event_name":"Big Fish","player_choice":"Donut","floor":4.0,"gold_loss":0.0,"damage_taken":0.0},{"damage_healed":0,"gold_gain":0,"player_choice":"Fought Mushrooms","damage_taken":0,"max_hp_gain":0,"max_hp_loss":0,"event_name":"Mushrooms","floor":13,"gold_loss":0},{"damage_healed":0,"gold_gain":0,"player_choice":"Ignored","damage_taken":0,"max_hp_gain":0,"max_hp_loss":0,"event_name":"Ghosts","floor":19,"gold_loss":0},{"damage_healed":0,"gold_gain":0,"player_choice":"Obtained Book","damage_taken":21,"max_hp_gain":0,"max_hp_loss":0,"event_name":"Cursed Tome","floor":20,"gold_loss":0},{"damage_healed":0,"gold_gain":0,"player_choice":"Copied","damage_taken":0,"max_hp_gain":0,"max_hp_loss":0,"event_name":"Duplicator","floor":24,"gold_loss":0,"cards_obtained":["SpiritShield"]},{"damage_healed":0,"gold_gain":100,"player_choice":"Bet on Murderer","damage_taken":0,"max_hp_gain":0,"max_hp_loss":0,"event_name":"The Joust","floor":31,"gold_loss":50}],"is_beta":true,"boss_relics":[{"not_picked":["Calling Bell","Black Star"],"picked":"Snecko Eye"}],"items_purged_floors":[25],"is_endless":false,"potions_floor_spawned":[1,2,11,12,13,14,16,18,21,22,27,28,30],"killed_by":"Champ","ascension_level":20}