{"gold_per_floor":[114,114,132,179,254,254,285,285,285,235,10,23,23,43,43,144,144,155,155,169,185,201,201,126,126,204,204,204,234,27,47,47,47],"floor_reached":33,"playtime":3165,"items_purged":[],"score":316,"play_id":"5470db0c-d9dd-4880-b0ef-f2fca6ddc183","local_time":"20180728000346","is_ascension_mode":true,"campfire_choices":[{"data":"Perfected Strike","floor":6,"key":"SMITH"},{"floor":8,"key":"REST"},{"data":"Offering","floor":13,"key":"SMITH"},{"data":"Armaments","floor":15,"key":"SMITH"},{"floor":23,"key":"REST"},{"data":"Demon Form","floor":25,"key":"SMITH"},{"data":"Dark Embrace","floor":28,"key":"SMITH"},{"floor":32,"key":"REST"}],"neow_cost":"NONE","seed_source_timestamp":2095093436334734,"circlet_count":0,"master_deck":["Strike_R","Strike_R","Strike_R","Strike_R+1","Strike_R","Defend_R","Defend_R+1","Bash+1","Rampage","Perfected Strike+1","True Grit","Offering+1","Fiend Fire","Demon Form+1","Armaments+1","Dark Embrace+1","Twin Strike+1","Metallicize","Wild Strike","Evolve","Power Through","Whirlwind","Panacea","Bludgeon"],"relics":["Burning Blood","Oddly Smooth Stone","Ancient Tea Set","Matryoshka","Eternal Feather","Potion Belt","Singing Bowl","Mercury Hourglass"],"potions_floor_usage":[7,18,20,21,29,33],"damage_taken":[{"damage":1,"enemies":"Small Slimes","floor":1,"turns":4},{"damage":7,"enemies":"Jaw Worm","floor":3,"turns":3},{"damage":21,"enemies":"3 Sentries","floor":7,"turns":8},{"damage":0,"enemies":"2 Louse","floor":12,"turns":1},{"damage":9,"enemies":"Lots of Slimes","floor":14,"turns":5},{"damage":43,"enemies":"Hexaghost","floor":16,"turns":8},{"damage":19,"enemies":"Spheric Guardian","floor":18,"turns":4},{"damage":11,"enemies":"3 Byrds","floor":20,"turns":6},{"damage":5,"enemies":"Snecko","floor":21,"turns":3},{"damage":19,"enemies":"Snake Plant","floor":22,"turns":4},{"damage":60,"enemies":"Slavers","floor":29,"turns":7},{"damage":17,"enemies":"Cultist and Chosen","floor":31,"turns":7},{"damage":77,"enemies":"Champ","floor":33,"turns":6}],"seed_played":"3851790473678410501","potions_obtained":[{"floor":1,"key":"SpeedPotion"},{"floor":3,"key":"BloodPotion"},{"floor":12,"key":"Strength Potion"},{"floor":16,"key":"GamblersBrew"},{"floor":20,"key":"SkillPotion"},{"floor":31,"key":"EssenceOfSteel"}],"is_trial":false,"path_per_floor":["M","?","M","T","?","R","E","R","T","?","$","M","R","M","R","B",null,"M","?","M","M","M","R","?","R","T","?","R","E","$","M","R"],"character_chosen":"IRONCLAD","items_purchased":["Offering","Fiend Fire","Power Through","Whirlwind","Panacea"],"campfire_rested":3,"item_purchase_floors":[11,11,30,30,30],"current_hp_per_floor":[80,64,63,63,52,52,45,69,69,69,69,75,75,72,72,35,80,67,52,47,48,35,72,72,81,81,81,85,31,31,20,57,0],"gold":47,"neow_bonus":"UPGRADE_CARD","is_prod":false,"is_daily":false,"chose_seed":false,"campfire_upgraded":5,"win_rate":0,"timestamp":1532750626,"path_taken":["M","?","?","?","?","R","E","R","T","?","$","M","R","M","R","BOSS","M","?","M","M","M","R","?","R","T","?","R","E","$","M","R","BOSS"],"build_version":"2018-07-19v2","purchased_purges":0,"victory":false,"max_hp_per_floor":[80,80,80,80,80,80,80,80,80,80,80,80,80,80,80,80,80,80,85,85,85,85,85,85,85,85,85,85,85,85,85,85,85],"card_choices":[{"not_picked":["Warcry","Battle Trance"],"picked":"Rampage","floor":1},{"not_picked":["Shrug It Off","Reckless Charge"],"picked":"Perfected Strike","floor":3},{"not_picked":["Cleave","Clash"],"picked":"True Grit","floor":7},{"not_picked":["Flex","Armaments"],"picked":"Demon Form","floor":12},{"not_picked":["Headbutt","Intimidate"],"picked":"Armaments","floor":14},{"not_picked":["Offering","Feed"],"picked":"Dark Embrace","floor":16},{"not_picked":["Havoc","Dual Wield"],"picked":"Twin Strike+1","floor":18},{"not_picked":["Sever Soul","Clothesline","Carnage"],"picked":"SKIP","floor":20},{"not_picked":["Cleave","Shrug It Off"],"picked":"Metallicize","floor":21},{"not_picked":["Clash","Sentinel"],"picked":"Wild Strike","floor":22},{"not_picked":["Reckless Charge","Battle Trance"],"picked":"Evolve","floor":29},{"not_picked":["Armaments","Flex"],"picked":"Bludgeon","floor":31}],"player_experience":1369195,"relics_obtained":[{"floor":4,"key":"Oddly Smooth Stone"},{"floor":7,"key":"Ancient Tea Set"},{"floor":9,"key":"Matryoshka"},{"floor":26,"key":"Potion Belt"},{"floor":26,"key":"Singing Bowl"},{"floor":29,"key":"Mercury Hourglass"}],"event_choices":[{"event_name":"Shining Light","player_choice":"Entered Light","floor":2,"damage_taken":0},{"event_name":"World of Goop","player_choice":"Gather Gold","floor":5,"damage_taken":0},{"event_name":"The Cleric","player_choice":"Card Removal","floor":10,"damage_taken":0},{"event_name":"Forgotten Altar","player_choice":"Shed Blood","floor":19,"damage_taken":0},{"event_name":"Beggar","player_choice":"Gave Gold","floor":24,"damage_taken":0},{"event_name":"Vampires","player_choice":"Ignored","floor":27,"damage_taken":0}],"is_beta":false,"boss_relics":[{"not_picked":["Runic Cube","Astrolabe"],"picked":"Eternal Feather"}],"items_purged_floors":[],"is_endless":false,"potions_floor_spawned":[1,3,12,16,20,31],"killed_by":"Champ","ascension_level":4}