{"gold_per_floor":[110,110,128,128,143,143,201,201,282,292,304,322,338,12,12,112,112,101,112,122,2,2,14,14,28,52,52,67,67,67,67,67,67],"floor_reached":33,"playtime":1340,"items_purged":[],"score":251,"play_id":"12876fd2-6450-418b-aa32-b92fd176346d","local_time":"20190716193621","is_ascension_mode":false,"campfire_choices":[{"floor":6,"key":"REST"},{"data":"Crippling Poison","floor":8,"key":"SMITH"},{"floor":15,"key":"REST"},{"floor":24,"key":"REST"},{"floor":27,"key":"REST"},{"floor":30,"key":"REST"},{"floor":32,"key":"REST"}],"neow_cost":"NONE","seed_source_timestamp":162484378054036,"circlet_count":0,"master_deck":["Strike_G","Strike_G","Strike_G","Strike_G+1","Strike_G","Defend_G","Defend_G","Defend_G","Defend_G+1","Defend_G","Survivor","Neutralize","Dodge and Roll","Deadly Poison","Flash of Steel","Crippling Poison+1","Poisoned Stab","Deadly Poison","Bane","Infinite Blades","Deadly Poison","Outmaneuver","Finisher","Catalyst+1","Backflip","Deflect","Blur","Bane","Crippling Poison","Poisoned Stab+1","Tools of the Trade","Setup"],"relics":["Ring of the Snake","Tiny Chest","Ninja Scroll","Question Card","Lizard Tail","Calipers","Pen Nib"],"potions_floor_usage":[7,12,16,16,20,23,33,33],"damage_taken":[{"damage":0,"enemies":"2 Louse","floor":1,"turns":4},{"damage":0,"enemies":"Cultist","floor":3,"turns":4},{"damage":7,"enemies":"Small Slimes","floor":5,"turns":3},{"damage":14,"enemies":"Gremlin Nob","floor":7,"turns":4},{"damage":0,"enemies":"Looter","floor":10,"turns":3},{"damage":0,"enemies":"Exordium Wildlife","floor":11,"turns":2},{"damage":0,"enemies":"2 Fungi Beasts","floor":12,"turns":3},{"damage":4,"enemies":"Looter","floor":13,"turns":3},{"damage":36,"enemies":"Hexaghost","floor":16,"turns":7},{"damage":10,"enemies":"2 Thieves","floor":18,"turns":4},{"damage":7,"enemies":"Chosen","floor":19,"turns":5},{"damage":21,"enemies":"Snake Plant","floor":20,"turns":3},{"damage":36,"enemies":"3 Cultists","floor":23,"turns":7},{"damage":22,"enemies":"Shelled Parasite and Fungi","floor":25,"turns":5},{"damage":27,"enemies":"Snake Plant","floor":28,"turns":3},{"damage":29,"enemies":"Colosseum Slavers","floor":31,"turns":5},{"damage":61,"enemies":"Automaton","floor":33,"turns":8}],"seed_played":"-6739492927419111640","potions_obtained":[{"floor":1,"key":"PowerPotion"},{"floor":7,"key":"PowerPotion"},{"floor":10,"key":"PowerPotion"},{"floor":11,"key":"Energy Potion"},{"floor":13,"key":"SkillPotion"},{"floor":20,"key":"SpeedPotion"},{"floor":25,"key":"Dexterity Potion"},{"floor":28,"key":"FearPotion"}],"is_trial":false,"path_per_floor":["M","?","M","?","M","R","E","R","T","M","M","M","M","$","R","B",null,"M","M","M","$","T","M","R","M","T","R","M","?","R","?","R","B"],"character_chosen":"THE_SILENT","items_purchased":["Question Card","Finisher","Blur","Bane"],"campfire_rested":6,"item_purchase_floors":[14,14,21,21],"current_hp_per_floor":[77,62,62,62,55,77,63,63,63,63,63,63,59,59,77,41,77,67,60,39,39,39,3,26,4,4,27,38,38,61,32,55,0],"gold":67,"neow_bonus":"TEN_PERCENT_HP_BONUS","is_prod":false,"is_daily":false,"chose_seed":false,"campfire_upgraded":1,"win_rate":0.0,"timestamp":1563316581,"path_taken":["M","?","M","?","M","R","E","R","T","M","M","M","?","?","R","BOSS","M","M","M","$","?","M","R","M","T","R","M","?","R","?","R","BOSS"],"build_version":"2019-07-05","purchased_purges":0,"victory":false,"max_hp_per_floor":[77,77,77,77,77,77,77,77,77,77,77,77,77,77,77,77,77,77,77,77,77,77,77,77,77,77,77,77,77,77,77,77,77],"card_choices":[{"not_picked":["Distraction","Concentrate"],"picked":"Dodge and Roll","floor":1},{"not_picked":["Heel Hook","Flying Knee"],"picked":"Deadly Poison","floor":3},{"not_picked":["Caltrops","Flying Knee"],"picked":"Poisoned Stab","floor":5},{"not_picked":["Poisoned Stab","Outmaneuver"],"picked":"Deadly Poison","floor":7},{"not_picked":["Grand Finale","Deadly Poison"],"picked":"Bane","floor":10},{"not_picked":["Dagger Spray","Dodge and Roll"],"picked":"Infinite Blades","floor":11},{"not_picked":["Concentrate","Eviscerate"],"picked":"Deadly Poison","floor":12},{"not_picked":["Eviscerate","Tactician"],"picked":"Outmaneuver","floor":13},{"not_picked":["After Image","Wraith Form v2","Malaise"],"picked":"Envenom","floor":16},{"not_picked":["Deflect","All Out Attack","Masterful Stab+1"],"picked":"Catalyst+1","floor":18},{"not_picked":["Outmaneuver","Quick Slash","A Thousand Cuts"],"picked":"Backflip","floor":19},{"not_picked":["PiercingWail","Dagger Throw+1","Distraction"],"picked":"Deflect","floor":20},{"not_picked":["Leg Sweep","PiercingWail","Prepared"],"picked":"Crippling Poison","floor":23},{"not_picked":["Escape Plan","Noxious Fumes","Underhanded Strike+1"],"picked":"Poisoned Stab+1","floor":25},{"not_picked":["PiercingWail+1","Prepared+1","Outmaneuver"],"picked":"Dagger Spray","floor":28}],"player_experience":173604,"relics_obtained":[{"floor":7,"key":"Tiny Chest"},{"floor":9,"key":"Ninja Scroll"},{"floor":22,"key":"Calipers"},{"floor":26,"key":"Pen Nib"}],"event_choices":[{"damage_healed":0,"gold_gain":0,"player_choice":"Entered Light","damage_taken":15,"max_hp_gain":0,"max_hp_loss":0,"event_name":"Shining Light","floor":2,"gold_loss":0,"cards_upgraded":["Defend_G","Strike_G"]},{"damage_healed":0,"gold_gain":0,"player_choice":"2 cards matched","damage_taken":0,"max_hp_gain":0,"max_hp_loss":0,"event_name":"Match and Keep!","floor":4,"gold_loss":0,"cards_obtained":["Flash of Steel","Crippling Poison"]},{"damage_healed":0,"gold_gain":0,"cards_transformed":["Envenom","Dagger Spray"],"player_choice":"Became Test Subject","damage_taken":0,"max_hp_gain":0,"max_hp_loss":0,"event_name":"Drug Dealer","floor":29,"gold_loss":0,"cards_obtained":["Tools of the Trade","Setup"]},{"damage_healed":0,"gold_gain":0,"player_choice":"Fight","damage_taken":0,"max_hp_gain":0,"max_hp_loss":0,"event_name":"Colosseum","floor":31,"gold_loss":0},{"damage_healed":0,"gold_gain":0,"player_choice":"Fled From Nobs","damage_taken":0,"max_hp_gain":0,"max_hp_loss":0,"event_name":"Colosseum","floor":31,"gold_loss":0}],"is_beta":false,"boss_relics":[{"not_picked":["Runic Pyramid","Fusion Hammer"],"picked":"Lizard Tail"}],"items_purged_floors":[],"is_endless":false,"potions_floor_spawned":[1,7,10,11,13,20,25,28],"killed_by":"Automaton","ascension_level":0}