{"gold_per_floor":[119,139,24,24,38,38,57,71,95,95,45,70,70,97,97,196,196,211,211,211,39,49,49,49],"floor_reached":24,"playtime":1206,"items_purged":["Defend_R","Strike_R"],"score":235,"play_id":"c5ad3d91-6995-401e-9a2b-52bf96896ec3","local_time":"20191027023049","is_ascension_mode":true,"campfire_choices":[{"floor":6,"key":"REST"},{"floor":13,"key":"REST"},{"data":"Rampage","floor":15,"key":"SMITH"},{"floor":23,"key":"REST"}],"neow_cost":"NONE","seed_source_timestamp":980758658821400,"circlet_count":0,"master_deck":["Strike_R+1","Defend_R","Defend_R","Defend_R","Bash+1","Rampage+1","Flex","Double Tap","RitualDagger","Inflame","Flex"],"relics":["Burning Blood","Pen Nib","Art of War","Ancient Tea Set"],"potions_floor_usage":[16,18,24,24],"damage_taken":[{"damage":7,"enemies":"Small Slimes","floor":1,"turns":4},{"damage":8,"enemies":"2 Louse","floor":2,"turns":3},{"damage":18,"enemies":"Jaw Worm","floor":5,"turns":4},{"damage":10,"enemies":"2 Fungi Beasts","floor":7,"turns":3},{"damage":18,"enemies":"Exordium Wildlife","floor":8,"turns":4},{"damage":16,"enemies":"Gremlin Nob","floor":12,"turns":3},{"damage":30,"enemies":"3 Sentries","floor":14,"turns":9},{"damage":24,"enemies":"The Guardian","floor":16,"turns":7},{"damage":18,"enemies":"Shell Parasite","floor":18,"turns":3},{"damage":6,"enemies":"Spheric Guardian","floor":22,"turns":3},{"damage":81,"enemies":"Book of Stabbing","floor":24,"turns":6}],"seed_played":"-4353315998822650760","potions_obtained":[{"floor":1,"key":"Block Potion"},{"floor":8,"key":"FearPotion"},{"floor":12,"key":"SkillPotion"},{"floor":16,"key":"PowerPotion"},{"floor":18,"key":"Poison Potion"}],"is_trial":false,"path_per_floor":["M","M","$","?","M","R","M","M","T","?","?","E","R","E","R","B",null,"M","?","?","$","M","R","E"],"character_chosen":"IRONCLAD","items_purchased":["Rampage","Inflame"],"campfire_rested":3,"item_purchase_floors":[3,21],"current_hp_per_floor":[79,77,77,61,49,73,69,57,57,57,57,47,71,47,47,29,80,68,62,62,62,62,80,0],"gold":49,"neow_bonus":"REMOVE_CARD","is_prod":false,"is_daily":false,"chose_seed":false,"campfire_upgraded":1,"win_rate":0,"timestamp":1572136249,"path_taken":["M","M","$","?","M","R","M","M","T","?","?","E","R","E","R","BOSS","M","?","?","$","M","R","E"],"build_version":"2019-07-17","purchased_purges":2,"victory":false,"max_hp_per_floor":[80,80,80,80,80,80,80,80,80,80,80,80,80,80,80,80,80,80,80,80,80,80,80,80],"card_choices":[{"not_picked":["Sentinel","Reckless Charge","Clash"],"picked":"SKIP","floor":1},{"not_picked":["Ghostly Armor","Searing Blow","Carnage"],"picked":"SKIP","floor":2},{"not_picked":["Twin Strike","Wild Strike","Power Through"],"picked":"SKIP","floor":5},{"not_picked":["Searing Blow","Wild Strike","Feel No Pain"],"picked":"SKIP","floor":7},{"not_picked":["Uppercut","Pommel Strike"],"picked":"Flex","floor":8},{"not_picked":["Sentinel","Rupture","Carnage"],"picked":"SKIP","floor":12},{"not_picked":["Clothesline","Combust","True Grit"],"picked":"SKIP","floor":14},{"not_picked":["Feed","Immolate"],"picked":"Double Tap","floor":16},{"not_picked":["Reckless Charge","Blood for Blood","Fire Breathing"],"picked":"SKIP","floor":18},{"not_picked":["Armaments","Headbutt"],"picked":"Flex","floor":22}],"player_experience":149456,"relics_obtained":[{"floor":9,"key":"Pen Nib"},{"floor":12,"key":"Art of War"},{"floor":14,"key":"Ancient Tea Set"}],"event_choices":[{"damage_healed":0,"gold_gain":0,"player_choice":"Entered Light","damage_taken":16,"max_hp_gain":0,"max_hp_loss":0,"event_name":"Shining Light","floor":4,"gold_loss":0,"cards_upgraded":["Strike_R","Bash"]},{"cards_removed":["Strike_R"],"damage_healed":0,"gold_gain":0,"player_choice":"Forget","damage_taken":0,"max_hp_gain":0,"max_hp_loss":0,"event_name":"Living Wall","floor":10,"gold_loss":0},{"cards_removed":["Strike_R"],"damage_healed":0,"gold_gain":0,"player_choice":"Card Removal","damage_taken":0,"max_hp_gain":0,"max_hp_loss":0,"event_name":"The Cleric","floor":11,"gold_loss":50},{"damage_healed":0,"gold_gain":0,"player_choice":"Joined the Cult","damage_taken":6,"max_hp_gain":0,"max_hp_loss":0,"event_name":"Nest","floor":19,"gold_loss":0,"cards_obtained":["RitualDagger"]},{"damage_healed":0,"gold_gain":0,"player_choice":"Ignored","damage_taken":0,"max_hp_gain":0,"max_hp_loss":0,"event_name":"Ghosts","floor":20,"gold_loss":0}],"is_beta":false,"boss_relics":[{"not_picked":["Ectoplasm","Mark of Pain","Snecko Eye"]}],"items_purged_floors":[3,21],"is_endless":false,"potions_floor_spawned":[1,8,12,16,18],"killed_by":"Book of Stabbing","ascension_level":3}