{"gold_per_floor":[115,132,102,112,123,158,158,187,187,187,205,234,234,234,234,308,308,326,18,29,43,43,43,43,43,43,43,57,86,104,133,133,133],"floor_reached":33,"playtime":5071,"items_purged":[],"score":594,"play_id":"aec68331-ba94-4339-aa52-2919d1617aec","local_time":"20190408205150","is_ascension_mode":true,"campfire_choices":[{"data":"Armaments","floor":7.0,"key":"SMITH"},{"data":"Immolate","floor":10.0,"key":"SMITH"},{"data":"Armaments","floor":13.0,"key":"SMITH"},{"floor":15.0,"key":"REST"},{"floor":23.0,"key":"REST"},{"data":"True Grit","floor":27.0,"key":"SMITH"},{"floor":32,"key":"REST"}],"neow_cost":"NONE","seed_source_timestamp":2123883221641019,"circlet_count":0,"master_deck":["AscendersBane","Strike_R","Strike_R","Strike_R+1","Strike_R","Strike_R+1","Defend_R","Defend_R","Defend_R","Defend_R","Bash","Cleave","Clothesline","Armaments+1","Headbutt","Disarm","Immolate+1","Armaments+1","Shockwave","Juggernaut","True Grit+1","Inflame","Spot Weakness","Disarm+1","Shrug It Off","Sword Boomerang+1","Metallicize","Shrug It Off","Feed"],"special_seed":0,"relics":["Burning Blood","Happy Flower","Turnip","Whetstone","Singing Bowl","Prayer Wheel","Sozu","OrangePellets","Paper Frog","Vajra","Potion Belt"],"potions_floor_usage":[],"damage_taken":[{"damage":2.0,"enemies":"Small Slimes","floor":1.0,"turns":4.0},{"damage":1.0,"enemies":"Cultist","floor":2.0,"turns":4.0},{"damage":2.0,"enemies":"Jaw Worm","floor":4.0,"turns":3.0},{"damage":8.0,"enemies":"Exordium Wildlife","floor":5.0,"turns":6.0},{"damage":12.0,"enemies":"3 Sentries","floor":6.0,"turns":7.0},{"damage":24.0,"enemies":"Lagavulin","floor":8.0,"turns":7.0},{"damage":13.0,"enemies":"Blue Slaver","floor":11.0,"turns":2.0},{"damage":16.0,"enemies":"Gremlin Nob","floor":12.0,"turns":3.0},{"damage":32.0,"enemies":"Hexaghost","floor":16.0,"turns":10.0},{"damage":5.0,"enemies":"Chosen","floor":18.0,"turns":4.0},{"damage":21.0,"enemies":"Shell Parasite","floor":20.0,"turns":5.0},{"damage":26.0,"enemies":"Centurion and Healer","floor":21.0,"turns":5.0},{"damage":23,"enemies":"Sentry and Sphere","floor":28,"turns":7},{"damage":0,"enemies":"Gremlin Leader","floor":29,"turns":4},{"damage":0,"enemies":"3 Cultists","floor":30,"turns":3},{"damage":16,"enemies":"Book of Stabbing","floor":31,"turns":6},{"damage":71,"enemies":"Automaton","floor":33,"turns":10}],"seed_played":"-4840667645600767788","potions_obtained":[{"floor":3.0,"key":"SkillPotion"},{"floor":3.0,"key":"Strength Potion"},{"floor":6.0,"key":"BloodPotion"},{"floor":11.0,"key":"Energy Potion"},{"floor":12.0,"key":"SkillPotion"},{"floor":16.0,"key":"Ancient Potion"}],"is_trial":false,"path_per_floor":["M","M","?","M","M","E","R","E","T","R","M","E","R","?","R","B",null,"M","$","M","M","?","R","$","?","T","R","M","E","M","E","R","B"],"character_chosen":"IRONCLAD","items_purchased":["OrangePellets","Inflame"],"campfire_rested":3,"item_purchase_floors":[19,19],"current_hp_per_floor":[72,75,75,75,73,67,67,56,56,56,49,39,39,39,61,35,65,68,68,55,35,12,37,37,54,54,54,39,45,53,43,69,0],"gold":133,"neow_bonus":"RANDOM_COMMON_RELIC","is_prod":false,"is_daily":false,"chose_seed":false,"campfire_upgraded":4,"win_rate":0,"timestamp":1554771110,"path_taken":["M","M","?","M","M","E","R","E","T","R","?","E","R","?","R","BOSS","M","$","M","M","?","R","$","?","T","R","M","E","M","E","R","BOSS"],"build_version":"2019-01-23","purchased_purges":0,"victory":false,"max_hp_per_floor":[75,75,75,75,75,75,75,75,75,75,75,75,75,75,75,75,75,77,77,79,79,84,84,84,84,84,84,86,86,88,88,88,88],"card_choices":[{"not_picked":["Wild Strike","Headbutt"],"picked":"Cleave","floor":1.0},{"not_picked":["Metallicize","Hemokinesis"],"picked":"Clothesline","floor":2.0},{"not_picked":["Intimidate","Body Slam"],"picked":"Armaments","floor":4.0},{"not_picked":["Body Slam","Blood for Blood"],"picked":"Headbutt","floor":5.0},{"not_picked":["Fire Breathing","Wild Strike"],"picked":"Disarm","floor":6.0},{"not_picked":["Disarm","Armaments"],"picked":"Immolate","floor":8.0},{"not_picked":["Warcry","Infernal Blade"],"picked":"Armaments","floor":11.0},{"not_picked":["Berserk","Armaments"],"picked":"Shockwave","floor":12.0},{"not_picked":["Bludgeon","Impervious"],"picked":"Juggernaut","floor":16.0},{"not_picked":["Burning Pact","Havoc","Bloodletting"],"picked":"Singing Bowl","floor":18.0},{"not_picked":["Pommel Strike","Battle Trance"],"picked":"True Grit","floor":18.0},{"not_picked":["Rupture","Whirlwind"],"picked":"Spot Weakness","floor":20.0},{"not_picked":["Evolve","Clothesline","Twin Strike"],"picked":"Singing Bowl","floor":20.0},{"not_picked":["Sentinel","Thunderclap"],"picked":"Disarm+1","floor":21.0},{"not_picked":["Corruption","Rampage"],"picked":"Shrug It Off","floor":21.0},{"not_picked":["Carnage","True Grit"],"picked":"Sword Boomerang+1","floor":28},{"not_picked":["True Grit","Second Wind","Clothesline"],"picked":"Singing Bowl","floor":28},{"not_picked":["Infernal Blade","Rupture"],"picked":"Metallicize","floor":29},{"not_picked":["Flex","Wild Strike","Clothesline"],"picked":"Singing Bowl","floor":30},{"not_picked":["Bloodletting","Warcry"],"picked":"Shrug It Off","floor":30},{"not_picked":["Anger","Warcry+1"],"picked":"Feed","floor":31}],"player_experience":2466778,"relics_obtained":[{"floor":6.0,"key":"Turnip"},{"floor":8.0,"key":"Whetstone"},{"floor":9.0,"key":"Singing Bowl"},{"floor":12.0,"key":"Prayer Wheel"},{"floor":26.0,"key":"Paper Frog"},{"floor":29,"key":"Vajra"},{"floor":31,"key":"Potion Belt"}],"event_choices":[{"damage_healed":0.0,"max_hp_gain":0.0,"max_hp_loss":0.0,"gold_gain":0.0,"event_name":"The Woman in Blue","player_choice":"Bought 2 Potions","floor":3.0,"gold_loss":0.0,"damage_taken":0.0},{"damage_healed":0.0,"max_hp_gain":0.0,"max_hp_loss":0.0,"gold_gain":0.0,"event_name":"Shining Light","player_choice":"Ignored","floor":14.0,"gold_loss":0.0,"damage_taken":0.0},{"damage_healed":0.0,"max_hp_gain":5.0,"max_hp_loss":0.0,"gold_gain":0.0,"event_name":"Forgotten Altar","player_choice":"Shed Blood","floor":22.0,"gold_loss":0.0,"damage_taken":28.0},{"damage_healed":17.0,"max_hp_gain":0.0,"max_hp_loss":0.0,"gold_gain":0.0,"event_name":"The Library","player_choice":"Heal","floor":25.0,"gold_loss":0.0,"damage_taken":0.0}],"is_beta":false,"boss_relics":[{"not_picked":["Orrery","Empty Cage"],"picked":"Sozu"}],"items_purged_floors":[],"is_endless":false,"potions_floor_spawned":[6,11,12,16,21,28,29,30],"killed_by":"Automaton","ascension_level":16}