{"gold_per_floor":[113,124,124,136,108,108,142,142,224,224,241,1,65,78,78,78],"floor_reached":16,"playtime":1124,"items_purged":["Strike_G"],"score":218,"play_id":"b8c63135-3993-4ffe-8046-d93348315713","local_time":"20190705012951","is_ascension_mode":true,"campfire_choices":[{"floor":6,"key":"REST"},{"data":"Neutralize","floor":8,"key":"SMITH"},{"data":"Noxious Fumes","floor":15,"key":"SMITH"}],"neow_cost":"TEN_PERCENT_HP_LOSS","seed_source_timestamp":91387473162039,"circlet_count":0,"master_deck":["AscendersBane","Defend_G","Defend_G","Defend_G+1","Defend_G","Strike_G","Strike_G","Strike_G+1","Survivor","Neutralize+1","Bouncing Flask","Noxious Fumes+1","Dagger Spray","Slice","Caltrops","Backflip","Poisoned Stab","Deflect","Slice"],"special_seed":0,"relics":["Ring of the Snake","Unceasing Top","Meat on the Bone","Tiny Chest"],"potions_floor_usage":[2,13,13],"damage_taken":[{"damage":0.0,"enemies":"2 Louse","floor":1.0,"turns":2.0},{"damage":4,"enemies":"Small Slimes","floor":2,"turns":3},{"damage":3,"enemies":"Jaw Worm","floor":4,"turns":5},{"damage":12,"enemies":"Exordium Thugs","floor":5,"turns":5},{"damage":11,"enemies":"3 Sentries","floor":7,"turns":6},{"damage":9,"enemies":"Looter","floor":11,"turns":3},{"damage":16,"enemies":"Gremlin Nob","floor":13,"turns":4},{"damage":12,"enemies":"Large Slime","floor":14,"turns":6},{"damage":39,"enemies":"Slime Boss","floor":16,"turns":8}],"seed_played":"-4825844084073707798","potions_obtained":[{"floor":1.0,"key":"Explosive Potion"},{"floor":7,"key":"Block Potion"}],"is_trial":false,"path_per_floor":["M","M","?","M","M","R","E","R","T","?","M","$","E","M","R","B"],"character_chosen":"THE_SILENT","items_purchased":["Poisoned Stab","Deflect","Regen Potion"],"campfire_rested":1,"item_purchase_floors":[12,12,12],"current_hp_per_floor":[59,55,37,34,22,40,29,29,29,34,37,37,35,35,35,0],"gold":78,"neow_bonus":"REMOVE_TWO","is_prod":false,"is_daily":false,"chose_seed":false,"campfire_upgraded":2,"win_rate":0,"timestamp":1562304591,"path_taken":["M","M","?","M","M","R","E","R","T","?","M","?","E","M","R","BOSS"],"build_version":"2019-01-23","purchased_purges":1,"victory":false,"max_hp_per_floor":[60,60,60,60,60,60,60,60,60,65,65,65,65,65,65,65],"card_choices":[{"not_picked":["Leg Sweep","Dagger Spray"],"picked":"Bouncing Flask","floor":1.0},{"not_picked":["Tactician","Outmaneuver"],"picked":"Noxious Fumes","floor":2},{"not_picked":["Cloak And Dagger","Quick Slash"],"picked":"Dagger Spray","floor":4},{"not_picked":["Expertise","Prepared"],"picked":"Slice","floor":5},{"not_picked":["Tactician","Flying Knee"],"picked":"Caltrops","floor":7},{"not_picked":["Bullet Time","Quick Slash"],"picked":"Backflip","floor":11},{"not_picked":["Finisher","Setup","Underhanded Strike"],"picked":"SKIP","floor":13},{"not_picked":["Blade Dance","Dodge and Roll"],"picked":"Slice","floor":14}],"player_experience":2671939,"relics_obtained":[{"floor":7,"key":"Unceasing Top"},{"floor":9,"key":"Meat on the Bone"},{"floor":13,"key":"Tiny Chest"}],"event_choices":[{"damage_healed":0,"gold_gain":0,"player_choice":"Entered Light","damage_taken":18,"max_hp_gain":0,"max_hp_loss":0,"event_name":"Shining Light","floor":3,"gold_loss":0,"cards_upgraded":["Strike_G","Defend_G"]},{"damage_healed":0,"gold_gain":0,"player_choice":"Donut","damage_taken":0,"max_hp_gain":5,"max_hp_loss":0,"event_name":"Big Fish","floor":10,"gold_loss":0}],"is_beta":false,"boss_relics":[],"items_purged_floors":[12],"is_endless":false,"potions_floor_spawned":[1,7],"killed_by":"Slime Boss","ascension_level":19}