{"gold_per_floor":[112,129,129,129,78,112,3,3,3,15,15,29,29,53,53,173,236,250,250,2,23,23,23,38,38,65,83,83,97,121,121],"floor_reached":31,"playtime":1837,"items_purged":["Injury"],"score":237,"play_id":"e49544d7-7463-473a-add2-a918cf14c038","local_time":"20191009181753","is_ascension_mode":false,"campfire_choices":[{"floor":8.0,"key":"REST"},{"floor":13.0,"key":"REST"},{"floor":15.0,"key":"REST"},{"floor":23.0,"key":"RECALL"},{"floor":25.0,"key":"REST"},{"data":"BattleHymn","floor":28,"key":"SMITH"}],"neow_cost":"NONE","seed_source_timestamp":0,"circlet_count":0,"master_deck":["Strike_P+1","Strike_P+1","Strike_P+1","Strike_P+1","Defend_P+1","Defend_P+1","Defend_P+1","Defend_P+1","Vigilance","Vault","JustLucky","BattleHymn","JustLucky","InnerPeace","Deep Breath+1","EmptyFist","Nirvana","BattleHymn+1","Protect","Ragnarok","Crescendo","CutThroughFate","Halt","DeceiveReality+1","Sanctity","ReachHeaven","BattleHymn+1","PathToVictory"],"special_seed":0,"relics":["PureWater","Potion Belt","Incense Burner","Golden Idol","Tiny House","Vajra","Mercury Hourglass","War Paint"],"potions_floor_usage":[31,31],"damage_taken":[{"damage":0.0,"enemies":"2 Louse","floor":1.0,"turns":3.0},{"damage":5.0,"enemies":"Small Slimes","floor":2.0,"turns":6.0},{"damage":56.0,"enemies":"Gremlin Nob","floor":6.0,"turns":5.0},{"damage":4.0,"enemies":"Jaw Worm","floor":10.0,"turns":3.0},{"damage":5.0,"enemies":"2 Fungi Beasts","floor":12.0,"turns":5.0},{"damage":19.0,"enemies":"Large Slime","floor":14.0,"turns":6.0},{"damage":42.0,"enemies":"Hexaghost","floor":16.0,"turns":14.0},{"damage":0.0,"enemies":"3 Byrds","floor":18.0,"turns":7.0},{"damage":2.0,"enemies":"Shell Parasite","floor":21.0,"turns":6.0},{"damage":10.0,"enemies":"Snecko","floor":24.0,"turns":6.0},{"damage":12,"enemies":"3 Cultists","floor":27,"turns":6},{"damage":6,"enemies":"Snake Plant","floor":29,"turns":4},{"damage":20,"enemies":"Centurion and Healer","floor":30,"turns":4},{"damage":39,"enemies":"Slavers","floor":31,"turns":3}],"seed_played":"3572322153064870890","potions_obtained":[{"floor":1.0,"key":"SkillPotion"},{"floor":6.0,"key":"PowerPotion"},{"floor":12.0,"key":"Regen Potion"},{"floor":14.0,"key":"Fire Potion"},{"floor":17.0,"key":"BottledMiracle"},{"floor":27,"key":"Fire Potion"},{"floor":30,"key":"Weak Potion"}],"is_trial":false,"path_per_floor":["M","M","?","?","$","E","$","R","T","M","?","M","R","M","R","B",null,"M","?","$","M","T","R","M","R","T","M","R","M","M","E"],"character_chosen":"WATCHER","items_purchased":["JustLucky","Deep Breath","EmptyFist","Vajra","Halt"],"campfire_rested":4,"item_purchase_floors":[5,7,7,20,20],"current_hp_per_floor":[72,67,67,60,60,4,4,25,25,21,21,16,37,33,54,12,77,77,77,77,75,75,75,65,77,77,65,65,59,39,0],"gold":121,"neow_bonus":"TRANSFORM_CARD","is_prod":false,"is_daily":false,"chose_seed":false,"campfire_upgraded":1,"win_rate":0.0,"timestamp":1570655873,"path_taken":["M","M","?","?","?","E","$","R","T","M","?","M","R","M","R","BOSS","M","?","$","M","?","R","M","R","T","M","R","M","M","E"],"build_version":"2019-10-09","purchased_purges":1,"victory":false,"max_hp_per_floor":[72,72,72,72,72,72,72,72,72,72,72,72,72,72,72,72,77,77,77,77,77,77,77,77,77,77,77,77,77,77,77],"card_choices":[{"not_picked":["Flick","Crescendo"],"picked":"JustLucky","floor":1.0},{"not_picked":["SashWhip","SandsOfTime"],"picked":"BattleHymn","floor":2.0},{"not_picked":["Pray","WaveOfTheHand"],"picked":"InnerPeace","floor":6.0},{"not_picked":["FlyingSleeves","CarveReality"],"picked":"Nirvana","floor":10.0},{"not_picked":["FlurryOfBlows","ThirdEye"],"picked":"BattleHymn","floor":12.0},{"not_picked":["ForeignInfluence","ThirdEye"],"picked":"Protect","floor":14.0},{"not_picked":["LessonLearned","Establishment"],"picked":"Ragnarok","floor":16.0},{"not_picked":["CrushJoints","Collect"],"picked":"Crescendo","floor":17.0},{"not_picked":["WreathOfFlame","BattleHymn"],"picked":"CutThroughFate","floor":18.0},{"not_picked":["PathToVictory+1","Protect"],"picked":"DeceiveReality","floor":21.0},{"not_picked":["EmptyFist","Crescendo"],"picked":"Sanctity","floor":24.0},{"not_picked":["Protect+1","PathToVictory+1"],"picked":"ReachHeaven","floor":27},{"not_picked":["Crescendo","Collect"],"picked":"BattleHymn+1","floor":29},{"not_picked":["EmptyBody","FlyingSleeves+1"],"picked":"PathToVictory","floor":30}],"player_experience":441472,"relics_obtained":[{"floor":6.0,"key":"Incense Burner"},{"floor":22.0,"key":"Mercury Hourglass"},{"floor":26.0,"key":"War Paint"}],"event_choices":[{"damage_healed":0.0,"max_hp_gain":0.0,"max_hp_loss":0.0,"gold_gain":0.0,"event_name":"Big Fish","player_choice":"Box","floor":3.0,"gold_loss":0.0,"damage_taken":0.0,"relics_obtained":["Potion Belt"],"cards_obtained":["Regret"]},{"cards_removed":["Regret"],"damage_healed":0.0,"max_hp_gain":0.0,"max_hp_loss":0.0,"gold_gain":0.0,"event_name":"Golden Wing","player_choice":"Card Removal","floor":4.0,"gold_loss":0.0,"damage_taken":7.0},{"damage_healed":0.0,"max_hp_gain":0.0,"max_hp_loss":0.0,"gold_gain":0.0,"event_name":"Golden Idol","player_choice":"Take Wound","floor":11.0,"gold_loss":0.0,"damage_taken":0.0,"relics_obtained":["Golden Idol"],"cards_obtained":["Injury"]},{"damage_healed":0.0,"max_hp_gain":0.0,"max_hp_loss":0.0,"gold_gain":0.0,"event_name":"Back to Basics","player_choice":"Simplicity","floor":19.0,"gold_loss":0.0,"damage_taken":0.0,"cards_upgraded":["Strike_P","Strike_P","Strike_P","Strike_P","Defend_P","Defend_P","Defend_P"]}],"is_beta":true,"boss_relics":[{"not_picked":["Velvet Choker","Calling Bell"],"picked":"Tiny House"}],"items_purged_floors":[20],"is_endless":false,"potions_floor_spawned":[1,6,12,14,27,30],"killed_by":"Slavers","ascension_level":0}