{"gold_per_floor":[112,112,122,24,35,50,50,225,225,251,271,288,288,303,303,406,406,422,422,438,30,40,40,40],"floor_reached":24,"playtime":1271,"items_purged":[],"score":200,"play_id":"358ce8ed-7a33-46ec-be21-460a29e1c91b","local_time":"20191026194011","is_ascension_mode":false,"campfire_choices":[{"floor":7,"key":"RECALL"},{"floor":13,"key":"REST"},{"floor":15,"key":"REST"},{"floor":23,"key":"REST"}],"neow_cost":"NONE","seed_source_timestamp":465958346516715,"circlet_count":0,"master_deck":["Strike_P","Strike_P","Strike_P","Strike_P","Defend_P","Defend_P","Defend_P","Defend_P","Eruption","Vigilance","DeceiveReality","CutThroughFate","FollowUp","Protect","Consecrate","Doubt","Collect","ReachHeaven","BattleHymn","BowlingBash","LessonLearned","CarveReality","Vengeance","ClearTheMind","Crescendo","Prostrate","Fasting2","CrushJoints","SashWhip","Protect"],"relics":["PureWater","Mango","Velvet Choker","Bag of Marbles"],"potions_floor_usage":[3,10,10,10,12,12,12,14,16,18,20,22],"damage_taken":[{"damage":0,"enemies":"2 Louse","floor":1,"turns":2},{"damage":0,"enemies":"Cultist","floor":3,"turns":3},{"damage":0,"enemies":"Jaw Worm","floor":5,"turns":3},{"damage":0,"enemies":"Exordium Wildlife","floor":6,"turns":3},{"damage":18,"enemies":"Lagavulin","floor":10,"turns":3},{"damage":12,"enemies":"Lots of Slimes","floor":11,"turns":3},{"damage":0,"enemies":"3 Louse","floor":12,"turns":4},{"damage":23,"enemies":"Exordium Thugs","floor":14,"turns":3},{"damage":37,"enemies":"Slime Boss","floor":16,"turns":13},{"damage":13,"enemies":"3 Byrds","floor":18,"turns":7},{"damage":7,"enemies":"Chosen","floor":20,"turns":4},{"damage":43,"enemies":"Shelled Parasite and Fungi","floor":22,"turns":8},{"damage":62,"enemies":"3 Cultists","floor":24,"turns":6}],"seed_played":"9006452639981087047","potions_obtained":[{"floor":0,"key":"DistilledChaos"},{"floor":0,"key":"BottledMiracle"},{"floor":0,"key":"AttackPotion"},{"floor":1,"key":"AttackPotion"},{"floor":3,"key":"DuplicationPotion"},{"floor":11,"key":"EntropicBrew"},{"floor":12,"key":"Strength Potion"},{"floor":16,"key":"SteroidPotion"},{"floor":18,"key":"LiquidBronze"},{"floor":20,"key":"PowerPotion"}],"is_trial":false,"path_per_floor":["M","?","M","$","M","M","R","?","T","E","M","M","R","M","R","B",null,"M","?","M","$","M","R","M"],"character_chosen":"WATCHER","items_purchased":["FollowUp","JustLucky","Crescendo","Prostrate","Fasting2","CrushJoints","SashWhip","Bag of Marbles"],"campfire_rested":3,"item_purchase_floors":[4,4,21,21,21,21,21,21],"current_hp_per_floor":[72,72,72,72,72,72,72,72,72,68,56,56,81,58,83,46,86,73,73,66,66,23,48,0],"gold":40,"neow_bonus":"THREE_SMALL_POTIONS","is_prod":false,"is_daily":false,"chose_seed":false,"campfire_upgraded":0,"win_rate":0.0,"timestamp":1572129611,"path_taken":["M","?","M","?","?","M","R","?","T","E","M","M","R","M","R","BOSS","M","?","M","$","?","R","M"],"build_version":"2019-10-25-V3","purchased_purges":0,"victory":false,"max_hp_per_floor":[72,72,72,72,72,72,72,72,72,86,86,86,86,86,86,86,86,86,86,86,86,86,86,86],"card_choices":[{"not_picked":["Perseverance","FlyingSleeves"],"picked":"DeceiveReality","floor":1},{"not_picked":["SashWhip","Halt"],"picked":"CutThroughFate","floor":3},{"not_picked":["SashWhip","CrushJoints"],"picked":"Protect","floor":5},{"not_picked":["Omniscience","Evaluate"],"picked":"Consecrate","floor":6},{"not_picked":["CutThroughFate","SashWhip"],"picked":"Collect","floor":10},{"not_picked":["Protect","Nirvana"],"picked":"ReachHeaven","floor":11},{"not_picked":["EmptyBody","Vengeance"],"picked":"BattleHymn","floor":12},{"not_picked":["LikeWater","JustLucky"],"picked":"BowlingBash","floor":14},{"not_picked":["DeusExMachina","Brilliance"],"picked":"LessonLearned","floor":16},{"not_picked":["Tantrum+1","Halt"],"picked":"CarveReality","floor":18},{"not_picked":["ThirdEye","Indignation"],"picked":"ClearTheMind","floor":20},{"not_picked":["SashWhip","Consecrate+1"],"picked":"Protect","floor":22}],"player_experience":485270,"relics_obtained":[{"floor":10,"key":"Mango"}],"event_choices":[{"damage_healed":0,"gold_gain":0,"player_choice":"Got Potions","damage_taken":0,"max_hp_gain":0,"max_hp_loss":0,"event_name":"Lab","floor":2,"gold_loss":0},{"damage_healed":0,"gold_gain":175,"player_choice":"AGREE","damage_taken":0,"max_hp_gain":0,"max_hp_loss":0,"event_name":"Liars Game","floor":8,"gold_loss":0,"cards_obtained":["Doubt"]},{"damage_healed":0,"gold_gain":0,"cards_transformed":["JustLucky"],"player_choice":"Transformed","damage_taken":0,"max_hp_gain":0,"max_hp_loss":0,"event_name":"Transmorgrifier","floor":19,"gold_loss":0,"cards_obtained":["Vengeance"]}],"is_beta":true,"boss_relics":[{"not_picked":["Philosopher\u0027s Stone","Ectoplasm"],"picked":"Velvet Choker"}],"items_purged_floors":[],"is_endless":false,"potions_floor_spawned":[1,3,11,12,16,18,20],"killed_by":"3 Cultists","ascension_level":0}