{"gold_per_floor":[111,111,124,13,13,45,45,58,106,123,138,172,188,203,203,300,300,315,190,208,6,22,50,69,69],"floor_reached":25,"playtime":1762,"items_purged":["Strike_B","Strike_B"],"score":308,"play_id":"bad85d91-58c9-4e6b-b174-e1f7a6edcbfe","local_time":"20180825211633","is_ascension_mode":true,"campfire_choices":[{"floor":7.0,"key":"REST"},{"floor":15.0,"key":"REST"}],"neow_cost":"NONE","seed_source_timestamp":0,"circlet_count":0,"master_deck":["Strike_B","Strike_B","Defend_B+1","Defend_B","Defend_B","Zap","Dualcast","Machine Learning","Sunder","Turbo+1","Doom and Gloom","Conserve Battery+1","Lockon","Genetic Algorithm+1","Auto Shields+1","Buffer","Leap+1","Stack+1","Hyperbeam","Hologram+1","Conserve Battery+1","Beam Cell","Redo+1","Go for the Eyes","Redo+1"],"special_seed":0,"relics":["Cracked Core","Pen Nib","Toxic Egg 2","Strawberry","Bottled Lightning","Nuclear Battery","Regal Pillow","War Paint"],"potions_floor_usage":[25],"damage_taken":[{"damage":7.0,"enemies":"Jaw Worm","floor":1.0,"turns":3.0},{"damage":7.0,"enemies":"Small Slimes","floor":3.0,"turns":3.0},{"damage":25.0,"enemies":"Lagavulin","floor":6.0,"turns":6.0},{"damage":0.0,"enemies":"Cultist","floor":8.0,"turns":4.0},{"damage":1.0,"enemies":"3 Louse","floor":10.0,"turns":3.0},{"damage":14.0,"enemies":"Exordium Wildlife","floor":11.0,"turns":3.0},{"damage":25.0,"enemies":"Gremlin Nob","floor":12.0,"turns":4.0},{"damage":0.0,"enemies":"Gremlin Gang","floor":13.0,"turns":4.0},{"damage":0.0,"enemies":"Blue Slaver","floor":14.0,"turns":3.0},{"damage":9.0,"enemies":"Hexaghost","floor":16.0,"turns":7.0},{"damage":0.0,"enemies":"Chosen","floor":18.0,"turns":4.0},{"damage":16.0,"enemies":"Shell Parasite","floor":20.0,"turns":6.0},{"damage":4.0,"enemies":"Centurion and Healer","floor":22.0,"turns":6.0},{"damage":10.0,"enemies":"Book of Stabbing","floor":23.0,"turns":8.0},{"damage":38,"enemies":"Sentry and Sphere","floor":24,"turns":8},{"damage":7,"enemies":"Chosen and Byrds","floor":25,"turns":1}],"seed_played":"3439544590774794371","potions_obtained":[{"floor":3.0,"key":"SteroidPotion"},{"floor":10.0,"key":"FocusPotion"},{"floor":12.0,"key":"Poison Potion"},{"floor":13.0,"key":"AttackPotion"},{"floor":14.0,"key":"Regen Potion"},{"floor":18.0,"key":"FocusPotion"}],"is_trial":false,"path_per_floor":["M","?","M","$","?","E","R","M","T","M","M","E","M","M","R","B",null,"M","$","M","$","M","E","M"],"character_chosen":"DEFECT","items_purchased":["Doom and Gloom","Conserve Battery+1","Redo+1","Regal Pillow"],"campfire_rested":2,"item_purchase_floors":[4,19,21,21],"current_hp_per_floor":[61,58,51,51,51,26,48,48,55,54,40,15,15,15,39,45,73,73,73,57,57,53,43,5,0],"gold":69,"neow_bonus":"ONE_RANDOM_RARE_CARD","is_prod":false,"is_daily":false,"chose_seed":false,"campfire_upgraded":0,"win_rate":0,"timestamp":1535246193,"path_taken":["M","?","M","$","?","E","R","M","T","M","M","E","M","?","R","BOSS","M","$","M","$","M","E","M","?"],"build_version":"2018-08-16","purchased_purges":2,"victory":false,"max_hp_per_floor":[75,75,75,75,75,75,75,75,82,82,82,82,82,82,82,82,82,82,82,82,82,82,82,82,82],"card_choices":[{"not_picked":["Stack","Cold Snap"],"picked":"Sunder","floor":1.0},{"not_picked":["Consume","Blizzard"],"picked":"Turbo","floor":3.0},{"not_picked":["Recycle","Steam"],"picked":"Conserve Battery","floor":6.0},{"not_picked":["Reprogram+1","Barrage"],"picked":"Lockon","floor":8.0},{"not_picked":["Glacier+1","Barrage"],"picked":"Genetic Algorithm+1","floor":10.0},{"not_picked":["Hologram+1","Compile Driver"],"picked":"Auto Shields+1","floor":11.0},{"not_picked":["Leap+1","Beam Cell"],"picked":"Buffer","floor":12.0},{"not_picked":["Stack+1","Coolheaded+1"],"picked":"Leap+1","floor":13.0},{"not_picked":["Compile Driver","Darkness+1"],"picked":"Stack+1","floor":14.0},{"not_picked":["Biased Cognition","Meteor Strike"],"picked":"Hyperbeam","floor":16.0},{"not_picked":["Gash","Sweeping Beam+1"],"picked":"Hologram+1","floor":18.0},{"not_picked":["Steam+1","Gash"],"picked":"Beam Cell","floor":20.0},{"not_picked":["Coolheaded+1","Rainbow+1"],"picked":"Go for the Eyes","floor":22.0},{"not_picked":["Gash","Barrage"],"picked":"Redo+1","floor":23},{"not_picked":["Streamline","Barrage","Undo+1"],"picked":"SKIP","floor":24}],"player_experience":1587832,"relics_obtained":[{"floor":6.0,"key":"Toxic Egg 2"},{"floor":9.0,"key":"Strawberry"},{"floor":12.0,"key":"Bottled Lightning"},{"floor":23,"key":"War Paint"}],"event_choices":[{"event_name":"Scrap Ooze","player_choice":"success","floor":2.0,"damage_taken":3.0},{"event_name":"Bonfire Elementals","player_choice":"BASIC","floor":5.0,"damage_taken":0.0}],"is_beta":false,"boss_relics":[{"not_picked":["Tiny House","Ectoplasm"],"picked":"Nuclear Battery"}],"items_purged_floors":[4,19],"is_endless":false,"potions_floor_spawned":[3,10,12,13,14,18],"killed_by":"Chosen and Byrds","ascension_level":6}