{"gold_per_floor":[114,64,89,104,119,149,179,179,179,194,194,224,224,239,239,339,339,354,369,69,84,84,114,114,294,319,345,445,445,150,165,165,165],"floor_reached":33,"playtime":2313,"items_purged":["Perfected Strike"],"score":283,"play_id":"3876973f-1910-44d0-828e-8633d90dabab","local_time":"20191022225342","daily_mods":["SealedDeck","Flight","Night Terrors"],"is_ascension_mode":false,"campfire_choices":[{"data":"True Grit","floor":8,"key":"SMITH"},{"data":"Armaments","floor":13,"key":"SMITH"},{"data":"Infernal Blade","floor":15,"key":"SMITH"},{"data":"Seeing Red","floor":24,"key":"SMITH"},{"data":"Limit Break","floor":29,"key":"SMITH"},{"data":"Whirlwind","floor":32,"key":"SMITH"}],"neow_cost":"","seed_source_timestamp":0,"circlet_count":0,"master_deck":["Perfected Strike","Wild Strike","Armaments+1","Sentinel","Infernal Blade+1","Inflame","Ghostly Armor","True Grit+1","Whirlwind+1","Wild Strike","Shrug It Off","Evolve","Burning Pact","Twin Strike","Flame Barrier","Feel No Pain","Limit Break+1","Seeing Red+1","Corruption","Flex","Shrug It Off","Seeing Red"],"special_seed":18191,"relics":["Burning Blood","Omamori","Smiling Mask","Orichalcum","Meat on the Bone","Bronze Scales","Mark of Pain","Molten Egg 2","Gremlin Horn","Ancient Tea Set","Juzu Bracelet","Red Mask","Ice Cream","Singing Bowl","Membership Card","Vajra"],"potions_floor_usage":[6,7,10,18,23,27,27,33],"damage_taken":[{"damage":10,"enemies":"Small Slimes","floor":1,"turns":3},{"damage":1,"enemies":"Jaw Worm","floor":4,"turns":3},{"damage":1,"enemies":"Cultist","floor":5,"turns":4},{"damage":9,"enemies":"3 Sentries","floor":6,"turns":5},{"damage":13,"enemies":"Lagavulin","floor":7,"turns":7},{"damage":3,"enemies":"Lots of Slimes","floor":10,"turns":2},{"damage":17,"enemies":"3 Sentries","floor":12,"turns":7},{"damage":0,"enemies":"3 Louse","floor":14,"turns":2},{"damage":43,"enemies":"Hexaghost","floor":16,"turns":9},{"damage":5,"enemies":"Shell Parasite","floor":18,"turns":6},{"damage":5,"enemies":"Chosen","floor":19,"turns":5},{"damage":15,"enemies":"Snake Plant","floor":21,"turns":5},{"damage":17,"enemies":"Gremlin Leader","floor":23,"turns":6},{"damage":16,"enemies":"Masked Bandits","floor":27,"turns":3},{"damage":15,"enemies":"Colosseum Slavers","floor":28,"turns":4},{"damage":26,"enemies":"Colosseum Nobs","floor":28,"turns":4},{"damage":10,"enemies":"Centurion and Healer","floor":31,"turns":6},{"damage":44,"enemies":"Automaton","floor":33,"turns":6}],"seed_played":"843150976381232614","potions_obtained":[{"floor":1,"key":"SkillPotion"},{"floor":4,"key":"FearPotion"},{"floor":5,"key":"Explosive Potion"},{"floor":12,"key":"Swift Potion"},{"floor":14,"key":"Block Potion"},{"floor":16,"key":"SpeedPotion"},{"floor":21,"key":"Dexterity Potion"},{"floor":23,"key":"Energy Potion"}],"is_trial":false,"path_per_floor":["M","?","T","M","M","E","E","R","T","M","?","E","R","M","R","B",null,"M","M","$","M","?","E","R","?","T","?","?","R","$","M","R","B"],"character_chosen":"IRONCLAD","items_purchased":["Molten Egg 2","Membership Card","Vajra","Seeing Red"],"campfire_rested":0,"item_purchase_floors":[20,30,30,30],"current_hp_per_floor":[76,76,76,80,80,77,70,70,70,73,65,54,54,60,60,35,80,80,80,80,71,71,60,60,36,36,38,33,33,33,43,43,0],"gold":165,"neow_bonus":"","is_prod":false,"is_daily":true,"chose_seed":false,"campfire_upgraded":6,"win_rate":0,"timestamp":1571756022,"path_taken":["M","?","?","M","M","E","E","R","T","M","?","E","R","?","R","BOSS","M","?","$","M","?","E","R","?","T","?","?","R","$","M","R","BOSS"],"build_version":"2019-07-17","purchased_purges":1,"victory":false,"max_hp_per_floor":[80,80,80,80,80,80,80,80,80,80,80,80,80,80,80,80,80,80,80,80,80,80,80,80,80,80,80,80,80,80,82,82,82],"card_choices":[{"not_picked":["Shrug It Off","Pommel Strike"],"picked":"Whirlwind","floor":1},{"not_picked":["Searing Blow","Cleave"],"picked":"Wild Strike","floor":4},{"not_picked":["Reckless Charge","Rupture"],"picked":"Shrug It Off","floor":5},{"not_picked":["Fire Breathing","Battle Trance"],"picked":"Evolve","floor":6},{"not_picked":["Clash","Rupture"],"picked":"Burning Pact","floor":7},{"not_picked":["Power Through","Hemokinesis"],"picked":"Twin Strike","floor":10},{"not_picked":["Clash","Wild Strike"],"picked":"Flame Barrier","floor":12},{"not_picked":["Thunderclap","Shrug It Off"],"picked":"Feel No Pain","floor":14},{"not_picked":["Fiend Fire","Offering"],"picked":"Limit Break","floor":16},{"not_picked":["Ghostly Armor","Sword Boomerang"],"picked":"Seeing Red","floor":18},{"not_picked":["Clothesline+1","Reckless Charge"],"picked":"Corruption","floor":19},{"not_picked":["Hemokinesis+1","Sword Boomerang+1","Rupture"],"picked":"SKIP","floor":21},{"not_picked":["Uppercut+1","Thunderclap+1"],"picked":"Flex","floor":23},{"not_picked":["Pommel Strike+1","Headbutt+1"],"picked":"Shrug It Off","floor":28},{"not_picked":["Burning Pact","Pummel+1","Uppercut+1"],"picked":"Singing Bowl","floor":31}],"player_experience":225929,"relics_obtained":[{"floor":3,"key":"Omamori"},{"floor":6,"key":"Smiling Mask"},{"floor":7,"key":"Orichalcum"},{"floor":9,"key":"Meat on the Bone"},{"floor":12,"key":"Bronze Scales"},{"floor":23,"key":"Ancient Tea Set"},{"floor":26,"key":"Juzu Bracelet"},{"floor":27,"key":"Red Mask"},{"floor":28,"key":"Ice Cream"},{"floor":28,"key":"Singing Bowl"}],"event_choices":[{"cards_removed":["Thunderclap"],"damage_healed":0,"gold_gain":0,"player_choice":"Card Removal","damage_taken":0,"max_hp_gain":0,"max_hp_loss":0,"event_name":"The Cleric","floor":2,"gold_loss":50},{"damage_healed":0,"gold_gain":0,"player_choice":"Damaged","damage_taken":8,"max_hp_gain":0,"max_hp_loss":0,"event_name":"Wheel of Change","floor":11,"gold_loss":0},{"damage_healed":0,"gold_gain":0,"player_choice":"Opened","damage_taken":0,"relics_obtained":["Gremlin Horn"],"max_hp_gain":0,"max_hp_loss":0,"event_name":"The Mausoleum","floor":22,"gold_loss":0},{"damage_healed":0,"gold_gain":180,"player_choice":"GOLD GOLD ","damage_taken":24,"max_hp_gain":0,"max_hp_loss":0,"event_name":"Knowing Skull","floor":25,"potions_obtained":[],"gold_loss":0,"cards_obtained":[]},{"damage_healed":0,"gold_gain":0,"player_choice":"Fought Bandits","damage_taken":0,"max_hp_gain":0,"max_hp_loss":0,"event_name":"Masked Bandits","floor":27,"gold_loss":0},{"damage_healed":0,"gold_gain":0,"player_choice":"Fight","damage_taken":0,"max_hp_gain":0,"max_hp_loss":0,"event_name":"Colosseum","floor":28,"gold_loss":0},{"damage_healed":0,"gold_gain":0,"player_choice":"Fought Nobs","damage_taken":0,"max_hp_gain":0,"max_hp_loss":0,"event_name":"Colosseum","floor":28,"gold_loss":0}],"is_beta":false,"boss_relics":[{"not_picked":["Empty Cage","Fusion Hammer"],"picked":"Mark of Pain"}],"items_purged_floors":[20],"is_endless":false,"potions_floor_spawned":[1,4,5,12,14,16,21,23,28],"killed_by":"Automaton","ascension_level":0}