{"gold_per_floor":[115,128,128,128,403,403,438,113,138,138,148,148,168,178,178,276,276,290,290,25,0,0,20,37,37,62,62,0,0,0,34,34,34],"floor_reached":33,"playtime":1545,"items_purged":["Regret"],"score":312,"play_id":"8c51310d-be80-4cb0-be82-078a2a8be80c","local_time":"20191024093158","is_ascension_mode":true,"campfire_choices":[{"floor":6,"key":"REST"},{"floor":10,"key":"REST"},{"floor":12,"key":"REST"},{"floor":15,"key":"RECALL"},{"floor":25,"key":"REST"},{"floor":32,"key":"REST"}],"neow_cost":"NONE","seed_source_timestamp":255113991532329,"circlet_count":0,"master_deck":["Strike_R","Strike_R+1","Strike_R","Strike_R+1","Defend_R","Defend_R","Defend_R","Defend_R","Bash+1","Feel No Pain","Warcry","Intimidate","Reckless Charge","Anger","Shockwave","Uppercut","Inflame","Cleave","Body Slam","Infernal Blade","Sentinel","Armaments","Reaper+1","Twin Strike","Writhe","Flex","Blood for Blood","Inflame","Thunderclap","Writhe","Decay","Shrug It Off","Metallicize","Heavy Blade","Evolve"],"relics":["Burning Blood","Centennial Puzzle","Anchor","Orrery","Cursed Key","Juzu Bracelet","Membership Card","Vajra","Dodecahedron"],"potions_floor_usage":[16,16,33],"damage_taken":[{"damage":0,"enemies":"Small Slimes","floor":1,"turns":4},{"damage":10,"enemies":"2 Louse","floor":2,"turns":3},{"damage":48,"enemies":"Gremlin Nob","floor":7,"turns":5},{"damage":6,"enemies":"Cultist","floor":11,"turns":3},{"damage":16,"enemies":"3 Louse","floor":13,"turns":4},{"damage":6,"enemies":"Blue Slaver","floor":14,"turns":2},{"damage":52,"enemies":"Hexaghost","floor":16,"turns":14},{"damage":12,"enemies":"3 Byrds","floor":18,"turns":5},{"damage":35,"enemies":"Shell Parasite","floor":23,"turns":6},{"damage":20,"enemies":"Cultist and Chosen","floor":24,"turns":7},{"damage":40,"enemies":"Slavers","floor":31,"turns":6},{"damage":78,"enemies":"Champ","floor":33,"turns":11}],"seed_played":"904182915158184282","potions_obtained":[{"floor":7,"key":"Weak Potion"},{"floor":11,"key":"SpeedPotion"},{"floor":31,"key":"Energy Potion"}],"is_trial":false,"path_per_floor":["M","M","?","?","?","R","E","$","T","R","M","R","M","M","R","B",null,"M","?","$","?","?","M","M","R","T","?","$","?","?","E","R","B"],"character_chosen":"IRONCLAD","items_purchased":["Anger","Anchor","Orrery","Membership Card","Flex","Blood for Blood","Shrug It Off","Metallicize"],"campfire_rested":5,"item_purchase_floors":[8,8,8,20,20,20,28,28],"current_hp_per_floor":[80,76,76,60,60,80,38,38,38,62,62,80,70,70,70,24,80,74,74,74,74,74,45,45,69,69,69,69,69,69,43,67,0],"gold":34,"neow_bonus":"TRANSFORM_CARD","is_prod":false,"is_daily":false,"chose_seed":false,"campfire_upgraded":0,"win_rate":0,"timestamp":1571920318,"path_taken":["M","M","?","?","?","R","E","$","T","R","M","R","M","M","R","BOSS","M","?","$","?","?","M","M","R","T","?","$","?","?","E","R","BOSS"],"build_version":"2019-10-23","purchased_purges":1,"victory":false,"max_hp_per_floor":[80,80,80,80,80,80,80,80,80,80,80,80,80,80,80,80,80,80,80,80,80,80,80,80,80,80,80,80,80,80,80,80,80],"card_choices":[{"not_picked":["Entrench","True Grit"],"picked":"Warcry","floor":1},{"not_picked":["Pummel","Burning Pact"],"picked":"Intimidate","floor":2},{"not_picked":["Dark Embrace","Dropkick"],"picked":"Reckless Charge","floor":7},{"not_picked":["Body Slam","Iron Wave"],"picked":"Shockwave","floor":8},{"not_picked":["Warcry","Shrug It Off"],"picked":"Uppercut","floor":8},{"not_picked":["Battle Trance","Flame Barrier"],"picked":"Inflame","floor":8},{"not_picked":["Clothesline","Double Tap"],"picked":"Cleave","floor":8},{"not_picked":["Clash","Sword Boomerang"],"picked":"Body Slam","floor":8},{"not_picked":["Rupture","Twin Strike"],"picked":"Infernal Blade","floor":11},{"not_picked":["Clothesline","Warcry"],"picked":"Sentinel","floor":13},{"not_picked":["Reckless Charge","Flex"],"picked":"Armaments","floor":14},{"not_picked":["Brutality","Impervious"],"picked":"Reaper","floor":16},{"not_picked":["Reckless Charge+1","Rampage"],"picked":"Twin Strike","floor":18},{"not_picked":["True Grit","Dual Wield"],"picked":"Inflame","floor":23},{"not_picked":["Armaments+1","Inflame"],"picked":"Thunderclap","floor":24},{"not_picked":["Shockwave","Twin Strike"],"picked":"Evolve","floor":31}],"player_experience":473595,"relics_obtained":[{"floor":7,"key":"Centennial Puzzle"},{"floor":26,"key":"Vajra"},{"floor":31,"key":"Dodecahedron"}],"event_choices":[{"damage_healed":0,"gold_gain":0,"player_choice":"Grow","damage_taken":0,"max_hp_gain":0,"max_hp_loss":0,"event_name":"Living Wall","floor":3,"gold_loss":0,"cards_upgraded":["Bash"]},{"damage_healed":0,"gold_gain":0,"player_choice":"Entered Light","damage_taken":16,"max_hp_gain":0,"max_hp_loss":0,"event_name":"Shining Light","floor":4,"gold_loss":0,"cards_upgraded":["Strike_R","Strike_R"]},{"damage_healed":0,"gold_gain":275,"player_choice":"Desecrate","damage_taken":0,"max_hp_gain":0,"max_hp_loss":0,"event_name":"Golden Shrine","floor":5,"gold_loss":0,"cards_obtained":["Regret"]},{"damage_healed":0,"gold_gain":0,"player_choice":"Opened","damage_taken":0,"relics_obtained":["Juzu Bracelet"],"max_hp_gain":0,"max_hp_loss":0,"event_name":"The Mausoleum","floor":19,"gold_loss":0,"cards_obtained":["Writhe"]},{"damage_healed":0,"gold_gain":0,"player_choice":"Paid Fearfully","damage_taken":0,"max_hp_gain":0,"max_hp_loss":0,"event_name":"Masked Bandits","floor":21,"gold_loss":25},{"damage_healed":0,"gold_gain":0,"player_choice":"Upgraded","damage_taken":0,"max_hp_gain":0,"max_hp_loss":0,"event_name":"Upgrade Shrine","floor":22,"gold_loss":0,"cards_upgraded":["Reaper"]},{"damage_healed":0,"gold_gain":0,"player_choice":"Smashed Altar","damage_taken":0,"max_hp_gain":0,"max_hp_loss":0,"event_name":"Forgotten Altar","floor":27,"gold_loss":0,"cards_obtained":["Decay"]},{"damage_healed":0,"gold_gain":0,"player_choice":"Ignored","damage_taken":0,"max_hp_gain":0,"max_hp_loss":0,"event_name":"Vampires","floor":29,"gold_loss":0},{"damage_healed":0,"gold_gain":0,"player_choice":"Read","damage_taken":0,"max_hp_gain":0,"max_hp_loss":0,"event_name":"The Library","floor":30,"gold_loss":0,"cards_obtained":["Heavy Blade"]}],"is_beta":true,"boss_relics":[{"not_picked":["Runic Cube","Snecko Eye"],"picked":"Cursed Key"}],"items_purged_floors":[20],"is_endless":false,"potions_floor_spawned":[7,11,31],"killed_by":"Champ","ascension_level":2}