{"gold_per_floor":[117,192,192,210,117,133,160,160,184,219,219,219,239,33,33,110,110,110,110,110,90,90,90,90,90,90,90,90,2,2,2,2,2,2,2,2,2,2,2,2,2,2,2,2,2,2,2,2,2,2],"floor_reached":51,"playtime":3320,"items_purged":[],"score":1642,"play_id":"70b44319-e176-42fd-bf93-33468709da4e","local_time":"20190713215030","is_ascension_mode":true,"campfire_choices":[{"data":"Sucker Punch","floor":8.0,"key":"SMITH"},{"data":"Poisoned Stab","floor":12.0,"key":"SMITH"},{"floor":15.0,"key":"REST"},{"floor":24.0,"key":"REST"},{"data":"1","floor":30.0,"key":"LIFT"},{"data":"2","floor":32.0,"key":"LIFT"},{"data":"3","floor":40.0,"key":"LIFT"},{"floor":45.0,"key":"REST"},{"floor":49.0,"key":"REST"}],"neow_cost":"NONE","seed_source_timestamp":264759822178841,"circlet_count":0,"master_deck":["AscendersBane","Defend_G","Defend_G","Defend_G","Defend_G","Defend_G","Strike_G","Strike_G","Strike_G","Strike_G","Strike_G","Survivor","Neutralize+1","Sucker Punch+1","Well Laid Plans+1","Dash","Poisoned Stab+1","All Out Attack","Endless Agony","Noxious Fumes","Malaise","Backstab","RitualDagger","Backflip+1","Finisher","Slice+1","Escape Plan+1","Adrenaline","Acrobatics","Glass Knife","Deflect","Panache","Deflect","Cloak And Dagger+1"],"special_seed":0,"relics":["Ring of the Snake","NeowsBlessing","Bag of Marbles","Ancient Tea Set","Oddly Smooth Stone","Bronze Scales","Vajra","Ectoplasm","MutagenicStrength","Ninja Scroll","Orichalcum","Girya","White Beast Statue","Pen Nib","Potion Belt","Smiling Mask","PreservedInsect"],"potions_floor_usage":[50,50,50,50],"damage_taken":[{"damage":0.0,"enemies":"2 Louse","floor":1.0,"turns":1.0},{"damage":0.0,"enemies":"Cultist","floor":4.0,"turns":1.0},{"damage":0.0,"enemies":"Small Slimes","floor":6.0,"turns":1.0},{"damage":11.0,"enemies":"Lagavulin","floor":7.0,"turns":6.0},{"damage":9.0,"enemies":"3 Sentries","floor":10.0,"turns":10.0},{"damage":5.0,"enemies":"Looter","floor":13.0,"turns":2.0},{"damage":30.0,"enemies":"Slime Boss","floor":16.0,"turns":9.0},{"damage":0.0,"enemies":"3 Byrds","floor":18.0,"turns":3.0},{"damage":2.0,"enemies":"2 Thieves","floor":21.0,"turns":2.0},{"damage":21.0,"enemies":"Slavers","floor":23.0,"turns":4.0},{"damage":0.0,"enemies":"Shelled Parasite and Fungi","floor":25.0,"turns":1.0},{"damage":0.0,"enemies":"Book of Stabbing","floor":27.0,"turns":2.0},{"damage":0.0,"enemies":"Centurion and Healer","floor":31.0,"turns":1.0},{"damage":24.0,"enemies":"Champ","floor":33.0,"turns":11.0},{"damage":0.0,"enemies":"Orb Walker","floor":35.0,"turns":1.0},{"damage":0.0,"enemies":"3 Shapes","floor":38.0,"turns":9.0},{"damage":33.0,"enemies":"Transient","floor":39.0,"turns":6.0},{"damage":0.0,"enemies":"Jaw Worm Horde","floor":42.0,"turns":1.0},{"damage":0.0,"enemies":"Nemesis","floor":44.0,"turns":1.0},{"damage":32.0,"enemies":"Giant Head","floor":46.0,"turns":5.0},{"damage":0.0,"enemies":"Nemesis","floor":48.0,"turns":1.0},{"damage":33,"enemies":"Donu and Deca","floor":50,"turns":9}],"seed_played":"1389594423675747136","potions_obtained":[{"floor":1.0,"key":"FearPotion"},{"floor":6.0,"key":"Poison Potion"},{"floor":10.0,"key":"Fire Potion"},{"floor":18.0,"key":"FearPotion"},{"floor":25.0,"key":"Poison Potion"},{"floor":35.0,"key":"SneckoOil"},{"floor":38.0,"key":"Weak Potion"},{"floor":39.0,"key":"EssenceOfSteel"},{"floor":44.0,"key":"SpeedPotion"},{"floor":46.0,"key":"Regen Potion"},{"floor":48.0,"key":"LiquidBronze"}],"is_trial":false,"path_per_floor":["M","?","?","M","?","M","E","R","T","E","?","R","M","$","R","B",null,"M","?","?","M","?","E","R","M","T","E","?","$","R","M","R","B",null,"M","?","$","M","M","R","?","M","T","E","R","E","$","E","R","B",null],"character_chosen":"THE_SILENT","items_purchased":["Noxious Fumes","Vajra","Adrenaline"],"campfire_rested":4,"item_purchase_floors":[14,14,29],"current_hp_per_floor":[59,48,48,48,48,48,37,37,37,28,28,28,23,23,42,12,53,53,53,47,45,45,24,43,43,43,43,37,37,37,37,37,13,53,53,53,53,53,20,20,20,20,20,20,39,7,7,7,26,8],"gold":2,"neow_bonus":"THREE_ENEMY_KILL","is_prod":false,"is_daily":false,"chose_seed":false,"campfire_upgraded":2,"win_rate":0,"timestamp":1563069030,"path_taken":["M","?","?","M","?","?","E","R","T","E","?","R","M","?","R","BOSS","M","?","?","M","?","E","R","M","T","E","?","$","R","M","R","BOSS","M","?","?","M","M","R","?","M","T","E","R","E","?","E","R","BOSS"],"build_version":"2019-01-23","purchased_purges":0,"victory":true,"max_hp_per_floor":[66,66,66,66,66,66,66,66,66,66,66,66,66,66,66,66,66,66,66,66,66,66,66,66,66,66,66,66,66,66,66,66,66,66,66,66,66,66,66,66,66,66,66,66,66,66,66,66,66,66],"card_choices":[{"not_picked":["Setup","Quick Slash"],"picked":"Sucker Punch","floor":1.0},{"not_picked":["Slice","Flechettes"],"picked":"Well Laid Plans","floor":4.0},{"not_picked":["Blade Dance","Cloak And Dagger"],"picked":"Dash","floor":6.0},{"not_picked":["Underhanded Strike","Accuracy"],"picked":"Poisoned Stab","floor":7.0},{"not_picked":["Underhanded Strike","Prepared","All Out Attack"],"picked":"SKIP","floor":10.0},{"not_picked":["Underhanded Strike","Prepared"],"picked":"All Out Attack","floor":10.0},{"not_picked":["Sucker Punch","Prepared"],"picked":"Endless Agony","floor":13.0},{"not_picked":["Storm of Steel","Die Die Die"],"picked":"Malaise","floor":16.0},{"not_picked":["Dagger Spray","Quick Slash"],"picked":"Backstab","floor":18.0},{"not_picked":["Dagger Throw+1","Quick Slash"],"picked":"Backflip+1","floor":21.0},{"not_picked":["Endless Agony","Tactician"],"picked":"Finisher","floor":23.0},{"not_picked":["Flying Knee","Tactician"],"picked":"Slice+1","floor":25.0},{"not_picked":["Bane+1","Blur"],"picked":"Escape Plan+1","floor":27.0},{"not_picked":["Flying Knee","Caltrops"],"picked":"Acrobatics","floor":31.0},{"not_picked":["Night Terror","Storm of Steel"],"picked":"Glass Knife","floor":33.0},{"not_picked":["Catalyst+1","Poisoned Stab"],"picked":"Deflect","floor":35.0},{"not_picked":["Quick Slash","Prepared","Backflip"],"picked":"SKIP","floor":38.0},{"not_picked":["Flechettes","Dagger Throw","Accuracy"],"picked":"SKIP","floor":39.0},{"not_picked":["Secret Technique","Chrysalis"],"picked":"Panache","floor":41.0},{"not_picked":["Dagger Throw+1","Sucker Punch"],"picked":"Deflect","floor":42.0},{"not_picked":["Sucker Punch+1","Catalyst","Cloak And Dagger"],"picked":"SKIP","floor":44.0},{"not_picked":["Distraction","Underhanded Strike","Dash"],"picked":"SKIP","floor":46.0},{"not_picked":["Underhanded Strike","Prepared"],"picked":"Cloak And Dagger+1","floor":48.0}],"player_experience":2692193,"relics_obtained":[{"floor":7.0,"key":"Ancient Tea Set"},{"floor":9.0,"key":"Oddly Smooth Stone"},{"floor":10.0,"key":"Bronze Scales"},{"floor":23.0,"key":"Ninja Scroll"},{"floor":26.0,"key":"Orichalcum"},{"floor":27.0,"key":"Girya"},{"floor":43.0,"key":"Pen Nib"},{"floor":44.0,"key":"Potion Belt"},{"floor":46.0,"key":"Smiling Mask"},{"floor":48.0,"key":"PreservedInsect"}],"event_choices":[{"damage_healed":0.0,"max_hp_gain":0.0,"max_hp_loss":0.0,"gold_gain":75.0,"event_name":"World of Goop","player_choice":"Gather Gold","floor":2.0,"gold_loss":0.0,"damage_taken":11.0},{"damage_healed":0.0,"max_hp_gain":0.0,"max_hp_loss":0.0,"gold_gain":0.0,"event_name":"Living Wall","player_choice":"Grow","floor":3.0,"gold_loss":0.0,"damage_taken":0.0,"cards_upgraded":["Neutralize"]},{"damage_healed":0.0,"max_hp_gain":0.0,"max_hp_loss":0.0,"gold_gain":0.0,"event_name":"WeMeetAgain","player_choice":"Paid Gold","floor":5.0,"gold_loss":93.0,"damage_taken":0.0,"relics_obtained":["Bag of Marbles"]},{"damage_healed":0.0,"max_hp_gain":0.0,"max_hp_loss":0.0,"gold_gain":0.0,"event_name":"Upgrade Shrine","player_choice":"Upgraded","floor":11.0,"gold_loss":0.0,"damage_taken":0.0,"cards_upgraded":["Well Laid Plans"]},{"damage_healed":0.0,"max_hp_gain":0.0,"max_hp_loss":0.0,"gold_gain":0.0,"event_name":"Drug Dealer","player_choice":"Inject Mutagens","floor":19.0,"gold_loss":0.0,"damage_taken":0.0,"relics_obtained":["MutagenicStrength"]},{"damage_healed":0.0,"max_hp_gain":0.0,"max_hp_loss":0.0,"gold_gain":0.0,"event_name":"Nest","player_choice":"Joined the Cult","floor":20.0,"gold_loss":0.0,"damage_taken":6.0,"cards_obtained":["RitualDagger"]},{"damage_healed":0.0,"max_hp_gain":0.0,"max_hp_loss":0.0,"gold_gain":0.0,"event_name":"Vampires","player_choice":"Ignored","floor":22.0,"gold_loss":0.0,"damage_taken":0.0},{"damage_healed":0.0,"max_hp_gain":0.0,"max_hp_loss":0.0,"gold_gain":0.0,"event_name":"Knowing Skull","player_choice":"","floor":28.0,"potions_obtained":[],"gold_loss":0.0,"damage_taken":6.0,"cards_obtained":[]},{"damage_healed":0.0,"max_hp_gain":0.0,"max_hp_loss":0.0,"gold_gain":0.0,"event_name":"SecretPortal","player_choice":"Ignored","floor":36.0,"gold_loss":0.0,"damage_taken":0.0},{"damage_healed":0.0,"max_hp_gain":0.0,"max_hp_loss":0.0,"gold_gain":0.0,"event_name":"SensoryStone","player_choice":"Memory 1","floor":41.0,"gold_loss":0.0,"damage_taken":0.0}],"is_beta":false,"boss_relics":[{"not_picked":["Black Star","WristBlade"],"picked":"Ectoplasm"},{"not_picked":["Fusion Hammer","Cursed Key"],"picked":"White Beast Statue"}],"items_purged_floors":[],"is_endless":false,"potions_floor_spawned":[1,6,10,18,25,35,38,39,42,44,46,48],"ascension_level":19}