{"gold_per_floor":[117,117,117,42,42,80,80,105,105,143,167,167,167,181,181,302,302,320,37,136,150,171,171,215,215,263,178,196,196,196,209,209,309,309,324,324,76,121,121,121,155,26,26,40,53,53],"floor_reached":46,"playtime":3310,"items_purged":["Strike_B","Strike_B"],"score":624,"play_id":"bc49c1ee-5ddd-4cd1-b655-9eebe3bfa83c","local_time":"20180815182947","is_ascension_mode":true,"campfire_choices":[{"floor":7.0,"key":"REST"},{"floor":12.0,"key":"REST"},{"floor":15.0,"key":"REST"},{"floor":23.0,"key":"REST"},{"floor":25,"key":"REST"},{"floor":29,"key":"REST"},{"floor":32,"key":"REST"},{"floor":40,"key":"REST"}],"neow_cost":"NONE","seed_source_timestamp":0,"circlet_count":0,"master_deck":["Strike_B+1","Defend_B+1","Defend_B","Zap+1","Dualcast","Go for the Eyes","Genetic Algorithm","Tempest","Turbo","All For One","Static Discharge","Thunder Strike","Undo+1","Leap+1","Ball Lightning","Defragment","Hologram+1","Core Surge","Go for the Eyes+1","Double Energy","Secret Technique","Sweeping Beam+1","Conserve Battery+1"],"special_seed":0,"relics":["Cracked Core","NeowsBlessing","Bloody Idol","The Courier","Emotion Chip","StoneCalendar","Empty Cage","DataDisk","ClockworkSouvenir","Bottled Tornado","Blood Vial","Art of War","Busted Crown","Gambling Chip","Pen Nib","Blue Candle"],"potions_floor_usage":[24,24,33,33,33,41,45],"damage_taken":[{"damage":0.0,"enemies":"Small Slimes","floor":1.0,"turns":1.0},{"damage":0.0,"enemies":"Lagavulin","floor":6.0,"turns":1.0},{"damage":0.0,"enemies":"2 Louse","floor":8.0,"turns":1.0},{"damage":21.0,"enemies":"3 Sentries","floor":10.0,"turns":5.0},{"damage":6.0,"enemies":"Jaw Worm","floor":11.0,"turns":2.0},{"damage":3.0,"enemies":"Looter","floor":14.0,"turns":3.0},{"damage":9.0,"enemies":"Slime Boss","floor":16.0,"turns":7.0},{"damage":0.0,"enemies":"Spheric Guardian","floor":18.0,"turns":3.0},{"damage":8.0,"enemies":"Chosen","floor":21.0,"turns":4.0},{"damage":38.0,"enemies":"Centurion and Healer","floor":22.0,"turns":6.0},{"damage":29,"enemies":"Slavers","floor":24,"turns":4},{"damage":8,"enemies":"Cultist and Chosen","floor":28,"turns":4},{"damage":7,"enemies":"Snecko","floor":31,"turns":4},{"damage":55,"enemies":"Champ","floor":33,"turns":7},{"damage":17,"enemies":"3 Darklings","floor":35,"turns":2},{"damage":25,"floor":38,"turns":4},{"damage":52,"enemies":"2 Orb Walkers","floor":41,"turns":4},{"damage":4,"enemies":"Flame Bruiser 1 Orb","floor":44,"turns":4},{"damage":2,"enemies":"4 Shapes","floor":45,"turns":4},{"damage":30,"enemies":"Transient","floor":46,"turns":5}],"seed_played":"5663205185397085998","potions_obtained":[{"floor":6.0,"key":"Energy Potion"},{"floor":8.0,"key":"EssenceOfSteel"},{"floor":14.0,"key":"Poison Potion"},{"floor":21.0,"key":"FearPotion"},{"floor":28,"key":"Regen Potion"},{"floor":31,"key":"Poison Potion"},{"floor":38,"key":"FearPotion"}],"is_trial":false,"path_per_floor":["M","?","?","$","?","E","R","M","T","E","M","R","?","M","R","B",null,"M","$","?","M","M","R","E","R","T","?","M","R","?","M","R","B",null,"M","?","$","?","?","R","E","$","T","M","M"],"character_chosen":"DEFECT","items_purchased":["DataDisk","ClockworkSouvenir","Double Energy","Secret Technique","SpeedPotion","Dexterity Potion","Block Potion"],"campfire_rested":8,"item_purchase_floors":[19,19,37,37,42,42,42],"current_hp_per_floor":[75,60,60,60,42,42,64,64,64,43,37,59,59,56,75,66,73,73,73,73,65,27,49,20,42,42,42,36,58,58,58,75,40,66,56,56,56,38,38,60,15,15,15,18,23,0],"gold":53,"neow_bonus":"THREE_ENEMY_KILL","is_prod":false,"is_daily":false,"chose_seed":false,"campfire_upgraded":0,"win_rate":0,"timestamp":1534372187,"path_taken":["M","?","?","$","?","E","R","M","T","E","?","R","?","M","R","BOSS","M","$","?","?","M","R","E","R","T","?","M","R","?","M","R","BOSS","M","?","$","?","?","R","E","$","T","M","M","M"],"build_version":"2018-08-09","purchased_purges":2,"victory":false,"max_hp_per_floor":[75,75,75,75,75,75,75,75,75,75,75,75,75,75,75,75,75,75,75,75,75,75,75,75,75,75,75,75,75,75,75,75,75,75,75,75,75,75,75,75,75,75,75,75,75,75],"card_choices":[{"not_picked":["Beam Cell","Turbo"],"picked":"Go for the Eyes","floor":1.0},{"not_picked":["Hello World","Streamline"],"picked":"Genetic Algorithm","floor":6.0},{"not_picked":["Genetic Algorithm","Cold Snap"],"picked":"Tempest","floor":8.0},{"not_picked":["Go for the Eyes","Recycle"],"picked":"Turbo","floor":10.0},{"not_picked":["Barrage","Beam Cell"],"picked":"All For One","floor":11.0},{"not_picked":["Redo","Leap"],"picked":"Static Discharge","floor":14.0},{"not_picked":["Core Surge","Biased Cognition"],"picked":"Thunder Strike","floor":16.0},{"not_picked":["Sweeping Beam","Melter"],"picked":"Undo+1","floor":18.0},{"not_picked":["Chill","Coolheaded"],"picked":"Leap+1","floor":21.0},{"not_picked":["Turbo","Auto Shields"],"picked":"Ball Lightning","floor":22.0},{"not_picked":["Sweeping Beam","Genetic Algorithm+1","Leap"],"picked":"SKIP","floor":24},{"not_picked":["Hyperbeam","Barrage+1"],"picked":"Defragment","floor":28},{"not_picked":["Streamline","Steam+1"],"picked":"Hologram+1","floor":31},{"not_picked":["Rainbow","Thunder Strike"],"picked":"Core Surge","floor":33},{"not_picked":[],"picked":"Go for the Eyes+1","floor":35},{"not_picked":[],"picked":"Loop+1","floor":38},{"not_picked":["Barrage+1"],"picked":"SKIP","floor":41},{"not_picked":[],"picked":"Sweeping Beam+1","floor":44},{"not_picked":[],"picked":"Conserve Battery+1","floor":45}],"player_experience":1530951,"relics_obtained":[{"floor":6.0,"key":"The Courier"},{"floor":9.0,"key":"Emotion Chip"},{"floor":10.0,"key":"StoneCalendar"},{"floor":24,"key":"Bottled Tornado"},{"floor":26,"key":"Blood Vial"},{"floor":38,"key":"Gambling Chip"},{"floor":41,"key":"Pen Nib"},{"floor":43,"key":"Blue Candle"}],"event_choices":[{"event_name":"Shining Light","player_choice":"Entered Light","floor":2.0,"damage_taken":0.0},{"event_name":"Living Wall","player_choice":"Grow","floor":3.0,"damage_taken":0.0},{"event_name":"Golden Idol","player_choice":"Take Damage","floor":5.0,"damage_taken":0.0},{"event_name":"Wheel of Change","player_choice":"Card Removal","floor":13.0,"damage_taken":0.0},{"event_name":"Nest","player_choice":"Stole From Cult","floor":20.0,"damage_taken":0.0},{"event_name":"Addict","player_choice":"Obtained Relic","floor":27,"damage_taken":0},{"event_name":"Forgotten Altar","player_choice":"Gave Idol","floor":30,"damage_taken":0},{"event_name":"Tomb of Lord Red Mask","player_choice":"Ignored","floor":36,"damage_taken":0},{"event_name":"Mysterious Sphere","player_choice":"Fight","floor":38,"damage_taken":0},{"event_name":"Falling","player_choice":"Removed Power","floor":39,"damage_taken":0}],"is_beta":false,"boss_relics":[{"not_picked":["Snecko Eye","Eternal Feather"],"picked":"Empty Cage"},{"not_picked":["Sozu","Cursed Key"],"picked":"Busted Crown"}],"items_purged_floors":[4,37],"is_endless":false,"potions_floor_spawned":[6,8,14,21,28,31,38],"killed_by":"Transient","ascension_level":5}