{"gold_per_floor":[111,127,140,156,175,175,203,203,203,203,203,228,228,252,252,347,347,360,376,61,61,81,81,97,97,97,109,139,151,163,196,208,313,325,362,398,410,422],"floor_reached":38,"playtime":3052,"items_purged":[],"score":760,"play_id":"e9c694d3-408a-4ca4-af2c-6a38be655bfb","local_time":"20190811103207","is_ascension_mode":true,"campfire_choices":[{"data":"Armaments","floor":6.0,"key":"SMITH"},{"floor":10.0,"key":"REST"},{"data":"Flame Barrier","floor":13.0,"key":"SMITH"},{"floor":15.0,"key":"REST"},{"data":"Limit Break","floor":23.0,"key":"SMITH"},{"data":"Whirlwind","floor":25.0,"key":"SMITH"},{"data":"Intimidate","floor":27.0,"key":"SMITH"},{"data":"Offering","floor":29.0,"key":"SMITH"},{"data":"Whirlwind","floor":32.0,"key":"SMITH"}],"neow_cost":"NONE","seed_source_timestamp":580306823286291,"circlet_count":0,"master_deck":["AscendersBane","Strike_R","Strike_R","Strike_R","Defend_R","Defend_R","Defend_R","Defend_R","Bash","Intimidate+1","Thunderclap","Offering+1","Whirlwind+1","Armaments+1","Feed","Flame Barrier+1","Battle Trance","Reaper","Anger","Inflame","Whirlwind+1","Limit Break+1","Dual Wield+1","Combust","Demon Form","Ghostly Armor"],"special_seed":0,"relics":["Burning Blood","Art of War","Golden Idol","Nunchaku","Sozu","Chemical X","MawBank","Black Star"],"potions_floor_usage":[],"damage_taken":[{"damage":2.0,"enemies":"2 Louse","floor":1.0,"turns":3.0},{"damage":16.0,"enemies":"Small Slimes","floor":2.0,"turns":4.0},{"damage":9.0,"enemies":"Cultist","floor":3.0,"turns":5.0},{"damage":13.0,"enemies":"3 Louse","floor":4.0,"turns":4.0},{"damage":11.0,"enemies":"Red Slaver","floor":5.0,"turns":3.0},{"damage":21.0,"enemies":"3 Sentries","floor":7.0,"turns":5.0},{"damage":13.0,"enemies":"Blue Slaver","floor":12.0,"turns":4.0},{"damage":9.0,"enemies":"3 Louse","floor":14.0,"turns":4.0},{"damage":49.0,"enemies":"The Guardian","floor":16.0,"turns":16.0},{"damage":23.0,"enemies":"2 Thieves","floor":18.0,"turns":3.0},{"damage":24.0,"enemies":"Spheric Guardian","floor":19.0,"turns":5.0},{"damage":6.0,"enemies":"Centurion and Healer","floor":22.0,"turns":5.0},{"damage":13.0,"enemies":"Snecko","floor":24.0,"turns":5.0},{"damage":7.0,"enemies":"Cultist and Chosen","floor":28.0,"turns":3.0},{"damage":11.0,"enemies":"Chosen and Byrds","floor":31.0,"turns":4.0},{"damage":59,"enemies":"Collector","floor":33,"turns":6},{"damage":19,"enemies":"Orb Walker","floor":35,"turns":3},{"damage":23,"enemies":"3 Shapes","floor":36,"turns":7},{"damage":77,"enemies":"Transient","floor":38,"turns":5}],"seed_played":"2437422080436282997","potions_obtained":[{"floor":1.0,"key":"LiquidBronze"},{"floor":4.0,"key":"PowerPotion"},{"floor":7.0,"key":"BloodPotion"},{"floor":12.0,"key":"Dexterity Potion"}],"is_trial":false,"path_per_floor":["M","M","M","M","M","R","E","?","T","R","?","M","R","M","R","B",null,"M","M","$","?","M","R","M","R","T","R","M","R","?","M","R","B",null,"M","M","?","M"],"character_chosen":"IRONCLAD","items_purchased":["Chemical X","Inflame"],"campfire_rested":2,"item_purchase_floors":[20,20],"current_hp_per_floor":[79,69,66,59,54,54,39,11,11,35,35,40,40,40,66,23,73,64,53,53,53,64,64,64,64,64,64,69,69,69,70,70,17,73,60,60,60,0],"gold":422,"neow_bonus":"TEN_PERCENT_HP_BONUS","is_prod":false,"is_daily":false,"chose_seed":false,"campfire_upgraded":7,"win_rate":0,"timestamp":1565533927,"path_taken":["M","M","M","M","M","R","E","?","T","R","?","M","R","M","R","BOSS","M","M","$","?","M","R","?","R","T","R","M","R","?","M","R","BOSS","M","M","?","?"],"build_version":"2019-01-23","purchased_purges":0,"victory":false,"max_hp_per_floor":[82,82,82,82,82,82,82,82,82,82,82,86,86,89,89,89,89,89,89,89,89,92,92,92,92,92,92,92,92,92,92,92,92,92,92,92,92,92],"card_choices":[{"not_picked":["Sword Boomerang","Warcry"],"picked":"Intimidate","floor":1.0},{"not_picked":["Perfected Strike","Cleave"],"picked":"Thunderclap","floor":2.0},{"not_picked":["Wild Strike","Havoc"],"picked":"Offering","floor":3.0},{"not_picked":["Sentinel","Pommel Strike"],"picked":"Whirlwind","floor":4.0},{"not_picked":["Thunderclap","Shrug It Off"],"picked":"Armaments","floor":5.0},{"not_picked":["Iron Wave","Clash"],"picked":"Feed","floor":7.0},{"not_picked":["Blood for Blood","Pommel Strike"],"picked":"Flame Barrier","floor":12.0},{"not_picked":["Iron Wave","Body Slam"],"picked":"Battle Trance","floor":14.0},{"not_picked":["Bludgeon","Offering"],"picked":"Reaper","floor":16.0},{"not_picked":["Wild Strike","Cleave","Iron Wave"],"picked":"SKIP","floor":18.0},{"not_picked":["Havoc+1","Shrug It Off"],"picked":"Anger","floor":19.0},{"not_picked":["Heavy Blade","Entrench+1"],"picked":"Limit Break","floor":22.0},{"not_picked":["Searing Blow","Thunderclap"],"picked":"Dual Wield+1","floor":24.0},{"not_picked":["Heavy Blade","Fire Breathing+1","Body Slam"],"picked":"SKIP","floor":28.0},{"not_picked":["Whirlwind","Limit Break"],"picked":"Combust","floor":31.0},{"not_picked":["Berserk","Bludgeon"],"picked":"Demon Form","floor":33},{"not_picked":["Searing Blow+1","Armaments"],"picked":"Ghostly Armor","floor":35},{"not_picked":["Armaments","Twin Strike","Iron Wave"],"picked":"SKIP","floor":36}],"player_experience":2779992,"relics_obtained":[{"floor":7.0,"key":"Art of War"},{"floor":9.0,"key":"Nunchaku"},{"floor":26.0,"key":"MawBank"}],"event_choices":[{"damage_healed":0.0,"max_hp_gain":0.0,"max_hp_loss":0.0,"gold_gain":0.0,"event_name":"Golden Idol","player_choice":"Take Damage","floor":8.0,"gold_loss":0.0,"damage_taken":28.0,"relics_obtained":["Golden Idol"]},{"damage_healed":0.0,"max_hp_gain":0.0,"max_hp_loss":0.0,"gold_gain":0.0,"event_name":"Shining Light","player_choice":"Ignored","floor":11.0,"gold_loss":0.0,"damage_taken":0.0},{"damage_healed":0.0,"max_hp_gain":0.0,"max_hp_loss":0.0,"gold_gain":0.0,"event_name":"Duplicator","player_choice":"Copied","floor":21.0,"gold_loss":0.0,"damage_taken":0.0,"cards_obtained":["Whirlwind"]},{"cards_removed":["Strike_R"],"damage_healed":0.0,"max_hp_gain":0.0,"max_hp_loss":0.0,"gold_gain":0.0,"event_name":"Purifier","player_choice":"Purged","floor":30.0,"gold_loss":0.0,"damage_taken":0.0},{"cards_removed":["Strike_R"],"damage_healed":0,"gold_gain":0,"player_choice":"Offered Basic","damage_taken":0,"max_hp_gain":0,"max_hp_loss":0,"event_name":"Bonfire Elementals","floor":37,"gold_loss":0}],"is_beta":false,"boss_relics":[{"not_picked":["Ectoplasm","Lizard Tail"],"picked":"Sozu"},{"not_picked":["White Beast Statue","Philosopher\u0027s Stone"],"picked":"Black Star"}],"items_purged_floors":[],"is_endless":false,"potions_floor_spawned":[1,4,7,12,14,18,22,28,36],"killed_by":"Transient","ascension_level":20}