{"gold_per_floor":[36,74,124,181,219,246,246,302,302,302,340,148,148,207,207,311,311,354,334,77,92,92,92,152,152,152,183,226,2,37,79,79,160,160,234,39,61,518,518,518,580,580,580,641,680,729,770,796,796,821,846,846,846,341,404,404],"floor_reached":56,"playtime":5328,"items_purged":["Strike_P","Defend_P","Strike_P","Defend_P"],"score":2376,"play_id":"3692686b-7202-436e-b18b-451f3090c03d","local_time":"20191008181025","is_ascension_mode":true,"campfire_choices":[{"data":"HandOfGreed","floor":7.0,"key":"SMITH"},{"data":"Eruption","floor":10.0,"key":"SMITH"},{"floor":13.0,"key":"REST"},{"data":"SashWhip","floor":15.0,"key":"SMITH"},{"floor":23.0,"key":"RECALL"},{"floor":25.0,"key":"REST"},{"floor":32.0,"key":"REST"},{"floor":40.0,"key":"REST"},{"floor":42.0,"key":"REST"},{"floor":49.0,"key":"REST"},{"floor":53,"key":"REST"}],"neow_cost":"NO_GOLD","seed_source_timestamp":0,"circlet_count":0,"master_deck":["AscendersBane","Strike_P+1","Strike_P+1","Defend_P","Defend_P","Eruption+1","Vigilance+1","HandOfGreed+1","Consecrate+1","SashWhip+1","Crescendo+1","Sanctity","Meditate+1","ThirdEye+1","LessonLearned+1","Wallop+1","DeceiveReality","Protect","Blasphemy+1","BowlingBash+1","CutThroughFate","CutThroughFate+1","Weave","Establishment","Dark Shackles+1","DeceiveReality","Wish","CutThroughFate+1","WaveOfTheHand+1","Collect+1","ThirdEye+1","Vault+1","EmptyBody","WheelKick","InnerPeace","The Bomb","Ragnarok"],"special_seed":0,"relics":["PureWater","Bag of Preparation","Ice Cream","Mercury Hourglass","Kunai","Fusion Hammer","Lantern","MutagenicStrength","Mummified Hand","Whetstone","Centennial Puzzle","CeramicFish","Sozu","Old Coin","Anchor","Nunchaku","Smiling Mask","Membership Card","Happy Flower","Boot","Gremlin Horn"],"potions_floor_usage":[],"damage_taken":[{"damage":14.0,"enemies":"Jaw Worm","floor":1.0,"turns":6.0},{"damage":0.0,"enemies":"Cultist","floor":2.0,"turns":2.0},{"damage":4.0,"enemies":"2 Louse","floor":4.0,"turns":5.0},{"damage":0.0,"enemies":"Exordium Thugs","floor":5.0,"turns":3.0},{"damage":22.0,"enemies":"Gremlin Nob","floor":6.0,"turns":3.0},{"damage":9.0,"enemies":"Lagavulin","floor":8.0,"turns":4.0},{"damage":0.0,"enemies":"Large Slime","floor":11.0,"turns":4.0},{"damage":0.0,"enemies":"3 Sentries","floor":14.0,"turns":3.0},{"damage":7.0,"enemies":"The Guardian","floor":16.0,"turns":10.0},{"damage":0.0,"enemies":"Chosen","floor":18.0,"turns":2.0},{"damage":3.0,"enemies":"Shell Parasite","floor":21.0,"turns":5.0},{"damage":0.0,"enemies":"Slavers","floor":24.0,"turns":2.0},{"damage":0.0,"enemies":"Gremlin Leader","floor":27.0,"turns":3.0},{"damage":5.0,"enemies":"Centurion and Healer","floor":28.0,"turns":2.0},{"damage":3.0,"enemies":"Cultist and Chosen","floor":30.0,"turns":4.0},{"damage":0.0,"enemies":"Book of Stabbing","floor":31.0,"turns":3.0},{"damage":17.0,"enemies":"Automaton","floor":33.0,"turns":6.0},{"damage":0.0,"enemies":"3 Shapes","floor":35.0,"turns":3.0},{"damage":0.0,"enemies":"Orb Walker","floor":37.0,"turns":2.0},{"damage":0.0,"enemies":"Mind Bloom Boss Battle","floor":38.0,"turns":6.0},{"damage":9.0,"enemies":"Reptomancer","floor":41.0,"turns":2.0},{"damage":2.0,"enemies":"Nemesis","floor":44.0,"turns":6.0},{"damage":0.0,"enemies":"Writhing Mass","floor":45.0,"turns":11.0},{"damage":0.0,"enemies":"Jaw Worm Horde","floor":46.0,"turns":4.0},{"damage":0.0,"enemies":"Spire Growth","floor":47.0,"turns":2.0},{"damage":0.0,"enemies":"Reptomancer","floor":48.0,"turns":2.0},{"damage":48,"enemies":"Time Eater","floor":50,"turns":18},{"damage":0,"enemies":"Awakened One","floor":51,"turns":19},{"damage":6,"enemies":"Shield and Spear","floor":55,"turns":7},{"damage":59,"enemies":"The Heart","floor":56,"turns":4}],"seed_played":"5881052521349881486","potions_obtained":[{"floor":2.0,"key":"EssenceOfSteel"},{"floor":8.0,"key":"Swift Potion"},{"floor":14.0,"key":"LiquidBronze"},{"floor":16.0,"key":"Energy Potion"},{"floor":18.0,"key":"PowerPotion"},{"floor":21.0,"key":"PowerPotion"},{"floor":28.0,"key":"EssenceOfSteel"}],"is_trial":false,"path_per_floor":["M","M","?","M","M","E","R","E","T","R","M","$","R","E","R","B",null,"M","?","$","M","?","R","E","R","T","E","M","$","M","E","R","B",null,"M","$","M","?","?","R","E","R","T","E","M","M","M","E","R","B","B",null,"R","$","E","B"],"character_chosen":"WATCHER","items_purchased":["Wallop","DeceiveReality","Lantern","Weave","Establishment","Dark Shackles","WaveOfTheHand","Membership Card","Happy Flower","InnerPeace","Boot","The Bomb"],"campfire_rested":7,"item_purchase_floors":[12,12,20,29,29,29,36,54,54,54,54,54],"current_hp_per_floor":[47,47,47,43,43,21,21,12,12,12,12,12,32,32,32,25,57,57,57,57,54,54,54,54,68,68,68,63,63,60,60,68,51,64,64,64,64,64,64,65,56,65,65,63,63,63,63,63,65,17,17,53,65,65,59,0],"gold":404,"neow_bonus":"RANDOM_COLORLESS_2","is_prod":false,"is_daily":false,"chose_seed":false,"campfire_upgraded":3,"win_rate":0,"timestamp":1570511425,"path_taken":["M","M","?","M","M","E","R","E","T","R","?","$","R","E","R","BOSS","M","?","?","M","?","R","E","R","T","E","M","$","M","E","R","BOSS","M","$","M","?","?","R","E","R","T","E","M","M","M","E","R","BOSS","BOSS","R","$","E","BOSS"],"build_version":"2019-10-07","purchased_purges":4,"victory":false,"max_hp_per_floor":[68,68,68,68,68,68,68,68,68,68,68,68,68,68,68,68,68,68,68,68,68,68,68,68,68,68,68,68,68,68,68,68,68,68,68,68,68,68,65,65,65,65,65,65,65,65,65,65,65,65,65,65,65,65,65,65],"card_choices":[{"not_picked":["Apotheosis","Transmutation"],"picked":"HandOfGreed","floor":0.0},{"not_picked":["FlyingSleeves","BattleHymn"],"picked":"Consecrate","floor":1.0},{"not_picked":["WreathOfFlame","Worship"],"picked":"SashWhip","floor":2.0},{"not_picked":["FlurryOfBlows","Wireheading"],"picked":"Crescendo","floor":4.0},{"not_picked":["WaveOfTheHand","Weave"],"picked":"Sanctity","floor":5.0},{"not_picked":["FlyingSleeves","Consecrate"],"picked":"Meditate","floor":6.0},{"not_picked":["FlyingSleeves","PathToVictory"],"picked":"ThirdEye","floor":8.0},{"not_picked":["FlyingSleeves","SashWhip"],"picked":"LessonLearned","floor":11.0},{"not_picked":["Consecrate","Weave"],"picked":"Protect","floor":14.0},{"not_picked":["LessonLearned","Ragnarok"],"picked":"Blasphemy","floor":16.0},{"not_picked":["Collect","Adaptation"],"picked":"BowlingBash","floor":18.0},{"not_picked":["WheelKick","BowlingBash+1"],"picked":"CutThroughFate","floor":21.0},{"not_picked":["FollowUp","ThirdEye","Perseverance"],"picked":"SKIP","floor":24.0},{"not_picked":["Vengeance","JustLucky","Swivel+1"],"picked":"SKIP","floor":27.0},{"not_picked":["Pray","Meditate"],"picked":"CutThroughFate+1","floor":28.0},{"not_picked":["SashWhip","BowlingBash","CutThroughFate"],"picked":"SKIP","floor":30.0},{"not_picked":["SashWhip","MentalFortress"],"picked":"DeceiveReality","floor":31.0},{"not_picked":["LessonLearned","Devotion"],"picked":"Wish","floor":33.0},{"not_picked":["BattleHymn","FollowUp"],"picked":"CutThroughFate+1","floor":35.0},{"not_picked":["CarveReality+1","BowlingBash"],"picked":"Collect","floor":37.0},{"not_picked":["CutThroughFate","FlyingSleeves"],"picked":"ThirdEye+1","floor":38.0},{"not_picked":["Vengeance+1","ClearTheMind+1"],"picked":"Vault","floor":41.0},{"not_picked":["WaveOfTheHand","FlurryOfBlows"],"picked":"EmptyBody","floor":44.0},{"not_picked":["Crescendo","FlurryOfBlows+1","Consecrate"],"picked":"SKIP","floor":45.0},{"not_picked":["ClearTheMind","Prostrate"],"picked":"WheelKick","floor":46.0},{"not_picked":["Adaptation","EmptyBody+1","Establishment"],"picked":"SKIP","floor":47.0},{"not_picked":["CrushJoints+1","JustLucky","FollowUp"],"picked":"SKIP","floor":48.0},{"not_picked":["FlyingSleeves","WreathOfFlame"],"picked":"Ragnarok","floor":55}],"player_experience":1448526,"relics_obtained":[{"floor":6.0,"key":"Bag of Preparation"},{"floor":8.0,"key":"Ice Cream"},{"floor":9.0,"key":"Mercury Hourglass"},{"floor":14.0,"key":"Kunai"},{"floor":24.0,"key":"Mummified Hand"},{"floor":26.0,"key":"Whetstone"},{"floor":27.0,"key":"Centennial Puzzle"},{"floor":31.0,"key":"CeramicFish"},{"floor":38.0,"key":"Old Coin"},{"floor":41.0,"key":"Anchor"},{"floor":44.0,"key":"Nunchaku"},{"floor":48.0,"key":"Smiling Mask"},{"floor":55,"key":"Gremlin Horn"}],"event_choices":[{"damage_healed":0.0,"max_hp_gain":0.0,"max_hp_loss":0.0,"gold_gain":50.0,"event_name":"Golden Shrine","player_choice":"Pray","floor":3.0,"gold_loss":0.0,"damage_taken":0.0},{"damage_healed":0.0,"max_hp_gain":0.0,"max_hp_loss":0.0,"gold_gain":0.0,"event_name":"The Woman in Blue","player_choice":"Bought 1 Potion","floor":19.0,"gold_loss":0.0,"damage_taken":0.0},{"damage_healed":0.0,"max_hp_gain":0.0,"max_hp_loss":0.0,"gold_gain":0.0,"event_name":"Drug Dealer","player_choice":"Inject Mutagens","floor":22.0,"gold_loss":0.0,"damage_taken":0.0,"relics_obtained":["MutagenicStrength"]},{"damage_healed":0.0,"max_hp_gain":0.0,"max_hp_loss":0.0,"gold_gain":0.0,"event_name":"MindBloom","player_choice":"Fight","floor":38.0,"gold_loss":0.0,"damage_taken":0.0},{"damage_healed":0.0,"max_hp_gain":0.0,"max_hp_loss":3.0,"gold_gain":0.0,"event_name":"Winding Halls","player_choice":"Max HP","floor":39.0,"gold_loss":0.0,"damage_taken":0.0}],"is_beta":true,"boss_relics":[{"not_picked":["Pandora\u0027s Box","Astrolabe"],"picked":"Fusion Hammer"},{"not_picked":["Runic Dome","Busted Crown"],"picked":"Sozu"}],"items_purged_floors":[12,20,36,54],"is_endless":false,"potions_floor_spawned":[2,8,11,14,16,18,21,28,35,37,44,47,55],"killed_by":"The Heart","ascension_level":20}