{"gold_per_floor":[139,139,139,1,20,20,36,68,68,68,79,79,110,121,121,217,217,203,97,97,127,127,127,402,402,427,41,58,58,58,75,75,75],"floor_reached":33,"playtime":2406,"items_purged":["Regret"],"score":453,"play_id":"6f637369-f698-42e4-9411-4fd42e341e59","local_time":"20181125211517","is_ascension_mode":true,"campfire_choices":[{"data":"Beam Cell","floor":6,"key":"SMITH"},{"floor":10,"key":"REST"},{"floor":12,"key":"REST"},{"data":"Hologram","floor":15,"key":"SMITH"},{"floor":23,"key":"REST"},{"data":"Static Discharge","floor":25,"key":"SMITH"},{"floor":29,"key":"REST"},{"floor":32,"key":"REST"}],"neow_cost":"NONE","seed_source_timestamp":713279523774778,"circlet_count":0,"master_deck":["AscendersBane","Strike_B+1","Strike_B","Strike_B+1","Strike_B","Defend_B","Defend_B","Defend_B","Defend_B","Zap+1","Dualcast","Turbo","Impatience","Steam","Beam Cell+1","FTL","Rip and Tear","Glacier","Hologram+1","Echo Form","Gash+1","Scrape","Static Discharge+1","Sunder","Master of Strategy","Steam Power+1","Stack+1"],"relics":["Cracked Core","Tiny Chest","Blue Candle","Pear","Whetstone","Smiling Mask","Sozu","Frozen Egg 2","Red Mask","Bottled Flame","Omamori","Regal Pillow"],"potions_floor_usage":[13,16,16,33],"damage_taken":[{"damage":4,"enemies":"Small Slimes","floor":1,"turns":3},{"damage":7,"enemies":"Jaw Worm","floor":5,"turns":3},{"damage":0,"enemies":"Cultist","floor":7,"turns":3},{"damage":24,"enemies":"Lagavulin","floor":8,"turns":5},{"damage":17,"enemies":"Lots of Slimes","floor":11,"turns":3},{"damage":0,"enemies":"Gremlin Nob","floor":13,"turns":3},{"damage":6,"enemies":"Exordium Wildlife","floor":14,"turns":3},{"damage":6,"enemies":"Hexaghost","floor":16,"turns":9},{"damage":33,"enemies":"2 Thieves","floor":18,"turns":4},{"damage":27,"enemies":"Masked Bandits","floor":21,"turns":4},{"damage":0,"enemies":"Shell Parasite","floor":28,"turns":3},{"damage":18,"enemies":"Snecko","floor":31,"turns":3},{"damage":92,"enemies":"Collector","floor":33,"turns":11}],"seed_played":"-4448663065013287991","potions_obtained":[{"floor":8,"key":"Weak Potion"},{"floor":11,"key":"PowerPotion"},{"floor":13,"key":"Energy Potion"},{"floor":16,"key":"EssenceOfSteel"}],"is_trial":false,"path_per_floor":["M","?","?","$","M","R","M","E","T","R","M","R","E","M","R","B",null,"M","$","T","?","T","R","?","R","T","$","M","R","?","M","R","B"],"character_chosen":"DEFECT","items_purchased":["Impatience","Steam","Scrape","Static Discharge","Regal Pillow","Master of Strategy"],"campfire_rested":5,"item_purchase_floors":[4,4,19,19,27,27],"current_hp_per_floor":[64,57,57,57,50,50,50,36,36,61,44,69,69,63,63,57,78,45,45,45,18,18,43,43,43,43,43,43,83,67,49,90,0],"gold":75,"neow_bonus":"RANDOM_COMMON_RELIC","is_prod":false,"is_daily":false,"chose_seed":false,"campfire_upgraded":3,"win_rate":0,"timestamp":1543198517,"path_taken":["M","?","?","$","?","R","M","E","T","R","M","R","E","M","R","BOSS","M","?","?","?","?","R","?","R","T","$","?","R","?","M","R","BOSS"],"build_version":"2018-11-15","purchased_purges":1,"victory":false,"max_hp_per_floor":[75,75,75,75,75,75,75,85,85,85,85,85,85,85,85,85,85,85,85,85,85,85,85,85,85,85,85,85,85,90,90,90,90],"card_choices":[{"not_picked":["Go for the Eyes","Recycle"],"picked":"Turbo","floor":1},{"not_picked":["Barrage","Conserve Battery"],"picked":"Beam Cell","floor":5},{"not_picked":["Streamline","Force Field"],"picked":"FTL","floor":7},{"not_picked":["Heatsinks","Recycle"],"picked":"Rip and Tear","floor":8},{"not_picked":["Lockon","Melter"],"picked":"Glacier","floor":11},{"not_picked":["Coolheaded","Streamline","Blizzard"],"picked":"SKIP","floor":13},{"not_picked":["Rebound","Redo"],"picked":"Hologram","floor":14},{"not_picked":["Reboot","Buffer"],"picked":"Echo Form","floor":16},{"not_picked":["Aggregate","Doom and Gloom"],"picked":"Gash+1","floor":18},{"not_picked":["Barrage","Leap"],"picked":"Sunder","floor":21},{"not_picked":["Sweeping Beam","Genetic Algorithm+1"],"picked":"Steam Power+1","floor":28},{"not_picked":["Capacitor+1","Aggregate"],"picked":"Stack+1","floor":31}],"player_experience":2023017,"relics_obtained":[{"floor":8,"key":"Pear"},{"floor":9,"key":"Whetstone"},{"floor":13,"key":"Smiling Mask"},{"floor":20,"key":"Frozen Egg 2"},{"floor":21,"key":"Red Mask"},{"floor":22,"key":"Bottled Flame"},{"floor":26,"key":"Omamori"}],"event_choices":[{"damage_healed":0,"gold_gain":0,"player_choice":"Success","damage_taken":7,"relics_obtained":["Blue Candle"],"max_hp_gain":0,"max_hp_loss":0,"event_name":"Scrap Ooze","floor":2,"gold_loss":0},{"damage_healed":0,"gold_gain":0,"player_choice":"Upgraded","damage_taken":0,"max_hp_gain":0,"max_hp_loss":0,"event_name":"Upgrade Shrine","floor":3,"gold_loss":0,"cards_upgraded":["Zap"]},{"damage_healed":0,"gold_gain":0,"player_choice":"Fought Bandits","damage_taken":0,"max_hp_gain":0,"max_hp_loss":0,"event_name":"Masked Bandits","floor":21,"gold_loss":0},{"damage_healed":0,"gold_gain":275,"player_choice":"Desecrate","damage_taken":0,"max_hp_gain":0,"max_hp_loss":0,"event_name":"Golden Shrine","floor":24,"gold_loss":0,"cards_obtained":["Regret"]},{"damage_healed":0,"gold_gain":0,"player_choice":"Shed Blood","damage_taken":21,"max_hp_gain":5,"max_hp_loss":0,"event_name":"Forgotten Altar","floor":30,"gold_loss":0}],"is_beta":false,"boss_relics":[{"not_picked":["Orrery","Calling Bell"],"picked":"Sozu"}],"items_purged_floors":[27],"is_endless":false,"potions_floor_spawned":[8,11,13,16,21],"killed_by":"Collector","ascension_level":11}