{"gold_per_floor":[213,228,228,244,259,284,284,284,284,284,294,294,54,7,7,81,81,98,98,117,42,42,42,75,75,75,75,94,112,132,132,132,132],"floor_reached":33,"playtime":3071,"items_purged":["Strike_B"],"score":462,"play_id":"68e08fab-6abd-43ae-a0fe-41b32a63900b","local_time":"20190202145125","is_ascension_mode":true,"campfire_choices":[{"data":"Zap","floor":7.0,"key":"SMITH"},{"data":"Dualcast","floor":10.0,"key":"SMITH"},{"data":"Turbo","floor":12.0,"key":"SMITH"},{"floor":15.0,"key":"REST"},{"data":"Hyperbeam","floor":23,"key":"SMITH"},{"floor":25,"key":"REST"},{"floor":32,"key":"REST"}],"neow_cost":"NONE","seed_source_timestamp":0,"circlet_count":0,"master_deck":["AscendersBane","Defend_B","Defend_B","Defend_B","Defend_B","Zap+1","Dualcast+1","Compile Driver","Ball Lightning","Turbo+1","Cold Snap","All For One","Tempest","Trip","Go for the Eyes","Steam","Hyperbeam+1","Beam Cell","Gash","Undo","Electrodynamics","Regret","Bite","Bite","Bite","Bite","Bite","Gash","Reinforced Body","Go for the Eyes","Beam Cell+1","Steam","Writhe"],"special_seed":0,"relics":["Cracked Core","Matryoshka","Cursed Key","Prayer Wheel","Shuriken","Bottled Lightning","Calipers"],"potions_floor_usage":[20,24,33],"damage_taken":[{"damage":3.0,"enemies":"Small Slimes","floor":1.0,"turns":3.0},{"damage":2.0,"enemies":"Jaw Worm","floor":2.0,"turns":3.0},{"damage":0.0,"enemies":"2 Louse","floor":4.0,"turns":2.0},{"damage":1.0,"enemies":"Looter","floor":5.0,"turns":2.0},{"damage":30.0,"enemies":"3 Sentries","floor":6.0,"turns":8.0},{"damage":0.0,"enemies":"3 Louse","floor":11.0,"turns":3.0},{"damage":42.0,"enemies":"Slime Boss","floor":16.0,"turns":8.0},{"damage":5.0,"enemies":"Chosen","floor":18.0,"turns":3.0},{"damage":12,"enemies":"Shell Parasite","floor":20,"turns":3},{"damage":18,"enemies":"Gremlin Leader","floor":24,"turns":6},{"damage":18,"enemies":"Snake Plant","floor":28,"turns":3},{"damage":12,"enemies":"Cultist and Chosen","floor":29,"turns":5},{"damage":15,"enemies":"Centurion and Healer","floor":30,"turns":4},{"damage":64,"enemies":"Collector","floor":33,"turns":6}],"seed_played":"-7301775594199996221","potions_obtained":[{"floor":2.0,"key":"SteroidPotion"},{"floor":5.0,"key":"GamblersBrew"},{"floor":6.0,"key":"AttackPotion"},{"floor":18.0,"key":"Dexterity Potion"},{"floor":20,"key":"SkillPotion"},{"floor":28,"key":"Explosive Potion"}],"is_trial":false,"path_per_floor":["M","M","?","M","M","E","R","?","T","R","M","R","$","?","R","B",null,"M","?","M","?","?","R","E","R","T","?","M","M","M","?","R","B"],"character_chosen":"DEFECT","items_purchased":["Trip","Go for the Eyes","Steam"],"campfire_rested":3,"item_purchase_floors":[13,13,13],"current_hp_per_floor":[65,63,56,56,55,25,25,25,25,25,27,27,27,27,49,9,59,56,56,46,46,46,46,30,52,52,52,40,36,27,27,49,0],"gold":132,"neow_bonus":"HUNDRED_GOLD","is_prod":false,"is_daily":false,"chose_seed":false,"campfire_upgraded":4,"win_rate":0,"timestamp":1549137085,"path_taken":["M","M","?","M","M","E","R","?","T","R","M","R","$","?","R","BOSS","M","?","M","?","?","R","E","R","T","?","M","M","M","?","R","BOSS"],"build_version":"2019-01-23","purchased_purges":1,"victory":false,"max_hp_per_floor":[75,75,75,75,75,75,75,75,75,75,75,75,75,75,75,75,75,75,75,75,75,75,75,75,75,75,75,75,75,75,75,75,75],"card_choices":[{"not_picked":["Recycle","Barrage"],"picked":"Compile Driver","floor":1.0},{"not_picked":["Rip and Tear","Lockon"],"picked":"Ball Lightning","floor":2.0},{"not_picked":["Tempest","Rebound"],"picked":"Turbo","floor":4.0},{"not_picked":["Beam Cell","Scrape"],"picked":"Cold Snap","floor":5.0},{"not_picked":["Rebound","Stack"],"picked":"All For One","floor":6.0},{"not_picked":["Turbo","Cold Snap"],"picked":"Tempest","floor":11.0},{"not_picked":["Buffer","Amplify"],"picked":"Hyperbeam","floor":16.0},{"not_picked":["Gash","Undo"],"picked":"Beam Cell","floor":18.0},{"not_picked":["Reprogram","Go for the Eyes"],"picked":"Undo","floor":20},{"not_picked":["White Noise","Coolheaded"],"picked":"Electrodynamics","floor":24},{"not_picked":["Compile Driver","Reprogram"],"picked":"Gash","floor":28},{"not_picked":["Reprogram","Rebound"],"picked":"Reinforced Body","floor":28},{"not_picked":["Barrage+1","Conserve Battery"],"picked":"Go for the Eyes","floor":29},{"not_picked":["Rebound","Reprogram","Streamline"],"picked":"SKIP","floor":29},{"not_picked":["Reinforced Body","Lockon"],"picked":"Beam Cell+1","floor":30},{"not_picked":["Scrape","Ball Lightning+1"],"picked":"Steam","floor":30}],"player_experience":2250769,"relics_obtained":[{"floor":6.0,"key":"Blood Vial"},{"floor":9.0,"key":"Matryoshka"},{"floor":24,"key":"Prayer Wheel"},{"floor":26,"key":"Shuriken"},{"floor":26,"key":"Bottled Lightning"}],"event_choices":[{"cards_removed":["Strike_B"],"damage_healed":0.0,"max_hp_gain":0.0,"max_hp_loss":0.0,"gold_gain":0.0,"event_name":"Golden Wing","player_choice":"Card Removal","floor":3.0,"gold_loss":0.0,"damage_taken":7.0},{"damage_healed":0.0,"max_hp_gain":0.0,"max_hp_loss":0.0,"gold_gain":0.0,"event_name":"Dead Adventurer","player_choice":"Searched \u00271\u0027 times","floor":8.0,"gold_loss":0.0,"damage_taken":0.0},{"damage_healed":0.0,"max_hp_gain":0.0,"max_hp_loss":0.0,"gold_gain":0.0,"event_name":"World of Goop","player_choice":"Left Gold","floor":14.0,"gold_loss":47.0,"damage_taken":0.0},{"damage_healed":0.0,"max_hp_gain":0.0,"max_hp_loss":0.0,"gold_gain":0.0,"event_name":"The Library","player_choice":"Read","floor":19.0,"gold_loss":0.0,"damage_taken":0.0,"cards_obtained":["Gash"]},{"cards_removed":["Strike_B"],"damage_healed":0,"gold_gain":0,"player_choice":"Gave Gold","damage_taken":0,"max_hp_gain":0,"max_hp_loss":0,"event_name":"Beggar","floor":21,"gold_loss":75},{"damage_healed":0,"gold_gain":0,"player_choice":"Became a vampire (Vial)","damage_taken":0,"max_hp_gain":0,"max_hp_loss":0,"event_name":"Vampires","floor":27,"relics_lost":["Blood Vial"],"gold_loss":0,"cards_obtained":["Bite","Bite","Bite","Bite","Bite"]},{"damage_healed":0,"gold_gain":0,"player_choice":"Opened","damage_taken":0,"relics_obtained":["Calipers"],"max_hp_gain":0,"max_hp_loss":0,"event_name":"The Mausoleum","floor":31,"gold_loss":0,"cards_obtained":["Writhe"]}],"is_beta":false,"boss_relics":[{"not_picked":["Snecko Eye","Tiny House"],"picked":"Cursed Key"}],"items_purged_floors":[13],"is_endless":false,"potions_floor_spawned":[2,5,6,18,20,28],"killed_by":"Collector","ascension_level":13}