{"gold_per_floor":[209,209,209,224,235,235,251,281,281,281,298,326,340,51,51,122,122,136,136,136,36,36,36,54,54],"floor_reached":25,"playtime":1561,"items_purged":["Strike_P","Strike_P"],"score":472,"play_id":"cfa18f67-8ff6-4d73-bb5b-ca365089e878","local_time":"20190924205126","is_ascension_mode":true,"campfire_choices":[{"data":"Eruption","floor":6.0,"key":"SMITH"},{"data":"DeceiveReality","floor":10.0,"key":"SMITH"},{"floor":15,"key":"REST"},{"data":"Ragnarok","floor":23,"key":"SMITH"}],"neow_cost":"NONE","seed_source_timestamp":0,"circlet_count":0,"master_deck":["AscendersBane","Strike_P","Strike_P","Defend_P","Defend_P","Defend_P","Eruption+1","Vigilance","CutThroughFate","Crescendo","CutThroughFate","DeceiveReality+1","DeusExMachina+1","ThirdEye+1","Weave","Protect+1","Ragnarok+1","EmptyFist","Devotion","Judgement+1","Sanctity+1","RitualDagger","BowlingBash"],"special_seed":0,"relics":["PureWater","Ginger","Toxic Egg 2","White Beast Statue","Ice Cream","Black Star"],"potions_floor_usage":[25,25],"damage_taken":[{"damage":2.0,"enemies":"Jaw Worm","floor":1.0,"turns":4.0},{"damage":0.0,"enemies":"Cultist","floor":4.0,"turns":3.0},{"damage":10.0,"enemies":"2 Louse","floor":5.0,"turns":3.0},{"damage":8.0,"enemies":"Blue Slaver","floor":7.0,"turns":4.0},{"damage":0.0,"enemies":"Lagavulin","floor":8.0,"turns":4.0},{"damage":0.0,"enemies":"Large Slime","floor":11.0,"turns":4.0},{"damage":1.0,"enemies":"Gremlin Nob","floor":12.0,"turns":3.0},{"damage":20,"enemies":"Exordium Thugs","floor":13,"turns":3},{"damage":3,"enemies":"Hexaghost","floor":16,"turns":7},{"damage":4,"enemies":"Chosen","floor":18,"turns":4},{"damage":10,"enemies":"3 Byrds","floor":24,"turns":4},{"damage":14,"enemies":"Book of Stabbing","floor":25,"turns":4}],"seed_played":"8550296210344897162","potions_obtained":[{"floor":4.0,"key":"SteroidPotion"},{"floor":11.0,"key":"Block Potion"},{"floor":12.0,"key":"StancePotion"},{"floor":13,"key":"LiquidBronze"},{"floor":16,"key":"Strength Potion"},{"floor":18,"key":"Block Potion"}],"is_trial":false,"path_per_floor":["M","?","?","M","M","R","M","E","T","R","M","E","M","$","R","B",null,"M","?","?","$","?","R","M","E"],"character_chosen":"WATCHER","items_purchased":["Ragnarok","EmptyFist","Devotion"],"campfire_rested":1,"item_purchase_floors":[14,14,14],"current_hp_per_floor":[53,42,42,42,32,32,24,24,24,24,24,23,3,3,21,18,50,46,40,24,24,24,24,14,0],"gold":54,"neow_bonus":"HUNDRED_GOLD","is_prod":false,"is_daily":false,"chose_seed":false,"campfire_upgraded":3,"win_rate":0,"timestamp":1569315086,"path_taken":["M","?","?","M","M","R","M","E","T","R","M","E","?","$","R","BOSS","M","?","?","$","?","R","?","E"],"build_version":"2019-09-23","purchased_purges":2,"victory":false,"max_hp_per_floor":[61,61,61,61,61,61,61,61,61,61,61,61,61,61,61,61,61,61,61,66,66,66,66,66,66],"card_choices":[{"not_picked":["Weave","Sanctity"],"picked":"CutThroughFate","floor":1.0},{"not_picked":["ClearTheMind","Halt"],"picked":"Crescendo","floor":4.0},{"not_picked":["Wireheading","FollowUp"],"picked":"CutThroughFate","floor":5.0},{"not_picked":["ThirdEye","Vengeance"],"picked":"DeceiveReality","floor":7.0},{"not_picked":["Fasting","FollowUp"],"picked":"DeusExMachina","floor":8.0},{"not_picked":["Weave","Protect+1"],"picked":"ThirdEye+1","floor":11.0},{"not_picked":["Conclude","Protect+1"],"picked":"Weave","floor":12.0},{"not_picked":["SpiritShield+1","EmptyFist"],"picked":"Protect+1","floor":13},{"not_picked":["Pray+1","Brilliance+1"],"picked":"Judgement+1","floor":16},{"not_picked":["FlyingSleeves","Consecrate"],"picked":"Sanctity+1","floor":18},{"not_picked":["Scrawl+1","FearNoEvil"],"picked":"BowlingBash","floor":24}],"player_experience":1229248,"relics_obtained":[{"floor":8.0,"key":"Toxic Egg 2"},{"floor":9.0,"key":"White Beast Statue"},{"floor":12.0,"key":"Ice Cream"}],"event_choices":[{"damage_healed":0.0,"max_hp_gain":0.0,"max_hp_loss":0.0,"gold_gain":0.0,"event_name":"Scrap Ooze","player_choice":"Success","floor":2.0,"gold_loss":0.0,"damage_taken":11.0,"relics_obtained":["Ginger"]},{"cards_removed":["Defend_P"],"damage_healed":0.0,"max_hp_gain":0.0,"max_hp_loss":0.0,"gold_gain":0.0,"event_name":"Purifier","player_choice":"Purged","floor":3.0,"gold_loss":0.0,"damage_taken":0.0},{"damage_healed":0,"gold_gain":0,"player_choice":"Joined the Cult","damage_taken":6,"max_hp_gain":0,"max_hp_loss":0,"event_name":"Nest","floor":19,"gold_loss":0,"cards_obtained":["RitualDagger"]},{"damage_healed":0,"gold_gain":0,"player_choice":"Shed Blood","damage_taken":21,"max_hp_gain":5,"max_hp_loss":0,"event_name":"Forgotten Altar","floor":20,"gold_loss":0},{"damage_healed":0,"gold_gain":0,"player_choice":"Ignored","damage_taken":0,"max_hp_gain":0,"max_hp_loss":0,"event_name":"N\u0027loth","floor":22,"gold_loss":0}],"is_beta":true,"boss_relics":[{"not_picked":["Runic Pyramid","Empty Cage"],"picked":"Black Star"}],"items_purged_floors":[14,21],"is_endless":false,"potions_floor_spawned":[4,11,12,13,16,18,24],"killed_by":"Book of Stabbing","ascension_level":20}