{"gold_per_floor":[112,127,77,77,88,88,122,122,122,150,170,170,190,219,219,316,316,332,257,154,174,186,186],"floor_reached":23,"playtime":2310,"items_purged":[],"score":295,"play_id":"9dbcbd90-d7cf-40ae-a5b7-2e8dca96fca5","local_time":"20180813012618","is_ascension_mode":true,"campfire_choices":[{"data":"Zap","floor":6.0,"key":"SMITH"},{"floor":8.0,"key":"REST"},{"data":"Beam Cell","floor":12.0,"key":"SMITH"},{"floor":15.0,"key":"REST"}],"neow_cost":"NONE","seed_source_timestamp":0,"circlet_count":0,"master_deck":["Strike_B","Strike_B","Defend_B","Defend_B","Defend_B","Zap+1","Dualcast","Auto Shields","Beam Cell+1","Turbo","Sweeping Beam","Go for the Eyes","Tempest","Turbo","Conserve Battery","Biased Cognition","Beam Cell","Scrape","Redo","Steam"],"special_seed":0,"relics":["Cracked Core","CultistMask","Emotion Chip","Cables","Happy Flower","Bottled Flame","Black Star"],"potions_floor_usage":[18,23],"damage_taken":[{"damage":0.0,"enemies":"2 Louse","floor":1.0,"turns":3.0},{"damage":2.0,"enemies":"Jaw Worm","floor":2.0,"turns":3.0},{"damage":0.0,"enemies":"Cultist","floor":5.0,"turns":3.0},{"damage":24.0,"enemies":"3 Sentries","floor":7.0,"turns":7.0},{"damage":0.0,"enemies":"Gremlin Nob","floor":10.0,"turns":3.0},{"damage":8.0,"enemies":"Large Slime","floor":11.0,"turns":4.0},{"damage":3.0,"enemies":"Red Slaver","floor":13.0,"turns":2.0},{"damage":14.0,"enemies":"3 Sentries","floor":14.0,"turns":3.0},{"damage":22.0,"enemies":"The Guardian","floor":16.0,"turns":9.0},{"damage":9,"enemies":"3 Byrds","floor":18,"turns":3},{"damage":19,"enemies":"2 Thieves","floor":21,"turns":2},{"damage":18,"enemies":"Sentry and Sphere","floor":22,"turns":4},{"damage":23,"enemies":"3 Cultists","floor":23,"turns":4}],"seed_played":"7587603238121282829","potions_obtained":[{"floor":1.0,"key":"SteroidPotion"},{"floor":7.0,"key":"Fire Potion"},{"floor":11.0,"key":"EssenceOfSteel"},{"floor":14.0,"key":"LiquidBronze"},{"floor":16.0,"key":"Fire Potion"}],"is_trial":false,"path_per_floor":["M","M","?","?","M","R","E","R","T","E","M","R","M","E","R","B",null,"M","?","$","M","M"],"character_chosen":"DEFECT","items_purchased":["Scrape","Redo"],"campfire_rested":2,"item_purchase_floors":[20,20],"current_hp_per_floor":[75,73,73,73,73,73,49,71,71,71,63,63,60,46,68,46,68,59,59,59,40,22,0],"gold":186,"neow_bonus":"TRANSFORM_CARD","is_prod":false,"is_daily":false,"chose_seed":false,"campfire_upgraded":2,"win_rate":0,"timestamp":1534137978,"path_taken":["M","M","?","?","M","R","E","R","T","E","M","R","?","E","R","BOSS","M","?","$","?","M","M"],"build_version":"2018-08-09","purchased_purges":0,"victory":false,"max_hp_per_floor":[75,75,75,75,75,75,75,75,75,75,75,75,75,75,75,75,75,75,75,75,75,75,75],"card_choices":[{"not_picked":["Scrape","Force Field"],"picked":"Beam Cell","floor":1.0},{"not_picked":["Steam","Go for the Eyes"],"picked":"Turbo","floor":2.0},{"not_picked":["Capacitor","Heatsinks"],"picked":"Sweeping Beam","floor":5.0},{"not_picked":["Chaos","Glacier"],"picked":"Go for the Eyes","floor":10.0},{"not_picked":["Rebound","Stack"],"picked":"Tempest","floor":11.0},{"not_picked":["BootSequence","Rebound"],"picked":"Turbo","floor":13.0},{"not_picked":["Hyperbeam","Redo"],"picked":"Conserve Battery","floor":14.0},{"not_picked":["Reboot","Machine Learning"],"picked":"Biased Cognition","floor":16.0},{"not_picked":["Chaos","Barrage"],"picked":"Beam Cell","floor":18},{"not_picked":["White Noise","Rebound+1"],"picked":"Steam","floor":21},{"not_picked":["Force Field","Rebound","Darkness"],"picked":"SKIP","floor":22}],"player_experience":1518571,"relics_obtained":[{"floor":7.0,"key":"Emotion Chip"},{"floor":9.0,"key":"Cables"},{"floor":10.0,"key":"Happy Flower"},{"floor":14.0,"key":"Bottled Flame"}],"event_choices":[{"event_name":"The Cleric","player_choice":"Card Removal","floor":3.0,"damage_taken":0.0},{"event_name":"FaceTrader","player_choice":"Trade","floor":4.0,"damage_taken":0.0},{"event_name":"Beggar","player_choice":"Gave Gold","floor":19,"damage_taken":0}],"is_beta":false,"boss_relics":[{"not_picked":["Tiny House","Orrery"],"picked":"Black Star"}],"items_purged_floors":[],"is_endless":false,"potions_floor_spawned":[1,7,11,14,16],"killed_by":"3 Cultists","ascension_level":5}