{"gold_per_floor":[119,132,149,21,21,52,4,4,4,24,299,309,309,259,259,361,361,372,372,123,123,45,45,45,45,45,56,66,66,76,108,108,108],"floor_reached":33,"playtime":2547,"items_purged":["Strike_G","Regret"],"score":288,"play_id":"79ca2be6-5884-48e6-96ae-71364e5a83db","local_time":"20181105223827","is_ascension_mode":false,"campfire_choices":[{"data":"Neutralize","floor":8,"key":"SMITH"},{"floor":15,"key":"REST"},{"data":"Quick Slash","floor":23,"key":"SMITH"},{"floor":25,"key":"REST"},{"data":"Prepared","floor":29,"key":"SMITH"},{"data":"Prepared","floor":32,"key":"SMITH"}],"neow_cost":"NONE","seed_source_timestamp":363124723285469,"circlet_count":0,"master_deck":["Defend_G+1","Defend_G+1","Defend_G+1","Defend_G+1","Defend_G+1","Strike_G+1","Strike_G+1","Survivor","Neutralize+1","PiercingWail","Flying Knee","Quick Slash+1","Flying Knee","Deflect","PiercingWail","PiercingWail","Bane","Backflip+1","Dagger Throw","Prepared+1","Prepared","Acrobatics+1","Prepared+1","Acrobatics"],"relics":["Ring of the Snake","Ancient Tea Set","Blue Candle","Lantern","Sozu","Regal Pillow","Happy Flower","Tingsha","Dodecahedron"],"potions_floor_usage":[10,16,18],"damage_taken":[{"damage":1,"enemies":"Cultist","floor":1,"turns":4},{"damage":0,"enemies":"Small Slimes","floor":2,"turns":4},{"damage":3,"enemies":"Jaw Worm","floor":3,"turns":5},{"damage":20,"enemies":"Lagavulin","floor":6,"turns":8},{"damage":0,"enemies":"Large Slime","floor":10,"turns":4},{"damage":5,"enemies":"Gremlin Gang","floor":12,"turns":5},{"damage":39,"enemies":"The Guardian","floor":16,"turns":25},{"damage":14,"enemies":"Shell Parasite","floor":18,"turns":8},{"damage":5,"enemies":"Colosseum Slavers","floor":21,"turns":6},{"damage":0,"enemies":"2 Thieves","floor":27,"turns":4},{"damage":6,"enemies":"Snake Plant","floor":28,"turns":5},{"damage":0,"enemies":"Cultist and Chosen","floor":30,"turns":4},{"damage":0,"enemies":"Book of Stabbing","floor":31,"turns":5},{"damage":76,"enemies":"Champ","floor":33,"turns":12}],"seed_played":"-2978883816613223824","potions_obtained":[{"floor":6,"key":"SkillPotion"},{"floor":10,"key":"EssenceOfSteel"},{"floor":16,"key":"AttackPotion"}],"is_trial":false,"path_per_floor":["M","M","M","$","?","E","$","R","T","M","?","M","?","?","R","B",null,"M","?","$","?","$","R","?","R","T","M","M","R","M","E","R","B"],"character_chosen":"THE_SILENT","items_purchased":["Flying Knee","PiercingWail","Happy Flower","Dagger Throw","Prepared"],"campfire_rested":2,"item_purchase_floors":[4,7,20,22,22],"current_hp_per_floor":[69,69,66,66,66,46,46,46,46,46,46,41,34,34,55,16,70,56,56,56,51,51,51,51,70,70,70,64,64,64,64,64,0],"gold":108,"neow_bonus":"RANDOM_COMMON_RELIC","is_prod":false,"is_daily":false,"chose_seed":false,"campfire_upgraded":4,"win_rate":0,"timestamp":1541475507,"path_taken":["M","M","M","?","?","E","?","R","T","M","?","?","?","?","R","BOSS","M","?","$","?","$","R","?","R","T","M","M","R","M","E","R","BOSS"],"build_version":"2018-11-01","purchased_purges":2,"victory":false,"max_hp_per_floor":[70,70,70,70,70,70,70,70,70,70,70,70,70,70,70,70,70,70,70,70,70,70,70,70,70,70,70,70,70,70,70,70,70],"card_choices":[{"not_picked":["Dagger Throw","Outmaneuver"],"picked":"PiercingWail","floor":1},{"not_picked":["Sucker Punch","Deadly Poison"],"picked":"Flying Knee","floor":2},{"not_picked":["Acrobatics","Prepared"],"picked":"Quick Slash","floor":3},{"not_picked":["Endless Agony","Corpse Explosion"],"picked":"Deflect","floor":6},{"not_picked":["Acrobatics","Backstab"],"picked":"PiercingWail","floor":10},{"not_picked":["Corpse Explosion","Footwork"],"picked":"Bane","floor":12},{"not_picked":["Deadly Poison","Prepared+1"],"picked":"Backflip+1","floor":18},{"not_picked":["Backflip","Flying Knee"],"picked":"Prepared","floor":27},{"not_picked":["PiercingWail","Slice+1"],"picked":"Acrobatics+1","floor":28},{"not_picked":["Envenom","Backstab"],"picked":"Prepared","floor":30},{"not_picked":["Backstab","Expertise+1"],"picked":"Acrobatics","floor":31}],"player_experience":1926274,"relics_obtained":[{"floor":6,"key":"Blue Candle"},{"floor":9,"key":"Lantern"},{"floor":26,"key":"Tingsha"},{"floor":31,"key":"Dodecahedron"}],"event_choices":[{"damage_healed":0,"gold_gain":0,"player_choice":"Ignored","damage_taken":0,"max_hp_gain":0,"max_hp_loss":0,"event_name":"Liars Game","floor":5,"gold_loss":0},{"damage_healed":0,"gold_gain":275,"player_choice":"Desecrate","damage_taken":0,"max_hp_gain":0,"max_hp_loss":0,"event_name":"Golden Shrine","floor":11,"gold_loss":0,"cards_obtained":["Regret"]},{"cards_removed":["Strike_G"],"damage_healed":0,"gold_gain":0,"player_choice":"Card Removal","damage_taken":7,"max_hp_gain":0,"max_hp_loss":0,"event_name":"Golden Wing","floor":13,"gold_loss":0},{"cards_removed":["Strike_G"],"damage_healed":0,"gold_gain":0,"player_choice":"Card Removal","damage_taken":0,"max_hp_gain":0,"max_hp_loss":0,"event_name":"The Cleric","floor":14,"gold_loss":50},{"damage_healed":0,"gold_gain":0,"player_choice":"Opened","damage_taken":0,"relics_obtained":["Regal Pillow"],"max_hp_gain":0,"max_hp_loss":0,"event_name":"The Mausoleum","floor":19,"gold_loss":0},{"damage_healed":0,"gold_gain":0,"player_choice":"Fight","damage_taken":0,"max_hp_gain":0,"max_hp_loss":0,"event_name":"Colosseum","floor":21,"gold_loss":0},{"damage_healed":0,"gold_gain":0,"player_choice":"Fled From Nobs","damage_taken":0,"max_hp_gain":0,"max_hp_loss":0,"event_name":"Colosseum","floor":21,"gold_loss":0},{"damage_healed":0,"gold_gain":0,"player_choice":"Simplicity","damage_taken":0,"max_hp_gain":0,"max_hp_loss":0,"event_name":"Back to Basics","floor":24,"gold_loss":0,"cards_upgraded":["Defend_G","Defend_G","Defend_G","Defend_G","Defend_G","Strike_G","Strike_G"]}],"is_beta":false,"boss_relics":[{"not_picked":["HoveringKite","Astrolabe"],"picked":"Sozu"}],"items_purged_floors":[4,20],"is_endless":false,"potions_floor_spawned":[6,10,16,21,27,31],"killed_by":"Champ","ascension_level":0}