{"gold_per_floor":[110,35,49,62,62,62,62,62,62,62,62,80,80,100,100,173,173,185,65,65,65,65],"floor_reached":22,"playtime":798,"items_purged":["Strike_R"],"score":444,"play_id":"50a94e48-b357-4639-aa62-710db23610d9","local_time":"20191028080446","is_ascension_mode":true,"campfire_choices":[{"data":"Barricade","floor":6.0,"key":"SMITH"},{"data":"Shrug It Off","floor":8.0,"key":"SMITH"},{"data":"Shrug It Off","floor":10.0,"key":"SMITH"},{"data":"Defend_R","floor":13,"key":"SMITH"},{"data":"Defend_R","floor":15,"key":"SMITH"}],"neow_cost":"NONE","seed_source_timestamp":80899614184341,"circlet_count":0,"master_deck":["AscendersBane","Strike_R","Strike_R","Strike_R","Defend_R+1","Defend_R+1","Defend_R","Defend_R","Bash","Barricade+1","Shrug It Off+1","Shrug It Off+1"],"special_seed":0,"relics":["Burning Blood","Paper Frog","Singing Bowl","Runic Cube"],"potions_floor_usage":[12,16],"damage_taken":[{"damage":12.0,"enemies":"Cultist","floor":1.0,"turns":4.0},{"damage":1.0,"enemies":"Small Slimes","floor":3.0,"turns":4.0},{"damage":16.0,"enemies":"Jaw Worm","floor":4.0,"turns":7.0},{"damage":5,"enemies":"Lots of Slimes","floor":12,"turns":10},{"damage":2,"enemies":"Blue Slaver","floor":14,"turns":7},{"damage":0,"enemies":"The Guardian","floor":16,"turns":24},{"damage":4,"enemies":"Shell Parasite","floor":18,"turns":26},{"damage":17,"enemies":"2 Thieves","floor":19,"turns":5}],"seed_played":"-3132257721292256656","potions_obtained":[{"floor":4.0,"key":"Dexterity Potion"},{"floor":12,"key":"SpeedPotion"},{"floor":14,"key":"DistilledChaos"},{"floor":18,"key":"SpeedPotion"}],"is_trial":false,"path_per_floor":["M","$","M","M","$","R","?","R","T","R","?","M","R","M","R","B",null,"M","M","$","?","$"],"character_chosen":"IRONCLAD","items_purchased":[],"campfire_rested":0,"item_purchase_floors":[],"current_hp_per_floor":[62,62,67,57,57,57,39,39,39,39,39,42,42,48,48,56,75,79,70,70,70,70],"gold":65,"neow_bonus":"ONE_RANDOM_RARE_CARD","is_prod":false,"is_daily":false,"chose_seed":false,"campfire_upgraded":5,"win_rate":0,"timestamp":1572246286,"path_taken":["M","$","M","M","?","R","?","R","T","R","?","?","R","M","R","BOSS","M","M","$","?","$"],"build_version":"2019-10-25-V3","purchased_purges":1,"victory":false,"max_hp_per_floor":[75,75,75,75,75,75,75,75,75,75,75,77,77,79,79,81,81,83,85,85,85,85],"card_choices":[{"not_picked":["Anger","Armaments"],"picked":"Shrug It Off","floor":1.0},{"not_picked":["Combust","Heavy Blade"],"picked":"Shrug It Off","floor":3.0},{"not_picked":["Headbutt","Searing Blow","Pommel Strike"],"picked":"SKIP","floor":4.0},{"not_picked":["Dark Embrace","Metallicize","Intimidate"],"picked":"Singing Bowl","floor":12},{"not_picked":["Battle Trance","Anger","Burning Pact"],"picked":"Singing Bowl","floor":14},{"not_picked":["Immolate","Exhume","Bludgeon"],"picked":"Singing Bowl","floor":16},{"not_picked":["Headbutt","Power Through","Clash"],"picked":"Singing Bowl","floor":18},{"not_picked":["True Grit","Fire Breathing","Warcry"],"picked":"Singing Bowl","floor":19}],"player_experience":900856,"relics_obtained":[{"floor":9.0,"key":"Singing Bowl"}],"event_choices":[{"damage_healed":0.0,"max_hp_gain":0.0,"max_hp_loss":0.0,"gold_gain":0.0,"event_name":"Scrap Ooze","player_choice":"Success","floor":7.0,"gold_loss":0.0,"damage_taken":18.0,"relics_obtained":["Paper Frog"]},{"cards_removed":["Strike_R"],"damage_healed":0.0,"max_hp_gain":0.0,"max_hp_loss":0.0,"gold_gain":0.0,"event_name":"Wheel of Change","player_choice":"Card Removal","floor":11.0,"gold_loss":0.0,"damage_taken":0.0},{"damage_healed":0,"gold_gain":0,"player_choice":"Ignored","damage_taken":0,"max_hp_gain":0,"max_hp_loss":0,"event_name":"Vampires","floor":21,"gold_loss":0}],"is_beta":true,"boss_relics":[{"not_picked":["SacredBark","Mark of Pain"],"picked":"Runic Cube"}],"items_purged_floors":[2],"is_endless":false,"potions_floor_spawned":[4,12,14,18],"ascension_level":20}