{"gold_per_floor":[115,28,42,55,70,70,84,99,126,126,126,155,169,185,185,264,264,274,274,274,293,209,209,238,251,251,251,282,282,1,35,35,112,112,130,184,184,203,203,203],"floor_reached":40,"playtime":3637,"items_purged":[],"score":967,"play_id":"49e355de-6c33-4438-ba47-e0d2a6fd0d94","local_time":"20190724221124","is_ascension_mode":true,"campfire_choices":[{"data":"Intimidate","floor":6.0,"key":"SMITH"},{"data":"True Grit","floor":10.0,"key":"SMITH"},{"data":"Disarm","floor":15.0,"key":"SMITH"},{"data":"Pommel Strike","floor":23.0,"key":"SMITH"},{"data":"Disarm","floor":27.0,"key":"SMITH"},{"data":"Limit Break","floor":32.0,"key":"SMITH"}],"neow_cost":"PERCENT_DAMAGE","seed_source_timestamp":385131714402311,"circlet_count":0,"master_deck":["AscendersBane","Strike_R+1","Strike_R+1","Strike_R+1","Strike_R+1","Defend_R+1","Defend_R+1","Defend_R+1","Bash","Sword Boomerang","Disarm+1","Thunderclap","Reaper","Intimidate+1","Headbutt","True Grit+1","Carnage","Disarm+1","Pommel Strike+1","Offering","Spot Weakness+1","Rupture","Spot Weakness","Regret","Pummel","Limit Break+1","Offering","Heavy Blade+1","Flex","Metallicize","Shockwave","Rupture+1","Thinking Ahead","Panacea","Apotheosis"],"special_seed":0,"relics":["Burning Blood","Orichalcum","Pantograph","Singing Bowl","Cursed Key","Juzu Bracelet","Question Card","Vajra","Meat on the Bone","Red Skull","Orrery","Magic Flower"],"potions_floor_usage":[40],"damage_taken":[{"damage":7.0,"enemies":"Cultist","floor":1.0,"turns":4.0},{"damage":11.0,"enemies":"2 Louse","floor":3.0,"turns":3.0},{"damage":2.0,"enemies":"Small Slimes","floor":4.0,"turns":3.0},{"damage":21.0,"enemies":"Looter","floor":5.0,"turns":4.0},{"damage":8.0,"enemies":"2 Fungi Beasts","floor":7.0,"turns":3.0},{"damage":19.0,"enemies":"Exordium Wildlife","floor":8.0,"turns":7.0},{"damage":13.0,"enemies":"3 Sentries","floor":12.0,"turns":7.0},{"damage":5.0,"enemies":"Looter","floor":13.0,"turns":3.0},{"damage":4.0,"enemies":"2 Fungi Beasts","floor":14.0,"turns":4.0},{"damage":28.0,"enemies":"The Guardian","floor":16.0,"turns":16.0},{"damage":2.0,"enemies":"Chosen","floor":18.0,"turns":5.0},{"damage":22.0,"enemies":"2 Thieves","floor":21.0,"turns":4.0},{"damage":40.0,"enemies":"Slavers","floor":24.0,"turns":5.0},{"damage":7.0,"enemies":"Snake Plant","floor":25.0,"turns":5.0},{"damage":23.0,"enemies":"Gremlin Leader","floor":28.0,"turns":6.0},{"damage":46.0,"enemies":"Slavers","floor":31.0,"turns":4.0},{"damage":74.0,"enemies":"Automaton","floor":33.0,"turns":8.0},{"damage":50.0,"enemies":"3 Darklings","floor":35.0,"turns":6.0},{"damage":26.0,"enemies":"2 Orb Walkers","floor":36.0,"turns":3.0},{"damage":27.0,"enemies":"3 Shapes","floor":38.0,"turns":10.0},{"damage":80,"enemies":"Reptomancer","floor":40,"turns":3}],"seed_played":"-7681874962930410155","potions_obtained":[{"floor":1.0,"key":"GamblersBrew"},{"floor":4.0,"key":"LiquidBronze"},{"floor":5.0,"key":"Ancient Potion"},{"floor":8.0,"key":"PowerPotion"},{"floor":18.0,"key":"SpeedPotion"},{"floor":28.0,"key":"LiquidBronze"},{"floor":31.0,"key":"Swift Potion"},{"floor":33.0,"key":"Fire Potion"},{"floor":35.0,"key":"Ancient Potion"},{"floor":38.0,"key":"Dexterity Potion"}],"is_trial":false,"path_per_floor":["M","$","M","M","M","R","M","M","T","R","T","E","M","M","R","B",null,"M","?","?","M","$","R","E","M","T","R","E","?","$","E","R","B",null,"M","?","?","M","?","E"],"character_chosen":"IRONCLAD","items_purchased":["Disarm","Rupture","Meat on the Bone"],"campfire_rested":0,"item_purchase_floors":[2,22,30],"current_hp_per_floor":[49,49,44,48,39,39,49,41,41,41,41,46,53,63,63,53,70,75,75,75,73,73,73,68,73,73,73,73,50,50,46,46,34,74,61,53,53,88,78,0],"gold":203,"neow_bonus":"REMOVE_TWO","is_prod":false,"is_daily":false,"chose_seed":false,"campfire_upgraded":6,"win_rate":0,"timestamp":1564020684,"path_taken":["M","$","M","M","M","R","M","M","T","R","?","E","M","M","R","BOSS","M","?","?","M","$","R","E","M","T","R","E","?","?","E","R","BOSS","M","?","?","M","?","E"],"build_version":"2019-01-23","purchased_purges":0,"victory":false,"max_hp_per_floor":[75,75,75,75,75,75,75,75,75,75,75,75,75,75,75,75,75,75,75,75,77,77,77,79,79,79,79,79,84,84,84,84,84,86,86,86,86,88,88,88],"card_choices":[{"not_picked":["Havoc","Flex"],"picked":"Sword Boomerang","floor":1.0},{"not_picked":["Dropkick","Battle Trance"],"picked":"Thunderclap","floor":3.0},{"not_picked":["Armaments","Perfected Strike"],"picked":"Reaper","floor":4.0},{"not_picked":["Corruption","Flex"],"picked":"Intimidate","floor":5.0},{"not_picked":["Wild Strike","Corruption"],"picked":"Headbutt","floor":7.0},{"not_picked":["Rage","Headbutt"],"picked":"True Grit","floor":8.0},{"not_picked":["Fiend Fire","Sword Boomerang"],"picked":"Carnage","floor":12.0},{"not_picked":["Rage","Shrug It Off"],"picked":"Disarm","floor":13.0},{"not_picked":["Searing Blow","Iron Wave"],"picked":"Pommel Strike","floor":14.0},{"not_picked":["Brutality","Exhume"],"picked":"Offering","floor":16.0},{"not_picked":["Dual Wield","Flame Barrier+1"],"picked":"Spot Weakness+1","floor":18.0},{"not_picked":["Second Wind+1","Headbutt","Corruption"],"picked":"Singing Bowl","floor":21.0},{"not_picked":["Havoc","Body Slam","Pommel Strike"],"picked":"Singing Bowl","floor":24.0},{"not_picked":["Wild Strike","Clash+1"],"picked":"Spot Weakness","floor":25.0},{"not_picked":["Infernal Blade","Havoc","Hemokinesis"],"picked":"Pummel","floor":28.0},{"not_picked":["Armaments","Cleave","Perfected Strike"],"picked":"Limit Break","floor":31.0},{"not_picked":["Bludgeon","Fiend Fire","Double Tap"],"picked":"Offering","floor":33.0},{"not_picked":["True Grit","Offering","Feel No Pain"],"picked":"Heavy Blade+1","floor":34.0},{"not_picked":["Blood for Blood","Sword Boomerang","Twin Strike"],"picked":"Flex","floor":34.0},{"not_picked":["Havoc","Thunderclap","Sword Boomerang"],"picked":"Metallicize","floor":34.0},{"not_picked":["Anger","Sever Soul","Cleave"],"picked":"Rupture","floor":34.0},{"not_picked":["Iron Wave","Searing Blow","Twin Strike","Body Slam"],"picked":"Singing Bowl","floor":34.0},{"not_picked":["Uppercut","Sentinel","Perfected Strike"],"picked":"Shockwave","floor":35.0},{"not_picked":["Pommel Strike","Thunderclap","Second Wind"],"picked":"Rupture+1","floor":36.0},{"not_picked":["Sword Boomerang","Warcry","Perfected Strike","Reckless Charge"],"picked":"Singing Bowl","floor":38.0},{"not_picked":["Sadistic Nature","Madness","Purity"],"picked":"Thinking Ahead","floor":39.0},{"not_picked":["Blind","Sadistic Nature","HandOfGreed"],"picked":"Panacea","floor":39.0},{"not_picked":["Dramatic Entrance","Finesse","Mind Blast"],"picked":"Apotheosis","floor":39.0}],"player_experience":2730491,"relics_obtained":[{"floor":9.0,"key":"Orichalcum"},{"floor":11.0,"key":"Pantograph"},{"floor":12.0,"key":"Singing Bowl"},{"floor":24.0,"key":"Juzu Bracelet"},{"floor":26.0,"key":"Question Card"},{"floor":28.0,"key":"Vajra"},{"floor":31.0,"key":"Red Skull"},{"floor":36.0,"key":"Magic Flower"}],"event_choices":[{"damage_healed":0.0,"max_hp_gain":0.0,"max_hp_loss":0.0,"gold_gain":0.0,"event_name":"Back to Basics","player_choice":"Simplicity","floor":19.0,"gold_loss":0.0,"damage_taken":0.0,"cards_upgraded":["Strike_R","Strike_R","Strike_R","Strike_R","Defend_R","Defend_R","Defend_R"]},{"damage_healed":0.0,"max_hp_gain":0.0,"max_hp_loss":0.0,"gold_gain":0.0,"event_name":"Vampires","player_choice":"Ignored","floor":20.0,"gold_loss":0.0,"damage_taken":0.0},{"damage_healed":0.0,"max_hp_gain":5.0,"max_hp_loss":0.0,"gold_gain":0.0,"event_name":"Forgotten Altar","player_choice":"Shed Blood","floor":29.0,"gold_loss":0.0,"damage_taken":28.0},{"damage_healed":0.0,"max_hp_gain":0.0,"max_hp_loss":0.0,"gold_gain":0.0,"event_name":"Mysterious Sphere","player_choice":"Fight","floor":36.0,"gold_loss":0.0,"damage_taken":0.0},{"cards_removed":["Rupture"],"damage_healed":0.0,"max_hp_gain":0.0,"max_hp_loss":0.0,"gold_gain":0.0,"event_name":"Falling","player_choice":"Removed Power","floor":37.0,"gold_loss":0.0,"damage_taken":0.0},{"damage_healed":0.0,"max_hp_gain":0.0,"max_hp_loss":0.0,"gold_gain":0.0,"event_name":"SensoryStone","player_choice":"Memory 3","floor":39.0,"gold_loss":0.0,"damage_taken":10.0}],"is_beta":false,"boss_relics":[{"not_picked":["Philosopher\u0027s Stone","Sozu"],"picked":"Cursed Key"},{"not_picked":["Calling Bell","Runic Dome"],"picked":"Orrery"}],"items_purged_floors":[],"is_endless":false,"potions_floor_spawned":[1,4,5,8,18,28,31,33,35,38],"killed_by":"Reptomancer","ascension_level":20}