{"gold_per_floor":[20,0,0,14,14,14,25,25,73,106,106,52,68,80,80,178,178,193,213,2,17,17,17,45,45,95,105,105,138,138,154,154,154],"floor_reached":33,"playtime":4839,"items_purged":[],"score":399,"play_id":"0f4c73a8-a343-4081-b39f-0c5c28e79721","local_time":"20180907223730","is_ascension_mode":true,"campfire_choices":[{"data":"Neutralize","floor":6,"key":"SMITH"},{"data":"Crippling Poison","floor":8,"key":"SMITH"},{"floor":15,"key":"REST"},{"data":"Storm of Steel","floor":23,"key":"SMITH"},{"floor":25,"key":"REST"},{"floor":30,"key":"REST"},{"floor":32,"key":"REST"}],"neow_cost":"NO_GOLD","seed_source_timestamp":24429319411772,"circlet_count":0,"master_deck":["Defend_G","Defend_G","Defend_G","Defend_G","Defend_G","Strike_G","Strike_G","Strike_G","Strike_G","Survivor","Neutralize+1","Crippling Poison+1","Dagger Throw","PiercingWail","Acrobatics","Bouncing Flask","Dagger Throw","Poisoned Stab","Adrenaline","Storm of Steel+1","Riddle With Holes+1","Slice","Sadistic Nature","Blade Dance","Bane","J.A.X.","Slice+1","Leg Sweep","Slice+1","Tools of the Trade"],"relics":["Ring of the Snake","Potion Belt","Tingsha","WristBlade","Dead Branch","Oddly Smooth Stone","Bag of Preparation"],"potions_floor_usage":[10,16,24,27,29,33,33],"damage_taken":[{"damage":0,"enemies":"Small Slimes","floor":1,"turns":5},{"damage":4,"enemies":"Jaw Worm","floor":4,"turns":6},{"damage":0,"enemies":"Cultist","floor":7,"turns":4},{"damage":25,"enemies":"Gremlin Nob","floor":10,"turns":5},{"damage":4,"enemies":"Exordium Wildlife","floor":13,"turns":2},{"damage":10,"enemies":"Blue Slaver","floor":14,"turns":4},{"damage":11,"enemies":"Hexaghost","floor":16,"turns":8},{"damage":0,"enemies":"3 Byrds","floor":18,"turns":5},{"damage":0,"enemies":"Chosen","floor":19,"turns":3},{"damage":13,"enemies":"Centurion and Healer","floor":21,"turns":5},{"damage":25,"enemies":"Slavers","floor":24,"turns":4},{"damage":32,"enemies":"Sentry and Sphere","floor":27,"turns":6},{"damage":15,"enemies":"Gremlin Leader","floor":29,"turns":6},{"damage":10,"enemies":"Cultist and Chosen","floor":31,"turns":4},{"damage":70,"enemies":"Collector","floor":33,"turns":8}],"seed_played":"-9217916247278362271","potions_obtained":[{"floor":1,"key":"SkillPotion"},{"floor":7,"key":"SmokeBomb"},{"floor":10,"key":"Weak Potion"},{"floor":13,"key":"Strength Potion"},{"floor":19,"key":"Regen Potion"},{"floor":21,"key":"Poison Potion"},{"floor":27,"key":"FearPotion"},{"floor":31,"key":"AttackPotion"}],"is_trial":false,"path_per_floor":["M","?","?","M","?","R","M","R","T","E","?","$","M","M","R","B",null,"M","M","$","M","?","R","E","R","T","M","?","E","R","M","R"],"character_chosen":"THE_SILENT","items_purchased":["Dagger Throw","Sadistic Nature","Blade Dance"],"campfire_rested":4,"item_purchase_floors":[12,20,20],"current_hp_per_floor":[77,77,77,73,73,73,73,73,73,48,48,48,44,34,59,48,75,75,75,75,62,62,62,37,62,62,44,44,29,54,44,69,0],"gold":154,"neow_bonus":"TWENTY_PERCENT_HP_BONUS","is_prod":false,"is_daily":false,"chose_seed":false,"campfire_upgraded":3,"win_rate":0,"timestamp":1536374250,"path_taken":["M","?","?","M","?","R","?","R","T","E","?","$","M","M","R","BOSS","M","M","$","M","?","R","E","R","T","M","?","E","R","M","R","BOSS"],"build_version":"2018-08-23v2","purchased_purges":0,"victory":false,"max_hp_per_floor":[84,84,84,84,84,84,84,84,84,84,84,84,84,84,84,84,84,84,84,84,84,84,84,84,84,84,84,84,84,84,84,84,84],"card_choices":[{"not_picked":["Well Laid Plans","Cloak And Dagger"],"picked":"Crippling Poison","floor":1},{"not_picked":["Cloak And Dagger","Outmaneuver"],"picked":"Dagger Throw","floor":4},{"not_picked":["Blade Dance","Expertise"],"picked":"PiercingWail","floor":7},{"not_picked":["Accuracy","Blur"],"picked":"Acrobatics","floor":10},{"not_picked":["Eviscerate","Finisher"],"picked":"Poisoned Stab","floor":13},{"not_picked":["Deadly Poison","Expertise"],"picked":"Adrenaline","floor":14},{"not_picked":["Malaise","Bullet Time"],"picked":"Storm of Steel","floor":16},{"not_picked":["Sucker Punch","Deadly Poison"],"picked":"Riddle With Holes+1","floor":18},{"not_picked":["Setup","Dodge and Roll"],"picked":"Slice","floor":19},{"not_picked":["Caltrops","Dash"],"picked":"Bane","floor":21},{"not_picked":["Concentrate","Acrobatics"],"picked":"Slice+1","floor":24},{"not_picked":["Endless Agony","Sucker Punch+1"],"picked":"Leg Sweep","floor":27},{"not_picked":["Outmaneuver","Setup+1"],"picked":"Slice+1","floor":29},{"not_picked":["Backflip","Deflect+1"],"picked":"Tools of the Trade","floor":31}],"player_experience":1670301,"relics_obtained":[{"floor":9,"key":"Potion Belt"},{"floor":10,"key":"Tingsha"},{"floor":24,"key":"Dead Branch"},{"floor":26,"key":"Oddly Smooth Stone"},{"floor":29,"key":"Bag of Preparation"}],"event_choices":[{"event_name":"World of Goop","player_choice":"Left","floor":2,"damage_taken":0},{"event_name":"The Cleric","player_choice":"Leave","floor":3,"damage_taken":0},{"event_name":"Liars Game","player_choice":"disagreed","floor":5,"damage_taken":0},{"event_name":"Living Wall","player_choice":"Change","floor":11,"damage_taken":0},{"event_name":"Drug Dealer","player_choice":"Got JAX","floor":22,"damage_taken":0},{"event_name":"Vampires","player_choice":"Ignored","floor":28,"damage_taken":0}],"is_beta":false,"boss_relics":[{"not_picked":["Fusion Hammer","Tiny House"],"picked":"WristBlade"}],"items_purged_floors":[],"is_endless":false,"potions_floor_spawned":[1,7,10,13,19,21,27,31],"killed_by":"Collector","ascension_level":8}