{"gold_per_floor":[117,117,137,0,15,15,27,27,50,50,27,27,37,52,52,155,155,168,168,182,0,12,12,12,12,38,38,38,38,50,61,61,61],"floor_reached":33,"playtime":1558,"items_purged":[],"score":262,"play_id":"8ea7b487-346b-4d20-aece-2a74becdb73f","local_time":"20190722165501","is_ascension_mode":false,"campfire_choices":[{"data":"Capacitor","floor":6,"key":"SMITH"},{"data":"Auto Shields","floor":8,"key":"SMITH"},{"data":"Sweeping Beam","floor":10,"key":"SMITH"},{"floor":15,"key":"REST"},{"floor":23,"key":"REST"},{"floor":25,"key":"REST"},{"floor":32,"key":"REST"}],"neow_cost":"NONE","seed_source_timestamp":304059903248586,"circlet_count":0,"master_deck":["Strike_B","Strike_B","Strike_B","Strike_B","Defend_B","Defend_B","Defend_B","Defend_B","Zap","Dualcast","Seek","Genetic Algorithm","Swift Strike","Machine Learning","Auto Shields+1","Capacitor+1","FTL","Sweeping Beam+1","FTL","Coolheaded","Stack","Consume","Echo Form","Streamline","BootSequence","Self Repair","Steam","Capacitor+1","Auto Shields","Defragment","Glacier","Rip and Tear","Undo","Conserve Battery","Core Surge"],"relics":["Cracked Core","Boot","Orrery","Orichalcum"],"potions_floor_usage":[16],"damage_taken":[{"damage":1,"enemies":"Jaw Worm","floor":1,"turns":5},{"damage":0,"enemies":"Cultist","floor":3,"turns":4},{"damage":12,"enemies":"2 Louse","floor":5,"turns":3},{"damage":3,"enemies":"Red Slaver","floor":7,"turns":4},{"damage":7,"enemies":"Exordium Wildlife","floor":13,"turns":3},{"damage":5,"enemies":"Gremlin Gang","floor":14,"turns":4},{"damage":11,"enemies":"Slime Boss","floor":16,"turns":10},{"damage":30,"enemies":"3 Byrds","floor":18,"turns":7},{"damage":55,"enemies":"Spheric Guardian","floor":20,"turns":8},{"damage":30,"enemies":"Snake Plant","floor":22,"turns":6},{"damage":16,"enemies":"Centurion and Healer","floor":30,"turns":12},{"damage":19,"enemies":"Snecko","floor":31,"turns":9},{"damage":59,"enemies":"Automaton","floor":33,"turns":6}],"seed_played":"-5233645851196807531","potions_obtained":[{"floor":7,"key":"FairyPotion"},{"floor":13,"key":"AttackPotion"},{"floor":14,"key":"FearPotion"},{"floor":22,"key":"Strength Potion"},{"floor":31,"key":"AttackPotion"}],"is_trial":false,"path_per_floor":["M","?","M","$","M","R","M","R","T","R","$","?","M","M","R","B",null,"M","?","M","$","M","R","$","R","T","?","$","$","M","M","R","B"],"character_chosen":"DEFECT","items_purchased":["Capacitor","FTL","Coolheaded","Defragment","Glacier","Rip and Tear"],"campfire_rested":4,"item_purchase_floors":[4,4,11,21,21,21],"current_hp_per_floor":[74,74,74,74,62,62,59,59,59,59,59,59,52,47,69,58,75,52,75,27,27,14,36,36,58,58,51,51,51,42,23,45,0],"gold":61,"neow_bonus":"ONE_RANDOM_RARE_CARD","is_prod":false,"is_daily":false,"chose_seed":false,"campfire_upgraded":3,"win_rate":0.0,"timestamp":1563825301,"path_taken":["M","?","?","?","M","R","M","R","T","R","$","?","?","M","R","BOSS","M","?","M","$","?","R","$","R","T","?","?","$","M","M","R","BOSS"],"build_version":"2019-07-17","purchased_purges":0,"victory":false,"max_hp_per_floor":[75,75,75,75,75,75,75,75,75,75,75,75,75,75,75,75,75,75,75,75,75,75,75,75,75,75,75,75,75,75,75,75,75],"card_choices":[{"not_picked":["Turbo","Loop"],"picked":"Genetic Algorithm","floor":1},{"not_picked":["Beam Cell","Stack"],"picked":"Auto Shields","floor":3},{"not_picked":["Beam Cell","Compile Driver"],"picked":"Sweeping Beam","floor":5},{"not_picked":["Force Field","Cold Snap"],"picked":"FTL","floor":7},{"not_picked":["Recycle","Reprogram"],"picked":"Stack","floor":13},{"not_picked":["Reinforced Body","Turbo"],"picked":"Consume","floor":14},{"not_picked":["Core Surge","Multi-Cast"],"picked":"Echo Form","floor":16},{"not_picked":["Stack","Rip and Tear"],"picked":"Streamline","floor":17},{"not_picked":["Coolheaded","Rebound"],"picked":"BootSequence","floor":17},{"not_picked":["Rebound","Beam Cell"],"picked":"Glacier","floor":17},{"not_picked":["Heatsinks","Leap"],"picked":"Self Repair","floor":17},{"not_picked":["Cold Snap","Rip and Tear"],"picked":"Steam","floor":17},{"not_picked":["Barrage+1","Gash"],"picked":"Capacitor+1","floor":18},{"not_picked":["Tempest","Rebound"],"picked":"Auto Shields","floor":20},{"not_picked":["Go for the Eyes","Auto Shields+1"],"picked":"Undo","floor":22},{"not_picked":["Go for the Eyes","Lockon"],"picked":"Conserve Battery","floor":30},{"not_picked":["Stack+1","Steam"],"picked":"Core Surge","floor":31}],"player_experience":219979,"relics_obtained":[{"floor":9,"key":"Boot"},{"floor":26,"key":"Orichalcum"}],"event_choices":[{"damage_healed":0,"gold_gain":0,"player_choice":"2 cards matched","damage_taken":0,"max_hp_gain":0,"max_hp_loss":0,"event_name":"Match and Keep!","floor":2,"gold_loss":0,"cards_obtained":["Swift Strike","Machine Learning"]},{"damage_healed":0,"gold_gain":0,"player_choice":"Ignored","damage_taken":0,"max_hp_gain":0,"max_hp_loss":0,"event_name":"NoteForYourself","floor":12,"gold_loss":0},{"cards_removed":["Glacier"],"damage_healed":23,"gold_gain":0,"player_choice":"Offered Uncommon","damage_taken":0,"max_hp_gain":0,"max_hp_loss":0,"event_name":"Bonfire Elementals","floor":19,"gold_loss":0},{"damage_healed":0,"gold_gain":0,"player_choice":"","damage_taken":7,"max_hp_gain":0,"max_hp_loss":0,"event_name":"Knowing Skull","floor":27,"potions_obtained":[],"gold_loss":0,"cards_obtained":[]}],"is_beta":false,"boss_relics":[{"not_picked":["White Beast Statue","Coffee Dripper"],"picked":"Orrery"}],"items_purged_floors":[],"is_endless":false,"potions_floor_spawned":[7,13,14,22,31],"killed_by":"Automaton","ascension_level":0}