{"gold_per_floor":[210,210,78,96,114,139,58,58,58,58,30,30,55,71,71,142,142,154,154,173,1,13,13,46,46,46,65,78,103,103,203,203,280,280,299,313,50,50,69,69,69,69,69,97,97,116,144,144,144,144,144,144,144,1,1],"floor_reached":55,"playtime":8619,"items_purged":["Pain"],"score":2071,"play_id":"789728cb-9ed2-4d55-b2d3-039d75b63fb0","local_time":"20190928233806","is_ascension_mode":true,"campfire_choices":[{"data":"Eruption","floor":8.0,"key":"SMITH"},{"data":"BowlingBash","floor":10.0,"key":"SMITH"},{"data":"Omniscience","floor":12.0,"key":"SMITH"},{"data":"Crescendo","floor":15.0,"key":"SMITH"},{"floor":23.0,"key":"REST"},{"data":"Establishment","floor":25.0,"key":"SMITH"},{"floor":32.0,"key":"REST"},{"data":"Meditate","floor":40,"key":"SMITH"},{"floor":42,"key":"RECALL"},{"floor":49,"key":"REST"},{"floor":53,"key":"REST"}],"neow_cost":"NONE","seed_source_timestamp":0,"circlet_count":0,"master_deck":["AscendersBane","Eruption+1","Vigilance","CutThroughFate","EmptyFist","BowlingBash+1","Omniscience+1","Wallop","Crescendo+1","Protect","Alpha","WreathOfFlame","FollowUp+1","ThirdEye","DevaForm","CutThroughFate+1","Protect","SashWhip+1","ConjureBlade","ThirdEye","Protect+1","Establishment+1","Meditate+1","Protect","EmptyBody","Vault","CurseOfTheBell","Worship+1","SandsOfTime","Blind","DeceiveReality+1","WindmillStrike+1"],"special_seed":0,"relics":["PureWater","WarpedTongs","Matryoshka","Dream Catcher","Lizard Tail","TungstenRod","Pandora\u0027s Box","Centennial Puzzle","Question Card","Boot","CloakClasp","MutagenicStrength","Gambling Chip","Bottled Tornado","Calling Bell","MealTicket","Yang","CaptainsWheel","TeardropLocket","Whetstone","Vajra","Frozen Egg 2"],"potions_floor_usage":[44,51],"damage_taken":[{"damage":0.0,"enemies":"2 Louse","floor":1.0,"turns":5.0},{"damage":0.0,"enemies":"Cultist","floor":4.0,"turns":2.0},{"damage":0.0,"enemies":"Small Slimes","floor":5.0,"turns":2.0},{"damage":17.0,"enemies":"Lagavulin","floor":6.0,"turns":7.0},{"damage":3.0,"enemies":"Exordium Thugs","floor":11.0,"turns":4.0},{"damage":8.0,"enemies":"Gremlin Nob","floor":13.0,"turns":3.0},{"damage":0.0,"enemies":"Gremlin Gang","floor":14.0,"turns":3.0},{"damage":0.0,"enemies":"Slime Boss","floor":16.0,"turns":5.0},{"damage":9.0,"enemies":"2 Thieves","floor":18.0,"turns":3.0},{"damage":0.0,"enemies":"Spheric Guardian","floor":20.0,"turns":2.0},{"damage":21.0,"enemies":"Snake Plant","floor":22.0,"turns":5.0},{"damage":14.0,"enemies":"Slavers","floor":24.0,"turns":3.0},{"damage":0.0,"enemies":"Snecko","floor":27.0,"turns":6.0},{"damage":1.0,"enemies":"Centurion and Healer","floor":28.0,"turns":5.0},{"damage":0.0,"enemies":"Gremlin Leader","floor":29.0,"turns":7.0},{"damage":4.0,"enemies":"Colosseum Slavers","floor":31.0,"turns":3.0},{"damage":74.0,"enemies":"Colosseum Nobs","floor":31.0,"turns":4.0},{"damage":3.0,"enemies":"Collector","floor":33.0,"turns":7.0},{"damage":0,"enemies":"Orb Walker","floor":35,"turns":5},{"damage":6,"enemies":"3 Shapes","floor":36,"turns":6},{"damage":3,"enemies":"Sphere and 2 Shapes","floor":39,"turns":7},{"damage":15,"enemies":"Reptomancer","floor":44,"turns":10},{"damage":8,"enemies":"4 Shapes","floor":46,"turns":4},{"damage":5,"enemies":"Giant Head","floor":47,"turns":8},{"damage":44,"enemies":"Time Eater","floor":50,"turns":13},{"damage":6,"enemies":"Awakened One","floor":51,"turns":27},{"damage":74,"enemies":"Shield and Spear","floor":55,"turns":7}],"seed_played":"3136122488608592414","potions_obtained":[{"floor":4.0,"key":"SpeedPotion"},{"floor":6.0,"key":"SpeedPotion"},{"floor":11.0,"key":"SteroidPotion"},{"floor":16.0,"key":"BottledMiracle"},{"floor":18.0,"key":"Dexterity Potion"},{"floor":20.0,"key":"AttackPotion"},{"floor":33.0,"key":"Regen Potion"},{"floor":38,"key":"DuplicationPotion"},{"floor":38,"key":"Fire Potion"},{"floor":44,"key":"Fire Potion"}],"is_trial":false,"path_per_floor":["M","?","$","M","M","E","$","R","T","R","M","R","E","M","R","B",null,"M","?","M","$","M","R","E","R","T","M","M","E","?","?","R","B",null,"M","M","$","?","M","R","$","R","T","E","?","M","E","?","R","B","B",null,"R","$","E"],"character_chosen":"WATCHER","items_purchased":["AttackPotion","Wallop","Centennial Puzzle","TeardropLocket","Ancient Potion","SteroidPotion"],"campfire_rested":4,"item_purchase_floors":[3,7,21,37,54,54],"current_hp_per_floor":[61,61,61,61,61,44,44,44,44,44,41,41,33,33,33,33,59,50,50,50,50,29,49,35,35,35,35,34,34,34,34,54,51,64,64,58,68,68,65,65,68,68,68,53,49,41,36,36,56,12,6,53,68,68,0],"gold":1,"neow_bonus":"HUNDRED_GOLD","is_prod":false,"is_daily":false,"chose_seed":false,"campfire_upgraded":6,"win_rate":0,"timestamp":1569670686,"path_taken":["M","?","$","M","?","E","$","R","T","R","M","R","E","M","R","BOSS","M","?","M","$","?","R","E","R","T","?","M","E","?","?","R","BOSS","M","M","$","?","?","R","$","R","T","E","?","M","E","?","R","BOSS","BOSS","R","$","E"],"build_version":"2019-09-27","purchased_purges":1,"victory":false,"max_hp_per_floor":[68,68,68,68,68,68,68,68,68,68,68,68,68,68,68,68,68,68,68,68,68,68,68,68,68,68,68,68,68,68,68,68,68,68,68,68,68,68,68,68,68,68,68,68,68,68,68,68,68,68,68,68,68,68,68],"card_choices":[{"not_picked":["Protect","FlyingSleeves"],"picked":"CutThroughFate","floor":1.0},{"not_picked":["Protect","WreathOfFlame"],"picked":"EmptyFist","floor":4.0},{"not_picked":["Vengeance","Consecrate"],"picked":"BowlingBash","floor":5.0},{"not_picked":["BowlingBash","Halt"],"picked":"Omniscience","floor":6.0},{"not_picked":["Weave","FlyingSleeves"],"picked":"Crescendo","floor":11.0},{"not_picked":["SashWhip","Weave","Tantrum"],"picked":"SKIP","floor":13.0},{"not_picked":["FollowUp","Brilliance"],"picked":"Protect","floor":14.0},{"not_picked":["DevaForm","LessonLearned"],"picked":"Alpha","floor":16.0},{"not_picked":["BowlingBash","FlyingSleeves"],"picked":"ThirdEye","floor":18.0},{"not_picked":["Crescendo","WreathOfFlame"],"picked":"Protect+1","floor":20.0},{"not_picked":["CutThroughFate","FlyingSleeves"],"picked":"Establishment","floor":22.0},{"not_picked":["CrushJoints","CarveReality+1"],"picked":"Meditate","floor":23.0},{"not_picked":["CutThroughFate+1","EmptyMind"],"picked":"Protect","floor":24.0},{"not_picked":["ThirdEye","JustLucky","Swivel","Pray"],"picked":"SKIP","floor":27.0},{"not_picked":["ThirdEye","JustLucky","Swivel","Pray"],"picked":"SKIP","floor":27.0},{"not_picked":["CrushJoints","Wireheading","Collect+1"],"picked":"EmptyBody","floor":28.0},{"not_picked":["Perseverance","Meditate","Evaluate","Prostrate"],"picked":"SKIP","floor":29.0},{"not_picked":["Perseverance","Meditate","Evaluate","Prostrate"],"picked":"SKIP","floor":29.0},{"not_picked":["Brilliance","Pray","Alpha"],"picked":"Vault","floor":33.0},{"not_picked":["WaveOfTheHand","FollowUp","EmptyBody"],"picked":"TalkToTheHand+1","floor":35},{"not_picked":["Prostrate","EmptyFist","Protect"],"picked":"Worship+1","floor":36},{"not_picked":["Sanctity","EmptyFist","Crescendo+1","EmptyBody"],"picked":"SKIP","floor":39},{"not_picked":["Omniscience","CarveReality+1","Collect"],"picked":"SandsOfTime","floor":44},{"not_picked":["Metamorphosis","HandOfGreed","Bandage Up"],"picked":"Blind","floor":45},{"not_picked":["FollowUp+1","ClearTheMind","FlyingSleeves+1","Conclude+1"],"picked":"SKIP","floor":46},{"not_picked":["InnerPeace+1","SandsOfTime","BattleHymn","WreathOfFlame"],"picked":"SKIP","floor":47},{"not_picked":["Sanctity+1","Consecrate","FlowState+1"],"picked":"DeceiveReality+1","floor":49},{"not_picked":["FollowUp+1","JustLucky+1","EmptyMind"],"picked":"WindmillStrike+1","floor":53}],"player_experience":1308861,"relics_obtained":[{"floor":6.0,"key":"Matryoshka"},{"floor":9.0,"key":"Dream Catcher"},{"floor":9.0,"key":"Lizard Tail"},{"floor":13.0,"key":"TungstenRod"},{"floor":24.0,"key":"Question Card"},{"floor":26.0,"key":"Boot"},{"floor":29.0,"key":"CloakClasp"},{"floor":31.0,"key":"Gambling Chip"},{"floor":31.0,"key":"Bottled Tornado"},{"floor":34.0,"key":"MealTicket"},{"floor":34.0,"key":"Yang"},{"floor":34.0,"key":"CaptainsWheel"},{"floor":43,"key":"Whetstone"},{"floor":44,"key":"Vajra"},{"floor":47,"key":"Frozen Egg 2"}],"event_choices":[{"damage_healed":0.0,"max_hp_gain":0.0,"max_hp_loss":0.0,"gold_gain":0.0,"event_name":"Accursed Blacksmith","player_choice":"Rummage","floor":2.0,"gold_loss":0.0,"damage_taken":0.0,"relics_obtained":["WarpedTongs"],"cards_obtained":["Pain"]},{"damage_healed":0.0,"max_hp_gain":0.0,"max_hp_loss":0.0,"gold_gain":0.0,"event_name":"Upgrade Shrine","player_choice":"Upgraded","floor":19.0,"gold_loss":0.0,"damage_taken":0.0,"cards_upgraded":["SashWhip"]},{"damage_healed":0.0,"max_hp_gain":0.0,"max_hp_loss":0.0,"gold_gain":0.0,"event_name":"Drug Dealer","player_choice":"Inject Mutagens","floor":30.0,"gold_loss":0.0,"damage_taken":0.0,"relics_obtained":["MutagenicStrength"]},{"damage_healed":0.0,"max_hp_gain":0.0,"max_hp_loss":0.0,"gold_gain":0.0,"event_name":"Colosseum","player_choice":"Fight","floor":31.0,"gold_loss":0.0,"damage_taken":0.0},{"damage_healed":0.0,"max_hp_gain":0.0,"max_hp_loss":0.0,"gold_gain":0.0,"event_name":"Colosseum","player_choice":"Fought Nobs","floor":31.0,"gold_loss":0.0,"damage_taken":0.0},{"damage_healed":0,"gold_gain":0,"player_choice":"Got Potions","damage_taken":0,"max_hp_gain":0,"max_hp_loss":0,"event_name":"Lab","floor":38,"gold_loss":0},{"damage_healed":0,"gold_gain":0,"player_choice":"Memory 2","damage_taken":5,"max_hp_gain":0,"max_hp_loss":0,"event_name":"SensoryStone","floor":45,"gold_loss":0},{"cards_removed":["TalkToTheHand"],"damage_healed":0,"gold_gain":0,"player_choice":"Removed Attack","damage_taken":0,"max_hp_gain":0,"max_hp_loss":0,"event_name":"Falling","floor":48,"gold_loss":0}],"is_beta":true,"boss_relics":[{"not_picked":["Empty Cage","SacredBark"],"picked":"Pandora\u0027s Box"},{"not_picked":["Astrolabe","Runic Dome"],"picked":"Calling Bell"}],"items_purged_floors":[3],"is_endless":false,"potions_floor_spawned":[4,6,11,16,18,20,28,31,33,44],"killed_by":"Shield and Spear","ascension_level":20}