{"gold_per_floor":[117,135,154,154,174,174,185,185,185,211,221,10,30,45,45,45],"floor_reached":16,"playtime":1099,"items_purged":[],"score":212,"play_id":"5fa853ff-7e87-4671-9c37-a68ae7aeafe9","local_time":"20191007222354","is_ascension_mode":true,"campfire_choices":[{"data":"Neutralize","floor":6.0,"key":"SMITH"},{"floor":8.0,"key":"REST"},{"floor":15.0,"key":"REST"}],"neow_cost":"NONE","seed_source_timestamp":1707527797996338,"circlet_count":0,"master_deck":["AscendersBane","Defend_G","Defend_G","Defend_G","Defend_G","Defend_G","Strike_G","Strike_G","Strike_G","Strike_G","Survivor","Neutralize+1","Poisoned Stab","Dagger Spray","Dash","Quick Slash","Cloak And Dagger","Crippling Poison","Deadly Poison","Terror","PiercingWail","Masterful Stab","Blade Dance","Bane"],"special_seed":0,"relics":["Ring of the Snake","Nunchaku","Paper Crane"],"potions_floor_usage":[16],"damage_taken":[{"damage":2.0,"enemies":"Jaw Worm","floor":1.0,"turns":6.0},{"damage":2.0,"enemies":"Cultist","floor":2.0,"turns":4.0},{"damage":6.0,"enemies":"Small Slimes","floor":3.0,"turns":4.0},{"damage":6.0,"enemies":"Looter","floor":5.0,"turns":3.0},{"damage":7.0,"enemies":"Large Slime","floor":7.0,"turns":6.0},{"damage":48.0,"enemies":"Gremlin Nob","floor":10.0,"turns":5.0},{"damage":4.0,"enemies":"Blue Slaver","floor":11.0,"turns":4.0},{"damage":1.0,"enemies":"Looter","floor":13.0,"turns":3.0},{"damage":7.0,"enemies":"Red Slaver","floor":14.0,"turns":5.0},{"damage":32,"enemies":"Slime Boss","floor":16,"turns":6}],"seed_played":"3775329060377241450","potions_obtained":[{"floor":3.0,"key":"Ancient Potion"},{"floor":10.0,"key":"FearPotion"},{"floor":14.0,"key":"Ancient Potion"}],"is_trial":false,"path_per_floor":["M","M","M","?","M","R","M","R","T","E","M","$","M","M","R","B"],"character_chosen":"THE_SILENT","items_purchased":["Terror","PiercingWail","Masterful Stab"],"campfire_rested":2,"item_purchase_floors":[12,12,12],"current_hp_per_floor":[63,61,55,55,49,49,42,63,63,15,11,11,10,3,24,0],"gold":45,"neow_bonus":"TEN_PERCENT_HP_BONUS","is_prod":false,"is_daily":false,"chose_seed":false,"campfire_upgraded":1,"win_rate":0,"timestamp":1570501434,"path_taken":["M","M","M","?","M","R","?","R","T","E","M","?","M","M","R","BOSS"],"build_version":"2019-01-23","purchased_purges":0,"victory":false,"max_hp_per_floor":[72,72,72,72,72,72,72,72,72,72,72,72,72,72,72,72],"card_choices":[{"not_picked":["Predator","Riddle With Holes"],"picked":"Poisoned Stab","floor":1.0},{"not_picked":["Bane","Dodge and Roll"],"picked":"Dagger Spray","floor":2.0},{"not_picked":["A Thousand Cuts","Dodge and Roll"],"picked":"Dash","floor":3.0},{"not_picked":["Backflip","Blade Dance"],"picked":"Quick Slash","floor":5.0},{"not_picked":["Eviscerate","Acrobatics"],"picked":"Cloak And Dagger","floor":7.0},{"not_picked":["Choke","PiercingWail"],"picked":"Crippling Poison","floor":10.0},{"not_picked":["Dagger Spray","Choke"],"picked":"Deadly Poison","floor":11.0},{"not_picked":["Acrobatics","Predator"],"picked":"Blade Dance","floor":13.0},{"not_picked":["PiercingWail","Malaise"],"picked":"Bane","floor":14.0}],"player_experience":3017545,"relics_obtained":[{"floor":9.0,"key":"Nunchaku"},{"floor":10.0,"key":"Paper Crane"}],"event_choices":[{"cards_removed":["Strike_G"],"damage_healed":0.0,"max_hp_gain":0.0,"max_hp_loss":0.0,"gold_gain":0.0,"event_name":"Bonfire Elementals","player_choice":"Offered Basic","floor":4.0,"gold_loss":0.0,"damage_taken":0.0}],"is_beta":false,"boss_relics":[],"items_purged_floors":[],"is_endless":false,"potions_floor_spawned":[3,10,14],"killed_by":"Slime Boss","ascension_level":20}