{"gold_per_floor":[114,114,114,25,25,63,87,87],"floor_reached":8,"playtime":544,"items_purged":[],"score":142,"play_id":"49c0e3e1-cffd-4ddd-9cf2-44c63c8a1943","local_time":"20190916194153","is_ascension_mode":true,"campfire_choices":[],"neow_cost":"NONE","seed_source_timestamp":7281732915786,"circlet_count":0,"master_deck":["AscendersBane","Strike_P","Strike_P","Strike_P","Strike_P","Defend_P","Defend_P","Defend_P","Defend_P","Eruption","Vigilance","Consecrate","Blind","BowlingBash"],"relics":["PureWater","NeowsBlessing","Golden Idol","Bird Faced Urn"],"potions_floor_usage":[8,8],"damage_taken":[{"damage":0,"enemies":"Jaw Worm","floor":1,"turns":1},{"damage":0,"enemies":"3 Sentries","floor":6,"turns":2},{"damage":0,"enemies":"2 Louse","floor":7,"turns":1},{"damage":60,"enemies":"Lagavulin","floor":8,"turns":7}],"seed_played":"-285373777373977878","potions_obtained":[{"floor":5,"key":"SpeedPotion"},{"floor":5,"key":"DuplicationPotion"},{"floor":6,"key":"Fire Potion"}],"is_trial":false,"path_per_floor":["M","?","?","$","?","E","M","E"],"character_chosen":"WATCHER","items_purchased":["Blind"],"campfire_rested":0,"item_purchase_floors":[4],"current_hp_per_floor":[55,55,34,34,34,34,34,0],"gold":87,"neow_bonus":"THREE_ENEMY_KILL","is_prod":false,"is_daily":false,"chose_seed":false,"campfire_upgraded":0,"win_rate":0,"timestamp":1568619713,"path_taken":["M","?","?","$","?","E","?","E"],"build_version":"2019-09-12","purchased_purges":0,"victory":false,"max_hp_per_floor":[61,61,61,61,61,61,61,61],"card_choices":[{"not_picked":["ThirdEye","EmptyMind"],"picked":"Consecrate","floor":1},{"not_picked":["Prostrate","Weave","Worship"],"picked":"SKIP","floor":6},{"not_picked":["SpiritShield","JustLucky"],"picked":"BowlingBash","floor":7}],"player_experience":1115194,"relics_obtained":[{"floor":6,"key":"Bird Faced Urn"}],"event_choices":[{"damage_healed":0,"gold_gain":0,"player_choice":"Leave","damage_taken":0,"max_hp_gain":0,"max_hp_loss":0,"event_name":"The Cleric","floor":2,"gold_loss":0},{"damage_healed":0,"gold_gain":0,"player_choice":"Take Damage","damage_taken":21,"relics_obtained":["Golden Idol"],"max_hp_gain":0,"max_hp_loss":0,"event_name":"Golden Idol","floor":3,"gold_loss":0},{"damage_healed":0,"gold_gain":0,"player_choice":"Got Potions","damage_taken":0,"max_hp_gain":0,"max_hp_loss":0,"event_name":"Lab","floor":5,"gold_loss":0}],"is_beta":true,"boss_relics":[],"items_purged_floors":[],"is_endless":false,"potions_floor_spawned":[6,7],"killed_by":"Lagavulin","ascension_level":16}