{"gold_per_floor":[118,138,151,133,145,171,171,171],"floor_reached":8,"playtime":910,"items_purged":[],"score":102,"play_id":"69e556e1-02f5-495a-ad7e-433552c1d32a","local_time":"20190119004730","is_ascension_mode":true,"campfire_choices":[{"floor":7,"key":"REST"}],"neow_cost":"NONE","seed_source_timestamp":406545269285499,"circlet_count":0,"master_deck":["AscendersBane","Defend_G","Defend_G","Defend_G","Defend_G","Defend_G","Strike_G","Strike_G","Strike_G","Strike_G","Strike_G","Survivor","Neutralize+1","Slice","Flying Knee","Poisoned Stab","Dagger Spray","Cloak And Dagger"],"relics":["Ring of the Snake","Lantern"],"potions_floor_usage":[4,5,6,8],"damage_taken":[{"damage":5,"enemies":"Cultist","floor":1,"turns":5},{"damage":0,"enemies":"2 Louse","floor":2,"turns":3},{"damage":0,"enemies":"Small Slimes","floor":3,"turns":4},{"damage":12,"enemies":"Exordium Thugs","floor":4,"turns":7},{"damage":9,"enemies":"Lots of Slimes","floor":5,"turns":5},{"damage":30,"enemies":"Lagavulin","floor":6,"turns":9},{"damage":26,"enemies":"Gremlin Nob","floor":8,"turns":4}],"seed_played":"-6227428685209107545","potions_obtained":[{"floor":2,"key":"SneckoOil"},{"floor":3,"key":"Ancient Potion"},{"floor":5,"key":"Dexterity Potion"},{"floor":6,"key":"Weak Potion"}],"is_trial":false,"path_per_floor":["M","M","M","M","M","E","R","E"],"character_chosen":"THE_SILENT","items_purchased":[],"campfire_rested":1,"item_purchase_floors":[],"current_hp_per_floor":[54,54,54,42,33,3,22,0],"gold":171,"neow_bonus":"UPGRADE_CARD","is_prod":false,"is_daily":false,"chose_seed":false,"campfire_upgraded":0,"win_rate":0,"timestamp":1547876850,"path_taken":["M","M","M","M","?","E","R","E"],"build_version":"2019-01-17v2","purchased_purges":0,"victory":false,"max_hp_per_floor":[66,66,66,66,66,66,66,66],"card_choices":[{"not_picked":["Outmaneuver","Acrobatics"],"picked":"Slice","floor":1},{"not_picked":["Sucker Punch","Underhanded Strike"],"picked":"Flying Knee","floor":2},{"not_picked":["Outmaneuver","Calculated Gamble","Distraction"],"picked":"SKIP","floor":3},{"not_picked":["Underhanded Strike","Blade Dance"],"picked":"Poisoned Stab","floor":4},{"not_picked":["Deadly Poison","Dodge and Roll"],"picked":"Dagger Spray","floor":5},{"not_picked":["Expertise","Deflect"],"picked":"Cloak And Dagger","floor":6}],"player_experience":2196339,"relics_obtained":[{"floor":6,"key":"Lantern"}],"event_choices":[],"is_beta":false,"boss_relics":[],"items_purged_floors":[],"is_endless":false,"potions_floor_spawned":[2,3,5,6],"killed_by":"Gremlin Nob","ascension_level":14}