{"gold_per_floor":[114,114,124,124,36,36,69,69,137,137,25,25,58,74,74,171,171,187,187,199,233,249,249,249],"floor_reached":24,"playtime":1589,"items_purged":[],"score":293,"play_id":"cc260aac-edd2-420f-8201-09d52f418fcd","local_time":"20180916030614","is_ascension_mode":true,"campfire_choices":[{"data":"Deep Breath","floor":6.0,"key":"SMITH"},{"floor":8,"key":"REST"},{"floor":10,"key":"REST"},{"data":"Spot Weakness","floor":15,"key":"SMITH"},{"floor":23,"key":"REST"}],"neow_cost":"","seed_source_timestamp":0,"circlet_count":0,"master_deck":["Strike_R","Strike_R","Strike_R","Strike_R","Defend_R","Defend_R","Defend_R","Defend_R","Bash","Clothesline","Rampage","Thunderclap","Immolate","Flex","Deep Breath+1","Seeing Red+1","Flash of Steel","Inflame","Spot Weakness+1","Intimidate","Demon Form","Bloodletting+1","RitualDagger","Seeing Red","Evolve","Blood for Blood"],"special_seed":0,"relics":["Burning Blood","The Courier","Bottled Lightning","Anchor","Cursed Key","Red Mask"],"potions_floor_usage":[16,21,22,24],"damage_taken":[{"damage":15.0,"enemies":"Jaw Worm","floor":1.0,"turns":6.0},{"damage":0.0,"enemies":"Small Slimes","floor":3.0,"turns":3.0},{"damage":42,"enemies":"3 Sentries","floor":7,"turns":5},{"damage":13,"enemies":"Gremlin Nob","floor":13,"turns":3},{"damage":0,"enemies":"2 Louse","floor":14,"turns":2},{"damage":44,"enemies":"The Guardian","floor":16,"turns":12},{"damage":22,"enemies":"3 Byrds","floor":18,"turns":3},{"damage":12,"enemies":"2 Thieves","floor":20,"turns":3},{"damage":14,"enemies":"Masked Bandits","floor":21,"turns":4},{"damage":31,"enemies":"3 Cultists","floor":22,"turns":5},{"damage":35,"enemies":"Slavers","floor":24,"turns":3}],"seed_played":"3712384899724536220","potions_obtained":[{"floor":7,"key":"SkillPotion"},{"floor":14,"key":"SpeedPotion"},{"floor":18,"key":"LiquidBronze"},{"floor":20,"key":"EssenceOfSteel"}],"is_trial":false,"path_per_floor":["M","?","M","?","$","R","E","R","T","R","$","?","E","M","R","B",null,"M","?","M","?","M","R"],"character_chosen":"IRONCLAD","items_purchased":["Deep Breath","Flash of Steel","Inflame"],"campfire_rested":3,"item_purchase_floors":[5,11,11],"current_hp_per_floor":[63,63,69,69,69,69,33,57,57,80,80,80,73,79,79,41,70,54,48,42,34,9,33,0],"gold":249,"neow_bonus":"","is_prod":false,"is_daily":false,"chose_seed":false,"campfire_upgraded":2,"win_rate":0,"timestamp":1537081574,"path_taken":["M","?","M","?","$","R","E","R","T","R","$","?","E","M","R","BOSS","M","?","M","?","M","R","E"],"build_version":"2018-08-23v2","purchased_purges":0,"victory":false,"max_hp_per_floor":[80,80,80,80,80,80,80,80,80,80,80,80,80,80,80,80,80,80,80,80,80,80,80,80],"card_choices":[{"not_picked":["Body Slam","Sentinel"],"picked":"Clothesline","floor":1.0},{"not_picked":["Clothesline","Anger"],"picked":"Thunderclap","floor":3.0},{"not_picked":["Reckless Charge","Intimidate"],"picked":"Seeing Red","floor":7},{"not_picked":["Battle Trance","Headbutt"],"picked":"Spot Weakness","floor":13},{"not_picked":["Body Slam","Corruption"],"picked":"Intimidate","floor":14},{"not_picked":["Juggernaut","Limit Break"],"picked":"Demon Form","floor":16},{"not_picked":["Dropkick","Clothesline"],"picked":"Bloodletting+1","floor":18},{"not_picked":["Wild Strike+1","Thunderclap"],"picked":"Seeing Red","floor":20},{"not_picked":["Flex","Clothesline"],"picked":"Evolve","floor":21},{"not_picked":["Rampage","Perfected Strike"],"picked":"Blood for Blood","floor":22}],"player_experience":1721840,"relics_obtained":[{"floor":7,"key":"The Courier"},{"floor":9,"key":"Bottled Lightning"},{"floor":13,"key":"Anchor"},{"floor":21,"key":"Red Mask"}],"event_choices":[{"event_name":"Living Wall","player_choice":"Change","floor":2.0,"damage_taken":0.0},{"event_name":"Match and Keep!","player_choice":"2 cards matched","floor":4.0,"damage_taken":0.0},{"event_name":"Accursed Blacksmith","player_choice":"Forge","floor":12,"damage_taken":0},{"event_name":"Nest","player_choice":"Joined the Cult","floor":19,"damage_taken":0},{"event_name":"Masked Bandits","player_choice":"Fought Bandits","floor":21,"damage_taken":0}],"is_beta":false,"boss_relics":[{"not_picked":["Black Star","Tiny House"],"picked":"Cursed Key"}],"items_purged_floors":[],"is_endless":false,"potions_floor_spawned":[7,14,18,20],"killed_by":"Slavers","ascension_level":9}