{"gold_per_floor":[359,373,107,132,145,93,126,126,126,126,156,166,166,186,186,259,259,276,286,185,185,195,195,229,229,229,229,229],"floor_reached":28,"playtime":3368,"items_purged":["Strike_B","Defend_B"],"score":499,"play_id":"6b489fe8-9863-4959-866f-b5a13573a727","local_time":"20190305003443","is_ascension_mode":true,"campfire_choices":[{"data":"Dualcast","floor":8,"key":"SMITH"},{"data":"Go for the Eyes","floor":10,"key":"SMITH"},{"data":"Buffer","floor":13,"key":"SMITH"},{"data":"Beam Cell","floor":15,"key":"SMITH"},{"floor":23,"key":"REST"}],"neow_cost":"PERCENT_DAMAGE","seed_source_timestamp":1119386607228202,"circlet_count":0,"master_deck":["AscendersBane","Defend_B","Defend_B","Defend_B","Zap","Dualcast+1","Gash","Gash","Sweeping Beam","Go for the Eyes+1","Ball Lightning","Cold Snap","Beam Cell+1","Buffer+1","Chill","Echo Form","Leap","Go for the Eyes+1","Undo","Bite","Bite","Bite","Bite","Bite"],"relics":["Cracked Core","Vajra","Smiling Mask","FossilizedHelix","Kunai","White Beast Statue","Enchiridion","StoneCalendar","Bottled Flame"],"potions_floor_usage":[12,16,16,19,24,27,27],"damage_taken":[{"damage":1,"enemies":"Cultist","floor":1,"turns":3},{"damage":0,"enemies":"Small Slimes","floor":2,"turns":3},{"damage":2,"enemies":"Jaw Worm","floor":5,"turns":2},{"damage":15,"enemies":"Lagavulin","floor":7,"turns":6},{"damage":0,"enemies":"Gremlin Nob","floor":11,"turns":4},{"damage":0,"enemies":"2 Fungi Beasts","floor":12,"turns":2},{"damage":0,"enemies":"Looter","floor":14,"turns":3},{"damage":11,"enemies":"The Guardian","floor":16,"turns":9},{"damage":9,"enemies":"3 Byrds","floor":18,"turns":6},{"damage":8,"enemies":"Shell Parasite","floor":19,"turns":5},{"damage":11,"enemies":"Shelled Parasite and Fungi","floor":22,"turns":5},{"damage":34,"enemies":"Gremlin Leader","floor":24,"turns":10},{"damage":7,"enemies":"Colosseum Slavers","floor":27,"turns":4},{"damage":16,"enemies":"Snake Plant","floor":28,"turns":2}],"seed_played":"8927157871371360007","potions_obtained":[{"floor":1,"key":"Explosive Potion"},{"floor":7,"key":"SteroidPotion"},{"floor":12,"key":"Block Potion"},{"floor":18,"key":"Weak Potion"},{"floor":19,"key":"Ancient Potion"},{"floor":24,"key":"Energy Potion"}],"is_trial":false,"path_per_floor":["M","M","$","T","M","$","E","R","T","R","E","M","R","M","R","B",null,"M","M","$","?","M","R","E","?","T","?","M"],"character_chosen":"DEFECT","items_purchased":["Vajra","Sweeping Beam","Ball Lightning","Energy Potion"],"campfire_rested":1,"item_purchase_floors":[3,3,6,20],"current_hp_per_floor":[45,45,45,45,45,45,32,32,32,32,34,36,36,38,38,29,61,54,48,48,27,18,39,7,7,7,8,0],"gold":229,"neow_bonus":"TWO_FIFTY_GOLD","is_prod":false,"is_daily":false,"chose_seed":false,"campfire_upgraded":4,"win_rate":0,"timestamp":1551764083,"path_taken":["M","M","$","?","M","$","E","R","T","R","E","M","R","M","R","BOSS","M","M","$","?","M","R","E","?","T","?","M"],"build_version":"2019-01-23","purchased_purges":2,"victory":false,"max_hp_per_floor":[71,71,71,71,71,71,71,71,71,71,71,71,71,71,71,71,71,71,71,71,71,71,71,71,71,71,71,71],"card_choices":[{"not_picked":["Lockon","Conserve Battery"],"picked":"Gash","floor":1},{"not_picked":["Chaos","Streamline"],"picked":"Gash","floor":2},{"not_picked":["Force Field","Hologram"],"picked":"Go for the Eyes","floor":5},{"not_picked":["Barrage","Heatsinks"],"picked":"Cold Snap","floor":7},{"not_picked":["Stack","Darkness"],"picked":"Beam Cell","floor":11},{"not_picked":["Redo","Ball Lightning"],"picked":"Buffer","floor":12},{"not_picked":["BootSequence","Beam Cell"],"picked":"Chill","floor":14},{"not_picked":["Core Surge","Reboot"],"picked":"Echo Form","floor":16},{"not_picked":["Beam Cell","Consume"],"picked":"Leap","floor":18},{"not_picked":["Coolheaded","Hello World","Go for the Eyes"],"picked":"SKIP","floor":19},{"not_picked":["Chaos+1","Ball Lightning"],"picked":"Go for the Eyes+1","floor":22},{"not_picked":["Hello World+1","Steam"],"picked":"Undo","floor":24}],"player_experience":2342496,"relics_obtained":[{"floor":4,"key":"Blood Vial"},{"floor":7,"key":"Smiling Mask"},{"floor":9,"key":"FossilizedHelix"},{"floor":11,"key":"Kunai"},{"floor":21,"key":"Enchiridion"},{"floor":24,"key":"StoneCalendar"},{"floor":26,"key":"Bottled Flame"}],"event_choices":[{"damage_healed":0,"gold_gain":0,"player_choice":"Obtained Book","damage_taken":21,"max_hp_gain":0,"max_hp_loss":0,"event_name":"Cursed Tome","floor":21,"gold_loss":0},{"damage_healed":0,"gold_gain":0,"player_choice":"Became a vampire (Vial)","damage_taken":0,"max_hp_gain":0,"max_hp_loss":0,"event_name":"Vampires","floor":25,"relics_lost":["Blood Vial"],"gold_loss":0,"cards_obtained":["Bite","Bite","Bite","Bite","Bite"]},{"damage_healed":0,"gold_gain":0,"player_choice":"Fight","damage_taken":0,"max_hp_gain":0,"max_hp_loss":0,"event_name":"Colosseum","floor":27,"gold_loss":0},{"damage_healed":0,"gold_gain":0,"player_choice":"Fled From Nobs","damage_taken":0,"max_hp_gain":0,"max_hp_loss":0,"event_name":"Colosseum","floor":27,"gold_loss":0}],"is_beta":false,"boss_relics":[{"not_picked":["Tiny House","Busted Crown"],"picked":"White Beast Statue"}],"items_purged_floors":[3,20],"is_endless":false,"potions_floor_spawned":[1,7,12,18,19,22,24,27],"killed_by":"Snake Plant","ascension_level":15}