{"gold_per_floor":[116,66,83,95,95,95,123,138,210,210,285,314,326],"floor_reached":13,"playtime":435,"items_purged":[],"score":98,"play_id":"5bb1a636-0988-40c0-88f0-056478ddd26d","local_time":"20191020134535","is_ascension_mode":true,"campfire_choices":[{"data":"Neutralize","floor":6,"key":"SMITH"},{"data":"Poisoned Stab","floor":10,"key":"SMITH"}],"neow_cost":"NONE","seed_source_timestamp":666127940186400,"circlet_count":0,"master_deck":["Strike_G","Strike_G","Strike_G","Defend_G","Defend_G","Defend_G","Defend_G","Defend_G","Survivor","Neutralize+1","Bane","Bane","Poisoned Stab","Acrobatics","Poisoned Stab+1"],"relics":["Eternal Feather","Tingsha","MawBank"],"potions_floor_usage":[],"damage_taken":[{"damage":14,"enemies":"Jaw Worm","floor":1,"turns":4},{"damage":0,"enemies":"Small Slimes","floor":3,"turns":3},{"damage":0,"enemies":"2 Louse","floor":4,"turns":3},{"damage":25,"enemies":"Lagavulin","floor":7,"turns":10},{"damage":0,"enemies":"Blue Slaver","floor":8,"turns":4},{"damage":24,"enemies":"3 Sentries","floor":12,"turns":8}],"seed_played":"3108308891775288022","potions_obtained":[{"floor":8,"key":"Ancient Potion"},{"floor":12,"key":"Strength Potion"}],"is_trial":false,"path_per_floor":["M","?","M","M","?","R","E","M","T","R","?","E","?"],"character_chosen":"THE_SILENT","items_purchased":[],"campfire_rested":0,"item_purchase_floors":[],"current_hp_per_floor":[56,56,56,56,56,62,37,37,37,46,35,11,0],"gold":326,"neow_bonus":"BOSS_RELIC","is_prod":false,"is_daily":false,"chose_seed":false,"campfire_upgraded":2,"win_rate":0,"timestamp":1571550335,"path_taken":["M","?","M","M","?","R","E","M","T","R","?","E","?"],"build_version":"2019-07-17","purchased_purges":0,"victory":false,"max_hp_per_floor":[70,70,70,70,70,70,70,70,70,70,70,70,70],"card_choices":[{"not_picked":["Deadly Poison","Acrobatics"],"picked":"Bane","floor":1},{"not_picked":["Backstab","Crippling Poison"],"picked":"Bane","floor":3},{"not_picked":["Deflect","Acrobatics"],"picked":"Poisoned Stab","floor":4},{"not_picked":["Accuracy","Setup"],"picked":"Acrobatics","floor":7},{"not_picked":["Outmaneuver","Tools of the Trade"],"picked":"Poisoned Stab","floor":8},{"not_picked":["Bane","Tactician","Heel Hook"],"picked":"SKIP","floor":12}],"player_experience":220876,"relics_obtained":[{"floor":7,"key":"Tingsha"},{"floor":12,"key":"MawBank"}],"event_choices":[{"cards_removed":["Strike_G"],"damage_healed":0,"gold_gain":0,"player_choice":"Card Removal","damage_taken":0,"max_hp_gain":0,"max_hp_loss":0,"event_name":"The Cleric","floor":2,"gold_loss":50},{"cards_removed":["Strike_G"],"damage_healed":0,"gold_gain":0,"player_choice":"Forget","damage_taken":0,"max_hp_gain":0,"max_hp_loss":0,"event_name":"Living Wall","floor":5,"gold_loss":0},{"damage_healed":0,"gold_gain":75,"player_choice":"Gather Gold","damage_taken":11,"max_hp_gain":0,"max_hp_loss":0,"event_name":"World of Goop","floor":11,"gold_loss":0}],"is_beta":false,"boss_relics":[],"items_purged_floors":[],"is_endless":false,"potions_floor_spawned":[8,12],"ascension_level":1}