{"gold_per_floor":[215,215,234,253,267,267,12,12,12,12,12,12,46,70,70,70],"floor_reached":16,"playtime":472,"items_purged":[],"score":115,"play_id":"6afde855-f651-47d3-909c-5c7fb6f92765","local_time":"20191002084708","is_ascension_mode":true,"campfire_choices":[{"floor":8,"key":"REST"},{"floor":10,"key":"RECALL"},{"data":"Consume","floor":12,"key":"SMITH"},{"floor":15,"key":"REST"}],"neow_cost":"NONE","seed_source_timestamp":614974518284765,"circlet_count":0,"master_deck":["Strike_B","Strike_B","Strike_B","Strike_B","Defend_B","Defend_B","Defend_B+1","Defend_B+1","Zap","Dualcast","Doom and Gloom","Injury","Self Repair","Leap","Consume+1","Electrodynamics","Steam"],"relics":["Cracked Core","Golden Idol","HornCleat","Pantograph"],"potions_floor_usage":[],"damage_taken":[{"damage":1,"enemies":"2 Louse","floor":1,"turns":3},{"damage":0,"enemies":"Small Slimes","floor":3,"turns":2},{"damage":9,"enemies":"Jaw Worm","floor":4,"turns":4},{"damage":9,"enemies":"Exordium Wildlife","floor":5,"turns":4},{"damage":15,"enemies":"Gremlin Nob","floor":13,"turns":5},{"damage":12,"enemies":"Gremlin Gang","floor":14,"turns":3},{"damage":82,"enemies":"Slime Boss","floor":16,"turns":8}],"seed_played":"6867136275266074424","potions_obtained":[{"floor":1,"key":"DuplicationPotion"},{"floor":3,"key":"SpeedPotion"}],"is_trial":false,"path_per_floor":["M","?","M","M","M","?","$","R","T","R","$","R","E","M","R","B"],"character_chosen":"DEFECT","items_purchased":["HornCleat"],"campfire_rested":2,"item_purchase_floors":[7],"current_hp_per_floor":[74,74,74,72,70,55,55,75,75,75,75,75,67,62,75,0],"gold":70,"neow_bonus":"HUNDRED_GOLD","is_prod":false,"is_daily":false,"chose_seed":false,"campfire_upgraded":1,"win_rate":0,"timestamp":1570016828,"path_taken":["M","?","M","M","M","?","?","R","T","R","$","R","E","?","R","BOSS"],"build_version":"2019-10-01","purchased_purges":0,"victory":false,"max_hp_per_floor":[75,75,75,75,75,75,75,75,75,75,75,75,75,75,75,75],"card_choices":[{"not_picked":["Double Energy","Compile Driver"],"picked":"Doom and Gloom","floor":1},{"not_picked":["Static Discharge","Go for the Eyes"],"picked":"Self Repair","floor":3},{"not_picked":["Steam","Compile Driver"],"picked":"Leap","floor":4},{"not_picked":["Turbo","Compile Driver"],"picked":"Consume","floor":5},{"not_picked":["Steam","Rebound"],"picked":"Electrodynamics","floor":13},{"not_picked":["Cold Snap","Blizzard"],"picked":"Steam","floor":14}],"player_experience":432851,"relics_obtained":[{"floor":13,"key":"Pantograph"}],"event_choices":[{"damage_healed":0,"gold_gain":0,"player_choice":"Take Wound","damage_taken":0,"relics_obtained":["Golden Idol"],"max_hp_gain":0,"max_hp_loss":0,"event_name":"Golden Idol","floor":2,"gold_loss":0,"cards_obtained":["Injury"]},{"damage_healed":0,"gold_gain":0,"player_choice":"Entered Light","damage_taken":15,"max_hp_gain":0,"max_hp_loss":0,"event_name":"Shining Light","floor":6,"gold_loss":0,"cards_upgraded":["Defend_B","Defend_B"]}],"is_beta":true,"boss_relics":[],"items_purged_floors":[],"is_endless":false,"potions_floor_spawned":[1,3],"killed_by":"Slime Boss","ascension_level":3}