{"gold_per_floor":[109,127,202,202,217,242,242,21,21,47,61,88,88,88,88,88],"floor_reached":16,"playtime":843,"items_purged":[],"score":236,"play_id":"24f2c82f-7b28-45a3-a7c1-9f6bde7979a4","local_time":"20190902143653","is_ascension_mode":true,"campfire_choices":[{"data":"True Grit","floor":7.0,"key":"SMITH"},{"data":"Enlightenment","floor":13,"key":"SMITH"},{"data":"Flame Barrier","floor":15,"key":"SMITH"}],"neow_cost":"NONE","seed_source_timestamp":946401621137278,"circlet_count":0,"master_deck":["AscendersBane","Strike_R","Strike_R","Strike_R","Strike_R","Strike_R","Defend_R","Defend_R","Defend_R","Defend_R","Bash","Carnage","True Grit+1","Clothesline","Immolate","Power Through","Flame Barrier+1","Enlightenment+1","Seeing Red","Metallicize"],"special_seed":0,"relics":["Burning Blood","NeowsBlessing","The Courier","Lantern","Pantograph","Matryoshka"],"potions_floor_usage":[10],"damage_taken":[{"damage":0.0,"enemies":"2 Louse","floor":1.0,"turns":1.0},{"damage":0.0,"enemies":"Jaw Worm","floor":2.0,"turns":1.0},{"damage":0.0,"enemies":"Cultist","floor":5.0,"turns":1.0},{"damage":20.0,"enemies":"3 Sentries","floor":6.0,"turns":5.0},{"damage":16,"enemies":"Gremlin Nob","floor":10,"turns":4},{"damage":5,"enemies":"Looter","floor":11,"turns":3},{"damage":19,"enemies":"3 Sentries","floor":12,"turns":8},{"damage":75,"enemies":"Hexaghost","floor":16,"turns":14}],"seed_played":"8295625937688779514","potions_obtained":[{"floor":1.0,"key":"FairyPotion"},{"floor":6.0,"key":"Poison Potion"}],"is_trial":false,"path_per_floor":["M","M","?","?","M","E","R","$","T","E","M","E","R","?","R","B"],"character_chosen":"IRONCLAD","items_purchased":["Enlightenment","Seeing Red","Metallicize"],"campfire_rested":0,"item_purchase_floors":[8,8,8],"current_hp_per_floor":[74,75,64,64,70,56,56,56,56,46,47,34,34,39,39,0],"gold":88,"neow_bonus":"THREE_ENEMY_KILL","is_prod":false,"is_daily":false,"chose_seed":false,"campfire_upgraded":3,"win_rate":0,"timestamp":1567449413,"path_taken":["M","M","?","?","M","E","R","$","T","E","?","E","R","?","R","BOSS"],"build_version":"2019-01-23","purchased_purges":0,"victory":false,"max_hp_per_floor":[75,75,75,75,75,75,75,75,75,75,75,75,75,80,80,80],"card_choices":[{"not_picked":["Rage","Clash"],"picked":"Carnage","floor":1.0},{"not_picked":["Warcry","Pummel"],"picked":"True Grit","floor":2.0},{"not_picked":["Burning Pact","Seeing Red"],"picked":"Power Through","floor":5.0},{"not_picked":["Anger","Pommel Strike"],"picked":"Flame Barrier","floor":6.0},{"not_picked":["Warcry","Blood for Blood","Exhume"],"picked":"SKIP","floor":10},{"not_picked":["Wild Strike","Pommel Strike","True Grit"],"picked":"SKIP","floor":11},{"not_picked":["Warcry","Twin Strike","Iron Wave"],"picked":"SKIP","floor":12}],"player_experience":2896369,"relics_obtained":[{"floor":6.0,"key":"The Courier"},{"floor":9,"key":"Lantern"},{"floor":10,"key":"Pantograph"},{"floor":12,"key":"Matryoshka"}],"event_choices":[{"damage_healed":0.0,"max_hp_gain":0.0,"max_hp_loss":0.0,"gold_gain":75.0,"event_name":"World of Goop","player_choice":"Gather Gold","floor":3.0,"gold_loss":0.0,"damage_taken":11.0},{"damage_healed":0.0,"max_hp_gain":0.0,"max_hp_loss":0.0,"gold_gain":0.0,"event_name":"Match and Keep!","player_choice":"2 cards matched","floor":4.0,"gold_loss":0.0,"damage_taken":0.0,"cards_obtained":["Clothesline","Immolate"]},{"damage_healed":0,"gold_gain":0,"player_choice":"Donut","damage_taken":0,"max_hp_gain":5,"max_hp_loss":0,"event_name":"Big Fish","floor":14,"gold_loss":0}],"is_beta":false,"boss_relics":[],"items_purged_floors":[],"is_endless":false,"potions_floor_spawned":[1,6],"killed_by":"Hexaghost","ascension_level":20}