{"gold_per_floor":[115,135,135,149,249,280,280,316,316,316,332,347,21,45,45,165,165,180,180,41,62,62,62,96,96,123,167,90,114,74,74],"floor_reached":31,"playtime":2359,"items_purged":["Defend_R","Defend_R"],"score":311,"play_id":"e47c45da-3d13-4a44-a824-e597990240ef","local_time":"20180715203032","is_ascension_mode":true,"campfire_choices":[{"data":"Armaments","floor":7,"key":"SMITH"},{"floor":10,"key":"REST"},{"data":"Rage","floor":15,"key":"SMITH"},{"data":"Seeing Red","floor":23,"key":"SMITH"},{"floor":25,"key":"REST"}],"neow_cost":"NONE","seed_source_timestamp":0,"circlet_count":0,"master_deck":["Strike_R","Strike_R","Strike_R","Strike_R","Defend_R","Bash","Wild Strike","Pommel Strike","Armaments+1","Rage","Rampage","Shrug It Off","Clash","Uppercut","Rage+1","Brutality","Combust+1","Carnage","Seeing Red+1","Evolve","Heavy Blade+1","Uppercut","J.A.X.","Whirlwind","Dropkick"],"special_seed":0,"relics":["Burning Blood","Golden Idol","Blue Candle","Potion Belt","Paper Frog","Kunai","Runic Cube","Letter Opener","Bronze Scales","Happy Flower"],"potions_floor_usage":[6,16,16,24,27,29,31],"damage_taken":[{"damage":8,"enemies":"Jaw Worm","floor":1,"turns":4},{"damage":7,"enemies":"2 Louse","floor":2,"turns":3},{"damage":1,"enemies":"Cultist","floor":4,"turns":3},{"damage":11,"enemies":"3 Sentries","floor":6,"turns":10},{"damage":22,"enemies":"Gremlin Nob","floor":8,"turns":4},{"damage":0,"enemies":"2 Fungi Beasts","floor":11,"turns":3},{"damage":14,"enemies":"Lots of Slimes","floor":12,"turns":4},{"damage":4,"enemies":"Blue Slaver","floor":14,"turns":2},{"damage":2,"enemies":"The Guardian","floor":16,"turns":11},{"damage":16,"enemies":"Spheric Guardian","floor":18,"turns":5},{"damage":10,"enemies":"Chosen","floor":21,"turns":4},{"damage":32,"enemies":"Book of Stabbing","floor":24,"turns":5},{"damage":36,"enemies":"Slavers","floor":27,"turns":4},{"damage":31,"enemies":"Snecko","floor":29,"turns":5},{"damage":10,"enemies":"Cultist and Chosen","floor":31,"turns":3}],"seed_played":"-4877838907078561410","potions_obtained":[{"floor":4,"key":"Fire Potion"},{"floor":8,"key":"Dexterity Potion"},{"floor":12,"key":"Swift Potion"},{"floor":14,"key":"Block Potion"},{"floor":21,"key":"Strength Potion"},{"floor":24,"key":"AttackPotion"},{"floor":29,"key":"Block Potion"}],"is_trial":false,"path_per_floor":["M","M","?","M","?","E","R","E","T","R","M","M","$","M","R","B",null,"M","?","$","M","$","R","E","R","T","E","?","M","$"],"character_chosen":"IRONCLAD","items_purchased":["Kunai","Seeing Red","Dropkick"],"campfire_rested":2,"item_purchase_floors":[13,20,30],"current_hp_per_floor":[78,77,57,62,62,57,57,41,41,65,71,63,63,65,65,69,80,70,70,70,66,66,66,40,64,64,34,34,9,9,0],"gold":74,"neow_bonus":"TRANSFORM_CARD","is_prod":false,"is_daily":false,"chose_seed":false,"campfire_upgraded":3,"win_rate":0,"timestamp":1531701032,"path_taken":["M","M","?","M","?","E","R","E","T","R","M","M","$","M","R","BOSS","M","?","$","M","$","R","E","R","T","E","?","M","?","?"],"build_version":"2018-06-21v2","purchased_purges":2,"victory":false,"max_hp_per_floor":[80,80,80,80,80,80,80,80,80,80,80,80,80,80,80,80,80,80,80,80,80,80,80,80,80,80,80,80,80,80,80],"card_choices":[{"not_picked":["Wild Strike","Corruption"],"picked":"Pommel Strike","floor":1},{"not_picked":["Clash","Sever Soul"],"picked":"Armaments","floor":2},{"not_picked":["Body Slam","Cleave"],"picked":"Rage","floor":4},{"not_picked":["Battle Trance","Heavy Blade"],"picked":"Rampage","floor":6},{"not_picked":["Body Slam","Flex"],"picked":"Shrug It Off","floor":8},{"not_picked":["Havoc","Exhume"],"picked":"Clash","floor":11},{"not_picked":["Headbutt","Dropkick"],"picked":"Uppercut","floor":12},{"not_picked":["Wild Strike","Headbutt"],"picked":"Rage","floor":14},{"not_picked":["Dark Embrace","Immolate"],"picked":"Brutality","floor":16},{"not_picked":["Clash","Thunderclap"],"picked":"Combust+1","floor":18},{"not_picked":["Wild Strike+1","Flex"],"picked":"Evolve","floor":21},{"not_picked":["Cleave+1","Fire Breathing"],"picked":"Heavy Blade+1","floor":24},{"not_picked":["Wild Strike","Sword Boomerang+1"],"picked":"Uppercut","floor":27},{"not_picked":["Heavy Blade+1","True Grit+1"],"picked":"Whirlwind","floor":29}],"player_experience":1285402,"relics_obtained":[{"floor":6,"key":"Blue Candle"},{"floor":8,"key":"Potion Belt"},{"floor":9,"key":"Paper Frog"},{"floor":24,"key":"Letter Opener"},{"floor":26,"key":"Bronze Scales"},{"floor":27,"key":"Happy Flower"}],"event_choices":[{"event_name":"Golden Idol","player_choice":"Take Damage","floor":3,"damage_taken":0},{"event_name":"Golden Shrine","player_choice":"Pray","floor":5,"damage_taken":0},{"event_name":"Transmorgrifier","player_choice":"Transform","floor":19,"damage_taken":0},{"event_name":"Drug Dealer","player_choice":"Got JAXXED","floor":28,"damage_taken":0}],"boss_relics":[{"not_picked":["Snecko Eye","Sozu"],"picked":"Runic Cube"}],"items_purged_floors":[13,20],"is_endless":false,"potions_floor_spawned":[4,8,12,14,21,24,29],"killed_by":"Cultist and Chosen","ascension_level":2}