{"gold_per_floor":[114,129,304,319,334,334,21,21,46,46,46,76,76,91,91,91],"floor_reached":16,"playtime":1312,"items_purged":["Doubt"],"score":100,"play_id":"11f671ff-10e6-41a3-baeb-a8f3c25bb061","local_time":"20190626123614","daily_mods":["Heirloom","Flight","Lethality"],"is_ascension_mode":false,"campfire_choices":[{"floor":6,"key":"REST"},{"data":"Skewer","floor":8,"key":"SMITH"},{"data":"Blur","floor":10,"key":"SMITH"},{"floor":15,"key":"REST"}],"neow_cost":"","seed_source_timestamp":0,"circlet_count":0,"master_deck":["Defend_G","Defend_G","Defend_G","Defend_G","Defend_G","Strike_G","Strike_G","Strike_G","Strike_G","Strike_G","Survivor","Neutralize","PiercingWail","Predator","Skewer+1","PiercingWail","Blur+1","Dagger Throw","Dodge and Roll+1","Deflect","Choke"],"special_seed":18073,"relics":["Ring of the Snake","Unceasing Top","Orichalcum","Centennial Puzzle","Dream Catcher"],"potions_floor_usage":[],"damage_taken":[{"damage":2,"enemies":"Jaw Worm","floor":1,"turns":4},{"damage":0,"enemies":"Small Slimes","floor":2,"turns":2},{"damage":3,"enemies":"2 Louse","floor":4,"turns":3},{"damage":7,"enemies":"Exordium Wildlife","floor":5,"turns":4},{"damage":12,"enemies":"Lagavulin","floor":12,"turns":6},{"damage":1,"enemies":"Large Slime","floor":14,"turns":5},{"damage":76,"enemies":"Hexaghost","floor":16,"turns":14}],"seed_played":"4741971329667515529","potions_obtained":[{"floor":1,"key":"Block Potion"},{"floor":4,"key":"Weak Potion"},{"floor":12,"key":"Block Potion"}],"is_trial":false,"path_per_floor":["M","M","?","M","M","R","$","R","T","R","?","E","?","M","R","B"],"character_chosen":"THE_SILENT","items_purchased":["Orichalcum","Blur","Dagger Throw"],"campfire_rested":2,"item_purchase_floors":[7,7,7],"current_hp_per_floor":[68,68,68,65,58,70,70,70,70,70,63,51,51,50,70,0],"gold":91,"neow_bonus":"","is_prod":false,"is_daily":true,"chose_seed":false,"campfire_upgraded":2,"win_rate":0.0,"timestamp":1561563374,"path_taken":["M","M","?","M","M","R","$","R","T","R","?","E","?","?","R","BOSS"],"build_version":"2019-01-23","purchased_purges":1,"victory":false,"max_hp_per_floor":[70,70,70,70,70,70,70,70,70,70,70,70,70,70,70,70],"card_choices":[{"not_picked":["Calculated Gamble","Infinite Blades"],"picked":"PiercingWail","floor":1},{"not_picked":["Prepared","Infinite Blades"],"picked":"Predator","floor":2},{"not_picked":["Crippling Poison","Tactician"],"picked":"Skewer","floor":4},{"not_picked":["Blade Dance","Dodge and Roll"],"picked":"PiercingWail","floor":5},{"not_picked":["Quick Slash","Infinite Blades"],"picked":"Dodge and Roll","floor":12},{"not_picked":["Expertise","Poisoned Stab"],"picked":"Deflect","floor":14},{"not_picked":["Escape Plan","Tools of the Trade"],"picked":"Choke","floor":15}],"player_experience":3716,"relics_obtained":[{"floor":9,"key":"Centennial Puzzle"},{"floor":12,"key":"Dream Catcher"}],"event_choices":[{"damage_healed":0,"gold_gain":175,"player_choice":"AGREE","damage_taken":0,"max_hp_gain":0,"max_hp_loss":0,"event_name":"Liars Game","floor":3,"gold_loss":0,"cards_obtained":["Doubt"]},{"damage_healed":0,"gold_gain":0,"player_choice":"Fled","damage_taken":7,"max_hp_gain":0,"max_hp_loss":0,"event_name":"Scrap Ooze","floor":11,"gold_loss":0},{"damage_healed":0,"gold_gain":0,"player_choice":"Grow","damage_taken":0,"max_hp_gain":0,"max_hp_loss":0,"event_name":"Living Wall","floor":13,"gold_loss":0,"cards_upgraded":["Dodge and Roll"]}],"is_beta":false,"boss_relics":[],"items_purged_floors":[7],"is_endless":false,"potions_floor_spawned":[1,4,12],"killed_by":"Hexaghost","ascension_level":0}