{"gold_per_floor":[10,10,20,40,55,55,84,84,109,135,163,175,187,231,243,328,340,388,49,49,49,49,49,62,62,113,140,140,157,157,199,199,274,274,320,320,398,398,398,398,460,539,539,566,148,174,215,295,295,295,295,295,295,32,62,62],"floor_reached":56,"playtime":5901,"items_purged":["Defend_P","FlurryOfBlows"],"score":2031,"play_id":"92eb60b7-c266-4365-a5fe-9f16c7e75b26","local_time":"20191009192513","is_ascension_mode":true,"campfire_choices":[{"data":"Eruption","floor":6.0,"key":"SMITH"},{"data":"SandsOfTime","floor":8.0,"key":"SMITH"},{"data":"CrushJoints","floor":13.0,"key":"SMITH"},{"data":"Meditate","floor":15.0,"key":"SMITH"},{"data":"Wish","floor":23.0,"key":"SMITH"},{"data":"BowlingBash","floor":25.0,"key":"SMITH"},{"floor":30.0,"key":"REST"},{"data":"Wallop","floor":32.0,"key":"SMITH"},{"data":"ThirdEye","floor":40.0,"key":"SMITH"},{"floor":49.0,"key":"RECALL"},{"data":"Wireheading","floor":53.0,"key":"SMITH"}],"neow_cost":"NO_GOLD","seed_source_timestamp":0,"circlet_count":0,"master_deck":["AscendersBane","Strike_P+1","Strike_P+1","Strike_P+1","Strike_P+1","Defend_P+1","Defend_P+1","Eruption+1","Vigilance","CrushJoints+1","FearNoEvil","SandsOfTime+1","Wallop+1","ThirdEye+1","Meditate+1","Wish+1","Protect","BowlingBash+1","Worship+1","Halt+1","Omniscience+1","Vengeance+1","Ragnarok","Wireheading+1","EmptyMind+1","Vault+1","Protect+1","WaveOfTheHand+1"],"special_seed":0,"relics":["PureWater","Calipers","Juzu Bracelet","MawBank","Kunai","Gremlin Horn","Sozu","Toxic Egg 2","MutagenicStrength","Anchor","Orichalcum","Snecko Eye","Blood Vial","Nunchaku","Sundial","Happy Flower","Girya","HornCleat","GoldenEye"],"potions_floor_usage":[],"damage_taken":[{"damage":1.0,"enemies":"Cultist","floor":1.0,"turns":4.0},{"damage":4.0,"enemies":"2 Louse","floor":3.0,"turns":3.0},{"damage":0.0,"enemies":"Small Slimes","floor":4.0,"turns":2.0},{"damage":0.0,"enemies":"2 Fungi Beasts","floor":5.0,"turns":2.0},{"damage":20.0,"enemies":"3 Sentries","floor":7.0,"turns":3.0},{"damage":0.0,"enemies":"Lagavulin","floor":10.0,"turns":3.0},{"damage":5.0,"enemies":"Exordium Wildlife","floor":11.0,"turns":4.0},{"damage":5.0,"enemies":"3 Sentries","floor":14.0,"turns":4.0},{"damage":10.0,"enemies":"Hexaghost","floor":16.0,"turns":5.0},{"damage":6.0,"enemies":"3 Byrds","floor":18.0,"turns":4.0},{"damage":1.0,"enemies":"2 Thieves","floor":24.0,"turns":2.0},{"damage":0.0,"enemies":"Cultist and Chosen","floor":29.0,"turns":3.0},{"damage":6.0,"enemies":"3 Cultists","floor":31.0,"turns":4.0},{"damage":13.0,"enemies":"Collector","floor":33.0,"turns":4.0},{"damage":2.0,"enemies":"3 Darklings","floor":35.0,"turns":5.0},{"damage":0.0,"enemies":"3 Shapes","floor":37.0,"turns":11.0},{"damage":0.0,"enemies":"Giant Head","floor":41.0,"turns":4.0},{"damage":0.0,"enemies":"Jaw Worm Horde","floor":42.0,"turns":4.0},{"damage":0.0,"enemies":"Nemesis","floor":44.0,"turns":3.0},{"damage":13.0,"enemies":"Reptomancer","floor":46.0,"turns":4.0},{"damage":0.0,"enemies":"Writhing Mass","floor":47.0,"turns":4.0},{"damage":9.0,"enemies":"Spire Growth","floor":48.0,"turns":3.0},{"damage":9.0,"enemies":"Donu and Deca","floor":50.0,"turns":6.0},{"damage":12.0,"enemies":"Awakened One","floor":51.0,"turns":18.0},{"damage":6,"enemies":"Shield and Spear","floor":55,"turns":6},{"damage":60,"enemies":"The Heart","floor":56,"turns":6}],"seed_played":"7628689112954937959","potions_obtained":[{"floor":1.0,"key":"AttackPotion"},{"floor":4.0,"key":"FearPotion"},{"floor":10.0,"key":"Block Potion"}],"is_trial":false,"path_per_floor":["M","?","M","M","M","R","E","R","T","E","M","?","R","E","R","B",null,"M","$","?","?","$","R","M","R","T","T","?","M","R","M","R","B",null,"M","?","M","?","?","R","E","M","T","E","$","E","M","M","R","B","B",null,"R","$","E","B"],"character_chosen":"WATCHER","items_purchased":["Toxic Egg 2","Happy Flower","Vault+1","HornCleat"],"campfire_rested":1,"item_purchase_floors":[19,45,45,54],"current_hp_per_floor":[60,60,56,56,56,56,36,36,36,36,31,26,26,21,21,11,54,48,48,29,29,29,29,28,28,28,28,28,28,49,43,43,30,62,60,60,60,60,60,60,60,62,62,64,64,53,55,48,48,41,31,60,60,60,56,0],"gold":62,"neow_bonus":"ONE_RARE_RELIC","is_prod":false,"is_daily":false,"chose_seed":false,"campfire_upgraded":9,"win_rate":0,"timestamp":1570602313,"path_taken":["M","?","M","M","M","R","E","R","T","E","M","?","R","E","R","BOSS","M","$","?","?","?","R","M","R","T","?","?","M","R","M","R","BOSS","M","?","M","?","?","R","E","M","T","E","$","E","M","M","R","BOSS","BOSS","R","$","E","BOSS"],"build_version":"2019-10-08","purchased_purges":2,"victory":false,"max_hp_per_floor":[68,68,68,68,68,68,68,68,68,68,68,68,68,68,68,68,68,68,68,73,73,73,73,73,73,73,73,73,73,73,73,73,73,73,73,73,73,73,69,69,69,69,69,69,69,69,69,69,69,69,69,69,69,69,69,69],"card_choices":[{"not_picked":["Collect","EmptyMind","CarveReality"],"picked":"SKIP","floor":1.0},{"not_picked":["ClearTheMind","Protect"],"picked":"FlurryOfBlows","floor":3.0},{"not_picked":["CarveReality","FollowUp"],"picked":"CrushJoints","floor":4.0},{"not_picked":["EmptyBody","CrushJoints"],"picked":"FearNoEvil","floor":5.0},{"not_picked":["ClearTheMind","Adaptation"],"picked":"SandsOfTime","floor":7.0},{"not_picked":["Wireheading","WheelKick"],"picked":"Wallop","floor":10.0},{"not_picked":["Wireheading","Protect"],"picked":"ThirdEye","floor":11.0},{"not_picked":["Vault","JustLucky"],"picked":"Meditate","floor":14.0},{"not_picked":["Brilliance","DevaForm"],"picked":"Wish","floor":16.0},{"not_picked":["PathToVictory","Conclude"],"picked":"Protect","floor":18.0},{"not_picked":["Pray+1","FearNoEvil"],"picked":"BowlingBash","floor":24.0},{"not_picked":["Crescendo+1","BowlingBash+1"],"picked":"Worship+1","floor":29.0},{"not_picked":["InnerPeace+1","PathToVictory+1"],"picked":"Halt+1","floor":31.0},{"not_picked":["DeusExMachina+1","Judgement+1"],"picked":"Omniscience+1","floor":33.0},{"not_picked":["CrushJoints","PathToVictory+1"],"picked":"WaveOfTheHand+1","floor":35.0},{"not_picked":["BattleHymn","WreathOfFlame+1"],"picked":"Vengeance+1","floor":37.0},{"not_picked":["CrushJoints","CutThroughFate"],"picked":"Ragnarok","floor":41.0},{"not_picked":["FlyingSleeves","Conclude"],"picked":"Wireheading","floor":42.0},{"not_picked":["MentalFortress","Fasting2"],"picked":"EmptyMind+1","floor":44.0},{"not_picked":["PathToVictory+1","SashWhip"],"picked":"Protect+1","floor":46.0},{"not_picked":["PathToVictory+1","Collect+1","FollowUp"],"picked":"SKIP","floor":47.0},{"not_picked":["WheelKick","Weave","FlurryOfBlows+1"],"picked":"SKIP","floor":48.0},{"not_picked":["Meditate+1","Pray+1"],"picked":"WaveOfTheHand+1","floor":55}],"player_experience":1474646,"relics_obtained":[{"floor":7.0,"key":"Juzu Bracelet"},{"floor":10.0,"key":"MawBank"},{"floor":14.0,"key":"Gremlin Horn"},{"floor":26.0,"key":"Anchor"},{"floor":27.0,"key":"Orichalcum"},{"floor":41.0,"key":"Blood Vial"},{"floor":43.0,"key":"Nunchaku"},{"floor":44.0,"key":"Sundial"},{"floor":46.0,"key":"Girya"},{"floor":55,"key":"GoldenEye"}],"event_choices":[{"cards_removed":["Defend_P"],"damage_healed":0.0,"max_hp_gain":0.0,"max_hp_loss":0.0,"gold_gain":0.0,"event_name":"Living Wall","player_choice":"Forget","floor":2.0,"gold_loss":0.0,"damage_taken":0.0},{"damage_healed":0.0,"max_hp_gain":0.0,"max_hp_loss":0.0,"gold_gain":0.0,"event_name":"Scrap Ooze","player_choice":"Success","floor":12.0,"gold_loss":0.0,"damage_taken":5.0,"relics_obtained":["Kunai"]},{"damage_healed":0.0,"max_hp_gain":5.0,"max_hp_loss":0.0,"gold_gain":0.0,"event_name":"Forgotten Altar","player_choice":"Shed Blood","floor":20.0,"gold_loss":0.0,"damage_taken":24.0},{"damage_healed":0.0,"max_hp_gain":0.0,"max_hp_loss":0.0,"gold_gain":0.0,"event_name":"Drug Dealer","player_choice":"Inject Mutagens","floor":21.0,"gold_loss":0.0,"damage_taken":0.0,"relics_obtained":["MutagenicStrength"]},{"damage_healed":0.0,"max_hp_gain":0.0,"max_hp_loss":0.0,"gold_gain":0.0,"event_name":"Back to Basics","player_choice":"Simplicity","floor":28.0,"gold_loss":0.0,"damage_taken":0.0,"cards_upgraded":["Strike_P","Strike_P","Strike_P","Strike_P","Defend_P","Defend_P"]},{"damage_healed":0.0,"max_hp_gain":0.0,"max_hp_loss":0.0,"gold_gain":0.0,"event_name":"Lab","player_choice":"Got Potions","floor":36.0,"gold_loss":0.0,"damage_taken":0.0},{"cards_removed":["WaveOfTheHand"],"damage_healed":0.0,"max_hp_gain":0.0,"max_hp_loss":0.0,"gold_gain":0.0,"event_name":"Falling","player_choice":"Removed Skill","floor":38.0,"gold_loss":0.0,"damage_taken":0.0},{"damage_healed":0.0,"max_hp_gain":0.0,"max_hp_loss":4.0,"gold_gain":0.0,"event_name":"Winding Halls","player_choice":"Max HP","floor":39.0,"gold_loss":0.0,"damage_taken":0.0}],"is_beta":true,"boss_relics":[{"not_picked":["Velvet Choker","Cursed Key"],"picked":"Sozu"},{"not_picked":["SlaversCollar","Calling Bell"],"picked":"Snecko Eye"}],"items_purged_floors":[19,45],"is_endless":false,"potions_floor_spawned":[1,4,10,11,24,31,35,37,42,55],"killed_by":"The Heart","ascension_level":20}