{"gold_per_floor":[117,130,130,149,163,195,195,215,290,306,306,338,338,338,338,410,410,425,425],"floor_reached":19,"playtime":1913,"items_purged":[],"score":338,"play_id":"c7069a3a-da05-4545-909a-4cc6520ab3d2","local_time":"20190112015415","is_ascension_mode":true,"campfire_choices":[{"data":"Armaments","floor":7.0,"key":"SMITH"},{"floor":11,"key":"REST"},{"floor":13,"key":"REST"},{"data":"Bash","floor":15,"key":"SMITH"}],"neow_cost":"NONE","seed_source_timestamp":322504814312289,"circlet_count":0,"master_deck":["AscendersBane","Strike_R","Strike_R","Strike_R","Defend_R","Defend_R","Defend_R","Defend_R","Bash+1","Flame Barrier","Anger","Pummel","Armaments+1","Rage","Clash","Cleave","Reaper","Demon Form","Heavy Blade"],"special_seed":0,"relics":["Burning Blood","Bottled Lightning","Paper Frog","Mango","Cursed Key"],"potions_floor_usage":[12,18,19],"damage_taken":[{"damage":1.0,"enemies":"Cultist","floor":1.0,"turns":4.0},{"damage":0.0,"enemies":"2 Louse","floor":2.0,"turns":3.0},{"damage":0.0,"enemies":"Small Slimes","floor":4.0,"turns":4.0},{"damage":6.0,"enemies":"Looter","floor":5.0,"turns":3.0},{"damage":60.0,"enemies":"3 Sentries","floor":6.0,"turns":14.0},{"damage":25.0,"enemies":"Exordium Thugs","floor":8.0,"turns":5.0},{"damage":0,"enemies":"Large Slime","floor":10,"turns":6},{"damage":7,"enemies":"Lagavulin","floor":12,"turns":6},{"damage":70,"enemies":"Hexaghost","floor":16,"turns":10},{"damage":13,"enemies":"Spheric Guardian","floor":18,"turns":4},{"damage":111,"enemies":"Masked Bandits","floor":19,"turns":7}],"seed_played":"7474843859650452939","potions_obtained":[{"floor":1.0,"key":"Swift Potion"},{"floor":8.0,"key":"FairyPotion"},{"floor":10,"key":"SpeedPotion"},{"floor":16,"key":"SkillPotion"},{"floor":18,"key":"Poison Potion"}],"is_trial":false,"path_per_floor":["M","M","?","M","M","E","R","M","T","M","R","E","R","?","R","B",null,"M","?"],"character_chosen":"IRONCLAD","items_purchased":[],"campfire_rested":2,"item_purchase_floors":[],"current_hp_per_floor":[80,82,75,81,81,27,27,8,8,14,38,51,79,79,79,22,78,71,0],"gold":425,"neow_bonus":"TEN_PERCENT_HP_BONUS","is_prod":false,"is_daily":false,"chose_seed":false,"campfire_upgraded":2,"win_rate":0,"timestamp":1547276055,"path_taken":["M","M","?","M","M","E","R","M","T","M","R","E","R","?","R","BOSS","M","?"],"build_version":"2019-01-03v4","purchased_purges":0,"victory":false,"max_hp_per_floor":[82,82,82,82,82,82,82,82,82,82,82,96,96,96,96,96,96,96,96],"card_choices":[{"not_picked":["Thunderclap","Perfected Strike"],"picked":"Flame Barrier","floor":1.0},{"not_picked":["Thunderclap","Shrug It Off"],"picked":"Anger","floor":2.0},{"not_picked":["Warcry","Evolve"],"picked":"Pummel","floor":4.0},{"not_picked":["Clothesline","Ghostly Armor"],"picked":"Armaments","floor":5.0},{"not_picked":["Heavy Blade","Carnage"],"picked":"Rage","floor":6.0},{"not_picked":["Clothesline","Warcry"],"picked":"Clash","floor":8.0},{"not_picked":["Uppercut","Warcry"],"picked":"Cleave","floor":10},{"not_picked":["Inflame","Double Tap"],"picked":"Reaper","floor":12},{"not_picked":["Impervious","Reaper"],"picked":"Demon Form","floor":16},{"not_picked":["Flex","Wild Strike"],"picked":"Heavy Blade","floor":18}],"player_experience":2181906,"relics_obtained":[{"floor":6.0,"key":"Bottled Lightning"},{"floor":9.0,"key":"Paper Frog"},{"floor":12,"key":"Mango"}],"event_choices":[{"cards_removed":["Strike_R"],"damage_healed":0.0,"max_hp_gain":0.0,"max_hp_loss":0.0,"gold_gain":0.0,"event_name":"Golden Wing","player_choice":"Card Removal","floor":3.0,"gold_loss":0.0,"damage_taken":7.0},{"cards_removed":["Strike_R"],"damage_healed":0,"gold_gain":0,"player_choice":"Card Removal","damage_taken":0,"max_hp_gain":0,"max_hp_loss":0,"event_name":"Wheel of Change","floor":14,"gold_loss":0},{"damage_healed":0,"gold_gain":0,"player_choice":"Fought Bandits","damage_taken":0,"max_hp_gain":0,"max_hp_loss":0,"event_name":"Masked Bandits","floor":19,"gold_loss":0}],"is_beta":false,"boss_relics":[{"not_picked":["Lizard Tail","Calling Bell"],"picked":"Cursed Key"}],"items_purged_floors":[],"is_endless":false,"potions_floor_spawned":[1,8,10,16,18],"killed_by":"Masked Bandits","ascension_level":15}