{"gold_per_floor":[311,9,9,25,35,35,70,70,70,102,119,119,119,152,152,152],"floor_reached":16,"playtime":1080,"items_purged":[],"score":200,"play_id":"ca53eeeb-75e0-4b1f-bdff-7ec65d7a5f6b","local_time":"20190914143606","is_ascension_mode":true,"campfire_choices":[{"data":"DevaForm","floor":6,"key":"SMITH"},{"data":"Quick Slash","floor":8,"key":"SMITH"},{"data":"ThirdEye","floor":12,"key":"SMITH"},{"data":"Vigilance","floor":15,"key":"SMITH"}],"neow_cost":"NO_GOLD","seed_source_timestamp":11371528460167,"circlet_count":0,"master_deck":["Strike_P","Strike_P","Strike_P","Strike_P","Defend_P","Defend_P","Defend_P","Eruption","Vigilance+1","JustLucky","DevaForm+1","Melter","Pummel","Quick Slash+1","Backstab","ThirdEye+1"],"relics":["PureWater","Old Coin","PrismaticShard","InkBottle","Gremlin Horn","Ginger","Golden Idol"],"potions_floor_usage":[14,16],"damage_taken":[{"damage":0,"enemies":"2 Louse","floor":1,"turns":1},{"damage":0,"enemies":"Jaw Worm","floor":4,"turns":5},{"damage":0,"enemies":"Small Slimes","floor":5,"turns":2},{"damage":10,"enemies":"Gremlin Nob","floor":7,"turns":3},{"damage":3,"enemies":"3 Sentries","floor":10,"turns":4},{"damage":9,"enemies":"Exordium Thugs","floor":11,"turns":2},{"damage":0,"enemies":"Lagavulin","floor":14,"turns":3},{"damage":38,"enemies":"Hexaghost","floor":16,"turns":12}],"seed_played":"-7269078021468838957","potions_obtained":[{"floor":7,"key":"Swift Potion"},{"floor":10,"key":"SteroidPotion"}],"is_trial":false,"path_per_floor":["M","$","?","M","M","R","E","R","T","E","M","R","?","E","R","B"],"character_chosen":"WATCHER","items_purchased":["PrismaticShard","DevaForm"],"campfire_rested":0,"item_purchase_floors":[2,2],"current_hp_per_floor":[59,59,59,59,59,59,49,49,49,46,37,37,37,37,37,0],"gold":152,"neow_bonus":"ONE_RARE_RELIC","is_prod":false,"is_daily":false,"chose_seed":false,"campfire_upgraded":4,"win_rate":0,"timestamp":1568428566,"path_taken":["M","$","?","M","M","R","E","R","T","E","M","R","?","E","R","BOSS"],"build_version":"2019-09-12","purchased_purges":0,"victory":false,"max_hp_per_floor":[65,65,65,65,65,65,65,65,65,65,65,65,60,60,60,60],"card_choices":[{"not_picked":["Halt","ThirdEye"],"picked":"JustLucky","floor":1},{"not_picked":["Slice","Prepared"],"picked":"Melter","floor":4},{"not_picked":["Stack","Chaos"],"picked":"Pummel","floor":5},{"not_picked":["Offering","Scrawl"],"picked":"Quick Slash","floor":7},{"not_picked":["Swivel","Grand Finale"],"picked":"Backstab","floor":10},{"not_picked":["Ball Lightning","JustLucky"],"picked":"ThirdEye","floor":11},{"not_picked":["Worship","Unraveling","Dodge and Roll"],"picked":"SKIP","floor":14}],"player_experience":1052860,"relics_obtained":[{"floor":7,"key":"InkBottle"},{"floor":9,"key":"Gremlin Horn"},{"floor":10,"key":"Ginger"}],"event_choices":[{"cards_removed":["Defend_P"],"damage_healed":0,"gold_gain":0,"player_choice":"Forget","damage_taken":0,"max_hp_gain":0,"max_hp_loss":0,"event_name":"Living Wall","floor":3,"gold_loss":0},{"damage_healed":0,"gold_gain":0,"player_choice":"Lose Max HP","damage_taken":0,"relics_obtained":["Golden Idol"],"max_hp_gain":0,"max_hp_loss":5,"event_name":"Golden Idol","floor":13,"gold_loss":0}],"is_beta":true,"boss_relics":[],"items_purged_floors":[],"is_endless":false,"potions_floor_spawned":[7,10],"killed_by":"Hexaghost","ascension_level":8}