{"gold_per_floor":[211,361,436,39,39,39,72,90,90,46,80,80,92,150,150,222,222,234,234,250,150,150,176,36,36,62,95,109,126,152,152,152,225,225,240,258,95,95,108,139,193,226,226,101,101,141,141],"floor_reached":47,"playtime":5365,"items_purged":["Doubt","Strike_P","Strike_P"],"score":1423,"play_id":"1b374dd9-6235-4f2f-a4e8-4cbfd9718c6f","local_time":"20190922235341","is_ascension_mode":true,"campfire_choices":[{"data":"Eruption","floor":6.0,"key":"SMITH"},{"data":"Devotion","floor":12.0,"key":"SMITH"},{"data":"BowlingBash","floor":15.0,"key":"SMITH"},{"data":"Discovery","floor":25,"key":"SMITH"},{"data":"DevaForm","floor":32,"key":"SMITH"},{"data":"Devotion","floor":45,"key":"SMITH"}],"neow_cost":"NONE","seed_source_timestamp":0,"circlet_count":0,"master_deck":["AscendersBane","Strike_P","Defend_P+1","Defend_P+1","Defend_P","Defend_P","Eruption+1","Vigilance","BowlingBash+1","Vault","ForeignInfluence","Crescendo","Wallop","Devotion+1","CutThroughFate","TalkToTheHand","DeusExMachina","FollowUp+1","Devotion+1","TalkToTheHand","WreathOfFlame","Crescendo+1","ThirdEye","FearNoEvil","DevaForm+1","Vault","TalkToTheHand","CutThroughFate"],"special_seed":0,"relics":["PureWater","Anchor","Omamori","Pantograph","Unceasing Top","PreservedInsect","Runic Pyramid","War Paint","Pocketwatch","Melange","Cursed Key","Toy Ornithopter","Shovel","Gremlin Horn","Molten Egg 2"],"potions_floor_usage":[23,31,41,47],"damage_taken":[{"damage":19.0,"enemies":"Small Slimes","floor":1.0,"turns":9.0},{"damage":1.0,"enemies":"Gremlin Nob","floor":7.0,"turns":3.0},{"damage":0.0,"enemies":"Jaw Worm","floor":8.0,"turns":2.0},{"damage":0.0,"enemies":"Lagavulin","floor":11.0,"turns":4.0},{"damage":0.0,"enemies":"Cultist","floor":13.0,"turns":3.0},{"damage":1.0,"enemies":"Gremlin Nob","floor":14.0,"turns":3.0},{"damage":0.0,"enemies":"Slime Boss","floor":16.0,"turns":5.0},{"damage":0,"enemies":"Chosen","floor":18,"turns":3},{"damage":1,"enemies":"Shell Parasite","floor":20,"turns":3},{"damage":16,"enemies":"Gremlin Leader","floor":23,"turns":4},{"damage":8,"enemies":"Slavers","floor":27,"turns":3},{"damage":0,"enemies":"Sentry and Sphere","floor":28,"turns":3},{"damage":1,"enemies":"3 Cultists","floor":29,"turns":5},{"damage":4,"enemies":"Book of Stabbing","floor":30,"turns":4},{"damage":0,"enemies":"Chosen and Byrds","floor":31,"turns":3},{"damage":0,"enemies":"Champ","floor":33,"turns":13},{"damage":2,"enemies":"3 Darklings","floor":35,"turns":5},{"damage":0,"enemies":"3 Shapes","floor":36,"turns":3},{"damage":13,"enemies":"Sphere and 2 Shapes","floor":39,"turns":6},{"damage":0,"enemies":"Reptomancer","floor":40,"turns":3},{"damage":15,"enemies":"2 Orb Walkers","floor":41,"turns":4},{"damage":2,"enemies":"Nemesis","floor":42,"turns":9},{"damage":25,"enemies":"Writhing Mass","floor":46,"turns":5},{"damage":22,"enemies":"Reptomancer","floor":47,"turns":2}],"seed_played":"-922797074612862218","potions_obtained":[{"floor":8.0,"key":"Energy Potion"},{"floor":11.0,"key":"Dexterity Potion"},{"floor":14.0,"key":"SmokeBomb"},{"floor":16.0,"key":"DuplicationPotion"},{"floor":23,"key":"Swift Potion"},{"floor":29,"key":"DuplicationPotion"},{"floor":36,"key":"Swift Potion"},{"floor":42,"key":"Strength Potion"}],"is_trial":false,"path_per_floor":["M","?","?","$","?","R","E","M","T","$","E","R","M","?","R","B",null,"M","?","M","$","?","E","$","R","T","E","M","M","E","M","R","B",null,"M","M","$","?","M","E","?","E","T","$","R","M","E"],"character_chosen":"WATCHER","items_purchased":["Anchor","Vault","Wallop","Discovery","WreathOfFlame","Vault"],"campfire_rested":0,"item_purchase_floors":[4,4,10,24,24,37],"current_hp_per_floor":[36,36,25,25,45,45,44,44,44,44,44,44,44,43,43,61,61,61,61,60,60,60,44,44,44,44,36,36,35,31,31,31,56,60,58,58,58,58,45,45,35,33,33,33,33,8,0],"gold":141,"neow_bonus":"HUNDRED_GOLD","is_prod":false,"is_daily":false,"chose_seed":false,"campfire_upgraded":6,"win_rate":0,"timestamp":1569153221,"path_taken":["M","?","?","$","?","R","E","M","T","$","E","R","M","?","R","BOSS","M","?","M","$","?","E","?","R","T","E","M","M","E","M","R","BOSS","M","M","$","?","M","E","?","E","T","?","R","M","E"],"build_version":"2019-09-20","purchased_purges":3,"victory":false,"max_hp_per_floor":[61,61,61,61,61,61,61,61,61,61,61,61,61,61,61,61,61,61,61,61,61,61,61,61,61,61,61,61,61,61,61,61,61,61,61,61,61,61,61,61,61,61,61,61,61,61,61],"card_choices":[{"not_picked":["FollowUp","Crescendo"],"picked":"BowlingBash","floor":1.0},{"not_picked":["ThirdEye","DevaForm"],"picked":"ForeignInfluence","floor":7.0},{"not_picked":["Tantrum","Consecrate"],"picked":"Crescendo","floor":8.0},{"not_picked":["FlyingSleeves","ClearTheMind"],"picked":"Devotion","floor":11.0},{"not_picked":["Establishment","Sanctity"],"picked":"CutThroughFate","floor":13.0},{"not_picked":["CleanseEvil","Sanctity"],"picked":"TalkToTheHand","floor":14.0},{"not_picked":["Unraveling","MasterReality"],"picked":"DeusExMachina","floor":16.0},{"not_picked":["JustLucky","WreathOfFlame"],"picked":"FollowUp+1","floor":18},{"not_picked":["WindmillStrike","Consecrate"],"picked":"Devotion","floor":20},{"not_picked":["ForeignInfluence","FlyingSleeves+1"],"picked":"TalkToTheHand","floor":23},{"not_picked":["InnerPeace","Protect"],"picked":"Crescendo+1","floor":27},{"not_picked":["Protect","FollowUp"],"picked":"ThirdEye","floor":28},{"not_picked":["PathToVictory","WindmillStrike"],"picked":"FearNoEvil","floor":29},{"not_picked":["Prostrate","CutThroughFate+1"],"picked":"DevaForm","floor":30},{"not_picked":["Crescendo","Consecrate","CutThroughFate"],"picked":"SKIP","floor":35},{"not_picked":["Collect","FlyingSleeves","BowlingBash"],"picked":"SKIP","floor":36},{"not_picked":["EmptyFist+1","FearNoEvil","Meditate"],"picked":"SKIP","floor":39},{"not_picked":["EmptyFist+1","FearNoEvil","Meditate"],"picked":"SKIP","floor":39},{"not_picked":["Consecrate+1","ForeignInfluence"],"picked":"TalkToTheHand","floor":40},{"not_picked":["Halt","ClearTheMind"],"picked":"CutThroughFate","floor":42},{"not_picked":["Consecrate+1","ClearTheMind","FollowUp+1"],"picked":"SKIP","floor":46}],"player_experience":1214478,"relics_obtained":[{"floor":7.0,"key":"Omamori"},{"floor":9.0,"key":"Pantograph"},{"floor":11.0,"key":"Unceasing Top"},{"floor":14.0,"key":"PreservedInsect"},{"floor":23,"key":"War Paint"},{"floor":27,"key":"Pocketwatch"},{"floor":30,"key":"Melange"},{"floor":40,"key":"Toy Ornithopter"},{"floor":41,"key":"Shovel"},{"floor":42,"key":"Gremlin Horn"},{"floor":43,"key":"Molten Egg 2"}],"event_choices":[{"damage_healed":0.0,"max_hp_gain":0.0,"max_hp_loss":0.0,"gold_gain":150.0,"event_name":"Liars Game","player_choice":"AGREE","floor":2.0,"gold_loss":0.0,"damage_taken":0.0,"cards_obtained":["Doubt"]},{"damage_healed":0.0,"max_hp_gain":0.0,"max_hp_loss":0.0,"gold_gain":75.0,"event_name":"World of Goop","player_choice":"Gather Gold","floor":3.0,"gold_loss":0.0,"damage_taken":11.0},{"damage_healed":20.0,"max_hp_gain":0.0,"max_hp_loss":0.0,"gold_gain":0.0,"event_name":"Big Fish","player_choice":"Banana","floor":5.0,"gold_loss":0.0,"damage_taken":0.0},{"damage_healed":0.0,"max_hp_gain":0.0,"max_hp_loss":0.0,"gold_gain":0.0,"event_name":"Dead Adventurer","player_choice":"Searched \u00271\u0027 times","floor":14.0,"gold_loss":0.0,"damage_taken":0.0},{"cards_removed":["Strike_P"],"damage_healed":0,"gold_gain":0,"player_choice":"Purged","damage_taken":0,"max_hp_gain":0,"max_hp_loss":0,"event_name":"Purifier","floor":19,"gold_loss":0},{"damage_healed":0,"gold_gain":0,"player_choice":"Ignored","damage_taken":0,"max_hp_gain":0,"max_hp_loss":0,"event_name":"Ghosts","floor":22,"gold_loss":0},{"cards_removed":["Discovery"],"damage_healed":0,"gold_gain":0,"player_choice":"Removed Skill","damage_taken":0,"max_hp_gain":0,"max_hp_loss":0,"event_name":"Falling","floor":38,"gold_loss":0},{"damage_healed":0,"gold_gain":0,"player_choice":"Fight","damage_taken":0,"max_hp_gain":0,"max_hp_loss":0,"event_name":"Mysterious Sphere","floor":41,"gold_loss":0}],"is_beta":true,"boss_relics":[{"not_picked":["Sozu","Ectoplasm"],"picked":"Runic Pyramid"},{"not_picked":["Tiny House","Velvet Choker"],"picked":"Cursed Key"}],"items_purged_floors":[4,21,44],"is_endless":false,"potions_floor_spawned":[8,11,14,16,18,23,29,30,31,36,40,42],"killed_by":"Reptomancer","ascension_level":20}