{"gold_per_floor":[116,116,128,140,215,241,29,102,102,277,277,291,291,291,291,396,396,415,415,14,14,27,27,27,27,97,97,109,13,13,13,13,13],"floor_reached":33,"playtime":890,"items_purged":[],"score":239,"play_id":"9b26403f-6b56-44bf-8541-29a6b5cb5792","local_time":"20190726183507","is_ascension_mode":false,"campfire_choices":[{"floor":11,"key":"REST"},{"data":"Electrodynamics","floor":13,"key":"SMITH"},{"data":"Conserve Battery","floor":15,"key":"SMITH"},{"floor":23,"key":"REST"},{"data":"Conserve Battery","floor":25,"key":"SMITH"},{"data":"Capacitor","floor":30,"key":"SMITH"},{"data":"RitualDagger","floor":32,"key":"SMITH"}],"neow_cost":"NONE","seed_source_timestamp":118304797914482,"circlet_count":0,"master_deck":["Strike_B","Strike_B","Defend_B","Defend_B","Defend_B","Defend_B","Zap","Dualcast","Rebound","Electrodynamics+1","Turbo","Cold Snap","Sunder+1","Conserve Battery+1","Dark Shackles","Doubt","Genetic Algorithm","Static Discharge+1","Genetic Algorithm+1","Hello World+1","Turbo","Conserve Battery+1","Redo","Compile Driver","J.A.X.","Stack","Ball Lightning","RitualDagger+1","Steam+1","Streamline","Capacitor+1","Conserve Battery+1","Sunder+1"],"relics":["Cracked Core","Symbiotic Virus","Boot","Astrolabe","Prayer Wheel","FossilizedHelix","Toxic Egg 2"],"potions_floor_usage":[6,6,6,16,16,18],"damage_taken":[{"damage":0,"enemies":"Small Slimes","floor":1,"turns":3},{"damage":1,"enemies":"2 Louse","floor":3,"turns":2},{"damage":1,"enemies":"Cultist","floor":4,"turns":3},{"damage":4,"enemies":"Gremlin Nob","floor":6,"turns":3},{"damage":10,"enemies":"Looter","floor":12,"turns":2},{"damage":29,"enemies":"Hexaghost","floor":16,"turns":9},{"damage":17,"enemies":"2 Thieves","floor":18,"turns":4},{"damage":0,"enemies":"Chosen","floor":22,"turns":4},{"damage":6,"enemies":"3 Cultists","floor":28,"turns":3},{"damage":70,"enemies":"Champ","floor":33,"turns":9}],"seed_played":"1938541734985952795","potions_obtained":[{"floor":0,"key":"FocusPotion"},{"floor":0,"key":"EntropicBrew"},{"floor":0,"key":"Weak Potion"}],"is_trial":false,"path_per_floor":["M","?","M","M","?","E","$","?","T","?","R","M","R","?","R","B",null,"M","T","$","?","M","R","$","R","T","?","M","$","R","?","R","B"],"character_chosen":"DEFECT","items_purchased":["Sunder","Conserve Battery","Dark Shackles","FossilizedHelix","Conserve Battery","Redo","Compile Driver","Capacitor","Conserve Battery+1"],"campfire_rested":2,"item_purchase_floors":[7,7,7,20,20,20,20,29,29],"current_hp_per_floor":[75,75,74,73,62,58,58,58,58,58,75,65,65,65,65,36,75,58,58,58,58,58,75,75,75,75,69,63,63,63,63,63,0],"gold":13,"neow_bonus":"THREE_SMALL_POTIONS","is_prod":false,"is_daily":false,"chose_seed":false,"campfire_upgraded":5,"win_rate":0.0,"timestamp":1564176907,"path_taken":["M","?","M","M","?","E","$","?","T","?","R","M","R","?","R","BOSS","M","?","$","?","M","R","?","R","T","?","?","$","R","?","R","BOSS"],"build_version":"2019-07-17","purchased_purges":0,"victory":false,"max_hp_per_floor":[75,75,75,75,75,75,75,75,75,75,75,75,75,75,75,75,75,75,75,75,75,75,75,75,75,75,75,75,75,75,75,75,75],"card_choices":[{"not_picked":["Gash","Reprogram"],"picked":"Rebound","floor":1},{"not_picked":["Redo","Ball Lightning"],"picked":"Electrodynamics","floor":3},{"not_picked":["Coolheaded","Steam Power"],"picked":"Turbo","floor":4},{"not_picked":["Turbo","Heatsinks"],"picked":"Cold Snap","floor":6},{"not_picked":["Compile Driver","Steam"],"picked":"Genetic Algorithm","floor":12},{"not_picked":["Electrodynamics","Core Surge"],"picked":"Seek","floor":16},{"not_picked":["Barrage","Cold Snap"],"picked":"Turbo","floor":18},{"not_picked":["Go for the Eyes","Blizzard"],"picked":"Stack","floor":22},{"not_picked":["Barrage","Coolheaded+1"],"picked":"Ball Lightning","floor":22},{"not_picked":["Gash","Beam Cell"],"picked":"Steam+1","floor":28},{"not_picked":["Hologram+1","Seek+1"],"picked":"Streamline","floor":28}],"player_experience":236952,"relics_obtained":[{"floor":6,"key":"Symbiotic Virus"},{"floor":9,"key":"Boot"},{"floor":19,"key":"Prayer Wheel"},{"floor":26,"key":"Toxic Egg 2"}],"event_choices":[{"damage_healed":0,"gold_gain":0,"player_choice":"Leave","damage_taken":0,"max_hp_gain":0,"max_hp_loss":0,"event_name":"The Cleric","floor":2,"gold_loss":0},{"damage_healed":0,"gold_gain":75,"player_choice":"Gather Gold","damage_taken":11,"max_hp_gain":0,"max_hp_loss":0,"event_name":"World of Goop","floor":5,"gold_loss":0},{"damage_healed":0,"gold_gain":73,"player_choice":"Gained Gold","damage_taken":0,"max_hp_gain":0,"max_hp_loss":0,"event_name":"Golden Wing","floor":8,"gold_loss":0},{"damage_healed":0,"gold_gain":175,"player_choice":"AGREE","damage_taken":0,"max_hp_gain":0,"max_hp_loss":0,"event_name":"Liars Game","floor":10,"gold_loss":0,"cards_obtained":["Doubt"]},{"damage_healed":0,"gold_gain":0,"player_choice":"Forge","damage_taken":0,"max_hp_gain":0,"max_hp_loss":0,"event_name":"Accursed Blacksmith","floor":14,"gold_loss":0,"cards_upgraded":["Sunder"]},{"damage_healed":0,"gold_gain":0,"player_choice":"Obtain J.A.X.","damage_taken":0,"max_hp_gain":0,"max_hp_loss":0,"event_name":"Drug Dealer","floor":21,"gold_loss":0,"cards_obtained":["J.A.X."]},{"damage_healed":0,"gold_gain":0,"player_choice":"Joined the Cult","damage_taken":6,"max_hp_gain":0,"max_hp_loss":0,"event_name":"Nest","floor":27,"gold_loss":0,"cards_obtained":["RitualDagger"]},{"damage_healed":0,"gold_gain":0,"player_choice":"Copied","damage_taken":0,"max_hp_gain":0,"max_hp_loss":0,"event_name":"Duplicator","floor":31,"gold_loss":0,"cards_obtained":["Sunder"]}],"is_beta":false,"boss_relics":[{"not_picked":["Pandora\u0027s Box","Velvet Choker"],"picked":"Astrolabe"}],"items_purged_floors":[],"is_endless":false,"potions_floor_spawned":[3,12],"killed_by":"Champ","ascension_level":0}