{"gold_per_floor":[118,118,37,37,52,52,71,81,81,97,97,97,97,111,111,216,216,232,232,332,351,363,363,381,381,408,368,383,383,383,383,383,480,480,499,0,0,11,11,11,23,23,48,59,59,72,87,87],"floor_reached":48,"playtime":2304,"items_purged":[],"score":449,"play_id":"9b073b74-1566-4769-948c-dacb111ade0d","local_time":"20190717091824","is_ascension_mode":false,"campfire_choices":[{"data":"Defragment","floor":6,"key":"SMITH"},{"data":"White Noise","floor":11,"key":"SMITH"},{"data":"Zap","floor":13,"key":"SMITH"},{"data":"Conserve Battery","floor":15,"key":"SMITH"},{"floor":23,"key":"REST"},{"floor":25,"key":"REST"},{"data":"Glacier","floor":29,"key":"SMITH"},{"data":"Capacitor","floor":32,"key":"SMITH"},{"data":"Rainbow","floor":40,"key":"SMITH"},{"floor":42,"key":"REST"}],"neow_cost":"NONE","seed_source_timestamp":167610211427736,"circlet_count":0,"master_deck":["Strike_B+1","Strike_B+1","Strike_B+1","Defend_B+1","Defend_B+1","Defend_B+1","Defend_B+1","Zap+1","Dualcast+1","Undo","Defragment+1","Glacier+1","Gash+1","White Noise+1","Conserve Battery+1","Doom and Gloom+1","Hyperbeam+1","Steam+1","J.A.X.","Chill","Capacitor+1","Gash+1","Rebound+1","Rainbow+1","Self Repair+1","Rebound+1","Writhe","Streamline+1","Glacier","Capacitor+1","Stack+1","Compile Driver+1"],"relics":["Cracked Core","NeowsBlessing","Molten Egg 2","Bag of Marbles","Lizard Tail","Art of War","Nuclear Battery","Red Mask","Happy Flower"],"potions_floor_usage":[14,16,33,44,44,44,44,44,46,47,47],"damage_taken":[{"damage":0,"enemies":"2 Louse","floor":1,"turns":1},{"damage":0,"enemies":"Small Slimes","floor":5,"turns":1},{"damage":0,"enemies":"Cultist","floor":7,"turns":1},{"damage":1,"enemies":"2 Fungi Beasts","floor":8,"turns":3},{"damage":0,"enemies":"Large Slime","floor":10,"turns":5},{"damage":8,"enemies":"Lots of Slimes","floor":14,"turns":4},{"damage":5,"enemies":"Hexaghost","floor":16,"turns":12},{"damage":0,"enemies":"2 Thieves","floor":18,"turns":1},{"damage":3,"enemies":"Chosen","floor":21,"turns":4},{"damage":21,"enemies":"Shelled Parasite and Fungi","floor":22,"turns":4},{"damage":24,"enemies":"Snake Plant","floor":24,"turns":5},{"damage":9,"enemies":"3 Cultists","floor":28,"turns":3},{"damage":23,"enemies":"Automaton","floor":33,"turns":9},{"damage":10,"enemies":"3 Shapes","floor":35,"turns":4},{"damage":31,"enemies":"Orb Walker","floor":38,"turns":4},{"damage":62,"enemies":"Transient","floor":41,"turns":5},{"damage":3,"enemies":"Sphere and 2 Shapes","floor":44,"turns":1},{"damage":28,"enemies":"Maw","floor":46,"turns":9},{"damage":19,"enemies":"3 Darklings","floor":47,"turns":5},{"damage":42,"enemies":"Spire Growth","floor":48,"turns":4}],"seed_played":"-8284808538631233333","potions_obtained":[{"floor":1,"key":"Swift Potion"},{"floor":8,"key":"Block Potion"},{"floor":10,"key":"Weak Potion"},{"floor":24,"key":"Explosive Potion"},{"floor":27,"key":"FearPotion"},{"floor":27,"key":"Fire Potion"},{"floor":27,"key":"SteroidPotion"},{"floor":35,"key":"EntropicBrew"},{"floor":44,"key":"Dexterity Potion"},{"floor":46,"key":"Poison Potion"}],"is_trial":false,"path_per_floor":["M","?","$","?","M","R","M","M","T","M","R","?","R","M","R","B",null,"M","?","?","M","M","R","M","R","T","?","M","R","?","?","R","B",null,"M","?","?","M","?","R","M","R","T","M","?","M","M","M"],"character_chosen":"DEFECT","items_purchased":["Defragment"],"campfire_rested":3,"item_purchase_floors":[3],"current_hp_per_floor":[75,75,75,75,75,75,75,74,74,74,74,74,74,66,66,61,75,75,75,75,72,51,73,49,71,71,71,62,62,62,62,62,39,75,65,65,65,44,63,63,1,23,23,20,20,41,32,0],"gold":87,"neow_bonus":"THREE_ENEMY_KILL","is_prod":false,"is_daily":false,"chose_seed":false,"campfire_upgraded":7,"win_rate":0.0,"timestamp":1563365904,"path_taken":["M","?","$","?","?","R","M","M","T","M","R","?","R","M","R","BOSS","M","?","?","M","M","R","?","R","T","?","?","R","?","?","R","BOSS","M","?","?","M","?","R","M","R","T","M","?","?","M","M"],"build_version":"2019-07-05","purchased_purges":0,"victory":false,"max_hp_per_floor":[75,75,75,75,75,75,75,75,75,75,75,75,75,75,75,75,75,75,75,75,75,75,75,75,75,75,75,75,75,75,75,75,75,75,75,75,75,75,75,75,75,75,75,75,75,75,75,75],"card_choices":[{"not_picked":["Sweeping Beam","Blizzard"],"picked":"Undo","floor":1},{"not_picked":["Sweeping Beam+1","Gash+1"],"picked":"Glacier","floor":5},{"not_picked":["Scrape+1","Darkness"],"picked":"Gash+1","floor":7},{"not_picked":["Stack","Force Field"],"picked":"White Noise","floor":8},{"not_picked":["Core Surge+1","Leap"],"picked":"Conserve Battery","floor":10},{"not_picked":["Coolheaded","Steam Power"],"picked":"Doom and Gloom+1","floor":14},{"not_picked":["Rainbow","Reboot"],"picked":"Hyperbeam+1","floor":16},{"not_picked":["Rebound+1","Blizzard+1"],"picked":"Steam+1","floor":18},{"not_picked":["Glacier","Fusion"],"picked":"Chill","floor":21},{"not_picked":["Beam Cell+1","Stack"],"picked":"Capacitor","floor":22},{"not_picked":["Rebound+1","Beam Cell+1"],"picked":"Gash+1","floor":24},{"not_picked":["Blizzard+1","Beam Cell+1"],"picked":"Rebound+1","floor":28},{"not_picked":["Fission","Biased Cognition"],"picked":"Rainbow","floor":33},{"not_picked":["Coolheaded","Aggregate"],"picked":"Self Repair+1","floor":35},{"not_picked":["Compile Driver+1","Hello World+1"],"picked":"Rebound+1","floor":38},{"not_picked":["Rip and Tear+1","Loop+1"],"picked":"Streamline+1","floor":41},{"not_picked":["White Noise","Barrage+1"],"picked":"Glacier","floor":44},{"not_picked":["Barrage+1","Coolheaded+1"],"picked":"Stack+1","floor":46},{"not_picked":["Steam Power+1","Go for the Eyes+1"],"picked":"Compile Driver+1","floor":47}],"player_experience":176483,"relics_obtained":[{"floor":4,"key":"Molten Egg 2"},{"floor":9,"key":"Bag of Marbles"},{"floor":26,"key":"Art of War"},{"floor":43,"key":"Happy Flower"}],"event_choices":[{"damage_healed":0,"gold_gain":0,"player_choice":"Grow","damage_taken":0,"max_hp_gain":0,"max_hp_loss":0,"event_name":"Living Wall","floor":2,"gold_loss":0,"cards_upgraded":["Dualcast"]},{"damage_healed":0,"gold_gain":0,"player_choice":"Relic","damage_taken":0,"max_hp_gain":0,"max_hp_loss":0,"event_name":"Wheel of Change","floor":4,"gold_loss":0},{"damage_healed":0,"gold_gain":0,"player_choice":"Leave","damage_taken":0,"max_hp_gain":0,"max_hp_loss":0,"event_name":"The Cleric","floor":12,"gold_loss":0},{"damage_healed":0,"gold_gain":0,"player_choice":"Obtain J.A.X.","damage_taken":0,"max_hp_gain":0,"max_hp_loss":0,"event_name":"Drug Dealer","floor":19,"gold_loss":0,"cards_obtained":["J.A.X."]},{"damage_healed":0,"gold_gain":100,"player_choice":"Pray","damage_taken":0,"max_hp_gain":0,"max_hp_loss":0,"event_name":"Golden Shrine","floor":20,"gold_loss":0},{"damage_healed":0,"gold_gain":0,"player_choice":"Bought 3 Potions","damage_taken":0,"max_hp_gain":0,"max_hp_loss":0,"event_name":"The Woman in Blue","floor":27,"gold_loss":0},{"damage_healed":0,"gold_gain":0,"player_choice":"Ignored","damage_taken":0,"max_hp_gain":0,"max_hp_loss":0,"event_name":"Ghosts","floor":30,"gold_loss":0},{"damage_healed":0,"gold_gain":0,"player_choice":"Simplicity","damage_taken":0,"max_hp_gain":0,"max_hp_loss":0,"event_name":"Back to Basics","floor":31,"gold_loss":0,"cards_upgraded":["Strike_B","Strike_B","Strike_B","Strike_B","Defend_B","Defend_B","Defend_B","Defend_B"]},{"damage_healed":0,"gold_gain":0,"player_choice":"Paid","damage_taken":0,"relics_obtained":["Red Mask"],"max_hp_gain":0,"max_hp_loss":0,"event_name":"Tomb of Lord Red Mask","floor":36,"gold_loss":499},{"cards_removed":["Strike_B"],"damage_healed":0,"gold_gain":0,"player_choice":"Removed Attack","damage_taken":0,"max_hp_gain":0,"max_hp_loss":0,"event_name":"Falling","floor":37,"gold_loss":0},{"damage_healed":19,"gold_gain":0,"player_choice":"Writhe","damage_taken":0,"max_hp_gain":0,"max_hp_loss":0,"event_name":"Winding Halls","floor":39,"gold_loss":0,"cards_obtained":["Writhe"]},{"damage_healed":0,"gold_gain":0,"player_choice":"Copied","damage_taken":0,"max_hp_gain":0,"max_hp_loss":0,"event_name":"Duplicator","floor":45,"gold_loss":0,"cards_obtained":["Capacitor"]}],"is_beta":false,"boss_relics":[{"not_picked":["Calling Bell","Empty Cage"],"picked":"Lizard Tail"},{"not_picked":["Runic Pyramid","Inserter"],"picked":"Nuclear Battery"}],"items_purged_floors":[],"is_endless":false,"potions_floor_spawned":[1,8,10,24,28,35,44,46],"killed_by":"Spire Growth","ascension_level":0}