{"gold_per_floor":[118,4,18,18,37,64,64,91,91,103,127,159,171,208,220,329,341,367,86,86,140,153,153,187,4,31,56,76,22,22,34,34,136,136,151,166,177,27,46,46,59,59,85,100,100,113,113,113,113,113],"floor_reached":51,"playtime":2318,"items_purged":[],"score":878,"play_id":"00834bc8-8361-467c-8db3-2c7aa68e5297","local_time":"20190831113450","is_ascension_mode":true,"campfire_choices":[{"floor":7,"key":"REST"},{"data":"Zap","floor":10,"key":"SMITH"},{"data":"Self Repair","floor":13,"key":"SMITH"},{"data":"Hyperbeam","floor":15,"key":"SMITH"},{"floor":23,"key":"REST"},{"data":"Sunder","floor":32,"key":"SMITH"},{"floor":40,"key":"REST"},{"floor":42,"key":"REST"},{"data":"Redo","floor":45,"key":"SMITH"},{"floor":49,"key":"REST"}],"neow_cost":"NONE","seed_source_timestamp":123479541631698,"circlet_count":0,"master_deck":["Strike_B+1","Strike_B+1","Strike_B+1","Strike_B+1","Defend_B+1","Defend_B+1","Defend_B+1","Defend_B+1","Zap+1","Dualcast+1","Lockon+1","Barrage+1","Self Repair+1","Cold Snap+1","Rebound+1","Turbo+1","Hyperbeam+1","BootSequence+1","Beam Cell+1","Leap+1","Rainbow+1","Gash+1","Sunder+1","Go for the Eyes+1","Leap+1","Chill+1","Leap+1","Leap+1","Defragment+1","Good Instincts+1","Cold Snap+1","Beam Cell+1","RitualDagger+1","Capacitor+1","Conserve Battery+1","Self Repair+1","Leap+1","Compile Driver+1","Conserve Battery+1","Streamline+1","Buffer+1","Leap+1","Sweeping Beam+1","Redo+1","Leap+1","Parasite","Melter+1","Conserve Battery+1","Leap+1"],"relics":["Cracked Core","PreservedInsect","Happy Flower","Mercury Hourglass","MawBank","FossilizedHelix","Orrery","Bronze Scales","Cables","Oddly Smooth Stone","Blood Vial","Boot","Nuclear Battery","War Paint","Whetstone","Mark of the Bloom"],"potions_floor_usage":[6,8,24,24,24,33,50,50,50],"damage_taken":[{"damage":5,"enemies":"2 Louse","floor":1,"turns":4},{"damage":1,"enemies":"Cultist","floor":3,"turns":3},{"damage":4,"enemies":"Jaw Worm","floor":5,"turns":4},{"damage":18,"enemies":"Gremlin Nob","floor":6,"turns":4},{"damage":0,"enemies":"3 Sentries","floor":8,"turns":2},{"damage":5,"enemies":"Lots of Slimes","floor":11,"turns":2},{"damage":0,"enemies":"Exordium Thugs","floor":12,"turns":2},{"damage":0,"enemies":"Gremlin Nob","floor":14,"turns":2},{"damage":72,"enemies":"The Guardian","floor":16,"turns":9},{"damage":22,"enemies":"Spheric Guardian","floor":18,"turns":4},{"damage":2,"enemies":"Shell Parasite","floor":22,"turns":4},{"damage":21,"enemies":"Slavers","floor":24,"turns":4},{"damage":12,"enemies":"Gremlin Leader","floor":27,"turns":7},{"damage":11,"enemies":"Sentry and Sphere","floor":28,"turns":3},{"damage":0,"enemies":"Centurion and Healer","floor":31,"turns":3},{"damage":52,"enemies":"Champ","floor":33,"turns":15},{"damage":0,"enemies":"3 Shapes","floor":35,"turns":2},{"damage":34,"enemies":"3 Darklings","floor":36,"turns":4},{"damage":11,"enemies":"Sphere and 2 Shapes","floor":37,"turns":3},{"damage":28,"enemies":"Jaw Worm Horde","floor":39,"turns":4},{"damage":14,"enemies":"Writhing Mass","floor":41,"turns":6},{"damage":8,"enemies":"3 Darklings","floor":44,"turns":5},{"damage":0,"enemies":"Transient","floor":46,"turns":5},{"damage":24,"enemies":"Awakened One","floor":50,"turns":15}],"seed_played":"6060740340316494893","potions_obtained":[{"floor":4,"key":"Ancient Potion"},{"floor":4,"key":"AttackPotion"},{"floor":4,"key":"Block Potion"},{"floor":6,"key":"FearPotion"},{"floor":12,"key":"GamblersBrew"},{"floor":22,"key":"FocusPotion"},{"floor":28,"key":"Block Potion"},{"floor":33,"key":"Poison Potion"},{"floor":37,"key":"Ancient Potion"},{"floor":44,"key":"LiquidBronze"},{"floor":46,"key":"Regen Potion"}],"is_trial":false,"path_per_floor":["M","$","M","?","M","E","R","E","T","R","M","M","R","E","R","B",null,"M","$","?","T","M","R","E","$","T","E","M","$","?","M","R","B",null,"M","M","M","$","M","R","M","R","T","M","R","M","?","?","R","B",null],"character_chosen":"DEFECT","items_purchased":["Barrage","Self Repair","Leap","Defragment","Good Instincts","Cold Snap","Beam Cell","Oddly Smooth Stone","Self Repair","Conserve Battery","War Paint"],"campfire_rested":5,"item_purchase_floors":[2,2,19,19,19,19,19,25,25,29,38],"current_hp_per_floor":[70,70,75,75,75,64,75,75,75,75,75,75,75,75,75,3,75,53,53,47,47,55,75,64,64,64,64,65,65,65,75,75,33,75,75,48,49,49,23,45,43,65,65,66,66,68,68,68,68,44],"gold":113,"neow_bonus":"RANDOM_COMMON_RELIC","is_prod":false,"is_daily":false,"chose_seed":false,"campfire_upgraded":5,"win_rate":0,"timestamp":1567262090,"path_taken":["M","$","M","?","M","E","R","E","T","R","?","M","R","E","R","BOSS","M","$","?","?","M","R","E","$","T","E","?","?","?","M","R","BOSS","M","M","M","$","M","R","M","R","T","M","R","M","?","?","R","BOSS"],"build_version":"2019-07-17","purchased_purges":0,"victory":true,"max_hp_per_floor":[75,75,75,75,75,75,75,75,75,75,75,75,75,75,75,75,75,75,75,75,75,75,75,75,75,75,75,75,75,75,75,75,75,75,75,75,75,75,75,75,75,75,75,75,75,75,75,75,75,75],"card_choices":[{"not_picked":["Turbo","Hologram"],"picked":"Lockon","floor":1},{"not_picked":["Sweeping Beam","Ball Lightning"],"picked":"Cold Snap","floor":3},{"not_picked":["Loop","Barrage"],"picked":"Rebound","floor":5},{"not_picked":["Static Discharge","Hologram"],"picked":"Turbo","floor":6},{"not_picked":["Storm","Conserve Battery"],"picked":"Hyperbeam","floor":8},{"not_picked":["Barrage","Stack"],"picked":"BootSequence","floor":11},{"not_picked":["Cold Snap","FTL"],"picked":"Beam Cell","floor":12},{"not_picked":["Rip and Tear","Gash"],"picked":"Leap","floor":14},{"not_picked":["Creative AI","All For One"],"picked":"Rainbow","floor":16},{"not_picked":["Turbo","Stack"],"picked":"Gash","floor":17},{"not_picked":["Rebound","Sweeping Beam"],"picked":"Sunder","floor":17},{"not_picked":["Heatsinks","Barrage"],"picked":"Go for the Eyes","floor":17},{"not_picked":["Creative AI","Stack"],"picked":"Leap","floor":17},{"not_picked":["Skim","Doom and Gloom"],"picked":"Chill","floor":17},{"not_picked":["Turbo","Skim"],"picked":"Leap","floor":18},{"not_picked":["Coolheaded","Skim"],"picked":"Capacitor","floor":22},{"not_picked":["Reprogram+1","Blizzard"],"picked":"Conserve Battery","floor":24},{"not_picked":["BootSequence+1","Self Repair"],"picked":"Leap+1","floor":27},{"not_picked":["Scrape+1","Go for the Eyes"],"picked":"Compile Driver","floor":28},{"not_picked":["Barrage","Hologram+1"],"picked":"Streamline+1","floor":31},{"not_picked":["Hyperbeam","Rainbow"],"picked":"Buffer","floor":33},{"not_picked":["Streamline","Loop+1"],"picked":"Leap","floor":35},{"not_picked":["Steam","Coolheaded+1"],"picked":"Sweeping Beam","floor":36},{"not_picked":["Skim","Turbo"],"picked":"Redo","floor":37},{"not_picked":["Hologram+1","Redo+1"],"picked":"Leap","floor":39},{"not_picked":["Steam Power","Blizzard+1"],"picked":"Melter","floor":41},{"not_picked":["Creative AI","Beam Cell"],"picked":"Conserve Battery","floor":44},{"not_picked":["Genetic Algorithm+1","Consume+1"],"picked":"Leap","floor":46}],"player_experience":359549,"relics_obtained":[{"floor":6,"key":"Happy Flower"},{"floor":8,"key":"Mercury Hourglass"},{"floor":9,"key":"MawBank"},{"floor":14,"key":"FossilizedHelix"},{"floor":21,"key":"Bronze Scales"},{"floor":24,"key":"Cables"},{"floor":26,"key":"Blood Vial"},{"floor":27,"key":"Boot"},{"floor":43,"key":"Whetstone"}],"event_choices":[{"damage_healed":0,"gold_gain":0,"player_choice":"Got Potions","damage_taken":0,"max_hp_gain":0,"max_hp_loss":0,"event_name":"Lab","floor":4,"gold_loss":0},{"damage_healed":0,"gold_gain":0,"player_choice":"Joined the Cult","damage_taken":6,"max_hp_gain":0,"max_hp_loss":0,"event_name":"Nest","floor":20,"gold_loss":0,"cards_obtained":["RitualDagger"]},{"damage_healed":0,"gold_gain":0,"player_choice":"Ignored","damage_taken":0,"max_hp_gain":0,"max_hp_loss":0,"event_name":"Vampires","floor":30,"gold_loss":0},{"damage_healed":0,"gold_gain":0,"player_choice":"Ignored","damage_taken":0,"max_hp_gain":0,"max_hp_loss":0,"event_name":"Mysterious Sphere","floor":47,"gold_loss":0},{"damage_healed":0,"gold_gain":0,"player_choice":"Upgrade","damage_taken":0,"relics_obtained":["Mark of the Bloom"],"max_hp_gain":0,"max_hp_loss":0,"event_name":"MindBloom","floor":48,"gold_loss":0,"cards_upgraded":["Strike_B","Strike_B","Strike_B","Defend_B","Defend_B","Defend_B","Lockon","Barrage","Cold Snap","Rebound","Turbo","BootSequence","Beam Cell","Leap","Rainbow","Gash","Go for the Eyes","Leap","Chill","Leap","Leap","Defragment","Good Instincts","Beam Cell","RitualDagger","Capacitor","Conserve Battery","Self Repair","Compile Driver","Conserve Battery","Buffer","Leap","Sweeping Beam","Leap","Melter","Conserve Battery","Leap"]}],"is_beta":false,"boss_relics":[{"not_picked":["Velvet Choker","Eternal Feather"],"picked":"Orrery"},{"not_picked":["Empty Cage","FrozenCore"],"picked":"Nuclear Battery"}],"items_purged_floors":[],"is_endless":false,"potions_floor_spawned":[6,12,16,22,28,33,37,44,46],"ascension_level":2}