{"gold_per_floor":[109,124,154,53,128,128,159,178,178,193,221,221,221,248,248,352,352,369,369,380,399,412,21,21,21,92,21,21,38,38,49,49,152,152,163,1162,1176,1176,1186,1186,512,512,539,591,59,73,73,86,86,86],"floor_reached":50,"playtime":6554,"items_purged":["Strike_G","Normality"],"score":606,"play_id":"01c18804-d51f-4d31-97a6-b78fd646cdad","local_time":"20180701215312","is_ascension_mode":true,"campfire_choices":[{"floor":6,"key":"REST"},{"floor":12,"key":"REST"},{"floor":15,"key":"REST"},{"floor":24,"key":"REST"},{"floor":28,"key":"REST"},{"floor":30,"key":"REST"},{"floor":32,"key":"REST"},{"floor":40,"key":"REST"},{"floor":42,"key":"REST"},{"floor":47,"key":"DIG"},{"floor":49,"key":"REST"}],"neow_cost":"NONE","seed_source_timestamp":1754074837998498,"circlet_count":0,"master_deck":["Survivor","Neutralize+1","PiercingWail","Dash","Poisoned Stab","Well Laid Plans","Bouncing Flask","Infinite Blades","Infinite Blades","Parasite","PiercingWail","Adrenaline","Backflip","Dodge and Roll","Blade Dance","Sucker Punch","Slice","Noxious Fumes","Deadly Poison","Reflex","Backflip","Poisoned Stab","Accuracy","All Out Attack+1","Leg Sweep","Panache","Finisher","Footwork","Poisoned Stab+1","Blur","Escape Plan+1","Finisher+1","Glass Knife","Outmaneuver+1","Normality","Caltrops","Slice+1","Distraction+1","Well Laid Plans","Finesse","Die Die Die","Prepared","Accuracy","Adrenaline","Caltrops+1","Crippling Poison","Poisoned Stab"],"relics":["Ring of the Snake","Tiny Chest","Ancient Tea Set","Darkstone Periapt","Whetstone","Gambling Chip","Pandora\u0027s Box","Dream Catcher","Mummified Hand","Fusion Hammer","Toolbox","Blue Candle","Bag of Marbles","Oddly Smooth Stone","Shovel","Du-Vu Doll","Orichalcum"],"potions_floor_usage":[11,14,33,33,39,39,46,50],"damage_taken":[{"damage":2,"enemies":"2 Louse","floor":1,"turns":3},{"damage":0,"enemies":"Small Slimes","floor":2,"turns":4},{"damage":37,"enemies":"Gremlin Nob","floor":7,"turns":6},{"damage":0,"enemies":"Jaw Worm","floor":8,"turns":3},{"damage":1,"enemies":"Looter","floor":10,"turns":3},{"damage":9,"enemies":"3 Sentries","floor":11,"turns":8},{"damage":14,"enemies":"Gremlin Nob","floor":14,"turns":4},{"damage":7,"enemies":"Slime Boss","floor":16,"turns":12},{"damage":1,"enemies":"3 Byrds","floor":18,"turns":5},{"damage":10,"enemies":"Spheric Guardian","floor":20,"turns":4},{"damage":25,"enemies":"Snecko","floor":21,"turns":4},{"damage":32,"enemies":"Cultist and Chosen","floor":22,"turns":8},{"damage":7,"enemies":"Sentry and Sphere","floor":29,"turns":3},{"damage":14,"enemies":"Slaver and Parasite","floor":31,"turns":6},{"damage":37,"enemies":"Collector","floor":33,"turns":7},{"damage":0,"enemies":"Orb Walker","floor":35,"turns":3},{"damage":27,"enemies":"3 Darklings","floor":37,"turns":5},{"damage":7,"enemies":"4 Shapes","floor":39,"turns":2},{"damage":2,"floor":44,"turns":4},{"damage":17,"enemies":"Maw","floor":46,"turns":6},{"damage":7,"enemies":"3 Darklings","floor":48,"turns":2},{"damage":93,"enemies":"Time Eater","floor":50,"turns":11}],"seed_played":"-5315791185213736541","potions_obtained":[{"floor":2,"key":"GamblersBrew"},{"floor":10,"key":"Fire Potion"},{"floor":16,"key":"LiquidBronze"},{"floor":20,"key":"Dexterity Potion"},{"floor":33,"key":"GhostInAJar"},{"floor":35,"key":"Fire Potion"},{"floor":37,"key":"SkillPotion"},{"floor":48,"key":"Ancient Potion"}],"is_trial":false,"path_per_floor":["M","M","?","$","?","R","E","M","T","M","E","R","?","E","R","B",null,"M","?","M","M","M","$","R","?","T","$","R","M","R","M","R","B",null,"M","?","M","T","M","R","$","R","T","?","$","M","R","M","R"],"character_chosen":"THE_SILENT","items_purchased":["Poisoned Stab","Panache","Dream Catcher","Finisher","Footwork","Well Laid Plans","Finesse","Blue Candle","Bag of Marbles","Accuracy","Du-Vu Doll","Adrenaline"],"campfire_rested":10,"item_purchase_floors":[4,23,23,23,27,41,41,41,41,45,45,45],"current_hp_per_floor":[68,68,56,56,45,66,29,29,29,28,19,40,63,49,71,64,76,75,75,65,40,8,8,30,30,30,30,52,45,67,53,75,38,76,76,88,61,61,54,80,80,88,88,86,86,69,69,62,88,0],"gold":86,"neow_bonus":"UPGRADE_CARD","is_prod":false,"is_daily":false,"chose_seed":false,"campfire_upgraded":0,"win_rate":0,"timestamp":1530496392,"path_taken":["M","M","?","$","?","R","E","M","T","M","E","R","?","E","R","BOSS","M","?","M","?","M","$","R","?","T","?","R","M","R","M","R","BOSS","M","?","M","?","?","R","$","R","T","?","$","M","R","M","R","BOSS"],"build_version":"2018-06-21v2","purchased_purges":2,"victory":false,"max_hp_per_floor":[70,70,70,70,70,70,70,70,70,70,70,70,76,76,76,76,76,76,76,76,76,76,76,76,76,76,76,76,76,76,76,76,76,76,76,88,88,88,88,88,88,88,88,88,88,88,88,88,88,88],"card_choices":[{"not_picked":["Deadly Poison","Dodge and Roll"],"picked":"PiercingWail","floor":1},{"not_picked":["Sucker Punch","Slice"],"picked":"Dash","floor":2},{"not_picked":["Dagger Spray","Quick Slash"],"picked":"Well Laid Plans","floor":7},{"not_picked":["Prepared","Slice"],"picked":"Bouncing Flask","floor":8},{"not_picked":["Quick Slash","Venomology"],"picked":"Infinite Blades","floor":10},{"not_picked":["Poisoned Stab","Choke"],"picked":"Infinite Blades","floor":11},{"not_picked":["Acrobatics","Bane"],"picked":"PiercingWail","floor":14},{"not_picked":["Grand Finale","Unload"],"picked":"Adrenaline","floor":16},{"not_picked":["Underhanded Strike","Slice"],"picked":"Poisoned Stab","floor":18},{"not_picked":["Blade Dance","Bane"],"picked":"All Out Attack+1","floor":20},{"not_picked":["Bane","PiercingWail"],"picked":"Leg Sweep","floor":21},{"not_picked":["Finisher","Bane","Backflip"],"picked":"SKIP","floor":22},{"not_picked":["Grand Finale","Reflex+1"],"picked":"Poisoned Stab+1","floor":28},{"not_picked":["Malaise","Deflect","Dodge and Roll"],"picked":"SKIP","floor":29},{"not_picked":["Dodge and Roll","Acrobatics"],"picked":"Blur","floor":30},{"not_picked":["Setup","Concentrate"],"picked":"Escape Plan+1","floor":31},{"not_picked":["Backflip+1","Dash"],"picked":"Finisher+1","floor":32},{"not_picked":["Tactician","Grand Finale"],"picked":"Glass Knife","floor":33},{"not_picked":["Flying Knee+1","Skewer+1"],"picked":"Outmaneuver+1","floor":35},{"not_picked":["Setup","Underhanded Strike+1"],"picked":"Caltrops","floor":37},{"not_picked":["Deflect+1","Outmaneuver"],"picked":"Slice+1","floor":39},{"not_picked":["Quick Slash","Backflip"],"picked":"Distraction+1","floor":40},{"not_picked":["Sucker Punch","Backflip"],"picked":"Die Die Die","floor":42},{"not_picked":["Dagger Spray","Sucker Punch+1"],"picked":"Prepared","floor":44},{"not_picked":["Cloak And Dagger+1","Outmaneuver"],"picked":"Caltrops+1","floor":46},{"not_picked":["Bane","Slice+1"],"picked":"Crippling Poison","floor":48},{"not_picked":["Prepared","Deflect"],"picked":"Poisoned Stab","floor":49}],"player_experience":1250604,"relics_obtained":[{"floor":7,"key":"Ancient Tea Set"},{"floor":9,"key":"Darkstone Periapt"},{"floor":11,"key":"Whetstone"},{"floor":14,"key":"Gambling Chip"},{"floor":26,"key":"Mummified Hand"},{"floor":38,"key":"Toolbox"},{"floor":43,"key":"Oddly Smooth Stone"},{"floor":44,"key":"Shovel"},{"floor":47,"key":"Orichalcum"}],"event_choices":[{"event_name":"Scrap Ooze","player_choice":"success","floor":3,"damage_taken":12},{"event_name":"World of Goop","player_choice":"Gather Gold","floor":5,"damage_taken":0},{"event_name":"Mushrooms","player_choice":"Healed and dodged fight","floor":13,"damage_taken":0},{"event_name":"The Library","player_choice":"Read","floor":19,"damage_taken":0},{"event_name":"Cursed Tome","player_choice":"Ignored","floor":25,"damage_taken":0},{"event_name":"MindBloom","player_choice":"Gold","floor":36,"damage_taken":0},{"event_name":"Mysterious Sphere","player_choice":"Fight","floor":44,"damage_taken":0}],"boss_relics":[{"not_picked":["Lizard Tail","Orrery"],"picked":"Pandora\u0027s Box"},{"not_picked":["Empty Cage","Busted Crown"],"picked":"Fusion Hammer"}],"items_purged_floors":[4,41],"is_endless":false,"potions_floor_spawned":[2,10,16,20,33,35,37,48],"killed_by":"Time Eater","ascension_level":2}