{"gold_per_floor":[118,138,26,26,38,38,138,151,203,203,203,220,237,251,251,350,350,367,379,304,73,87,87,87],"floor_reached":24,"playtime":2299,"items_purged":["Strike_R"],"score":228,"play_id":"77aea778-c95d-43d5-8b36-407b0400a240","local_time":"20180727173152","is_ascension_mode":true,"campfire_choices":[{"data":"Rupture","floor":6,"key":"SMITH"},{"data":"Brutality","floor":11,"key":"SMITH"},{"floor":15,"key":"REST"},{"floor":23,"key":"REST"}],"neow_cost":"NONE","seed_source_timestamp":2081106914568382,"circlet_count":0,"master_deck":["Strike_R","Strike_R","Defend_R","Defend_R","Defend_R","Defend_R","Bash","Berserk","Pommel Strike","Brutality+1","Rupture+1","Rage","Bash","Trip","Bloodletting","Shrug It Off","Anger","Heavy Blade","Pummel","Flex","Brutality","Warcry","Clothesline","Fiend Fire"],"relics":["Burning Blood","Vajra","Mark of Pain","Happy Flower"],"potions_floor_usage":[16],"damage_taken":[{"damage":6,"enemies":"Cultist","floor":1,"turns":3},{"damage":6,"enemies":"2 Louse","floor":2,"turns":3},{"damage":9,"enemies":"Jaw Worm","floor":5,"turns":3},{"damage":14,"enemies":"Looter","floor":8,"turns":3},{"damage":29,"enemies":"Gremlin Gang","floor":12,"turns":5},{"damage":29,"enemies":"Large Slime","floor":13,"turns":3},{"damage":13,"enemies":"3 Louse","floor":14,"turns":3},{"damage":16,"enemies":"Hexaghost","floor":16,"turns":6},{"damage":2,"enemies":"Chosen","floor":18,"turns":3},{"damage":26,"enemies":"Shell Parasite","floor":19,"turns":4},{"damage":49,"enemies":"Centurion and Healer","floor":22,"turns":5},{"damage":41,"enemies":"Slavers","floor":24,"turns":3}],"seed_played":"760570736186659126","potions_obtained":[{"floor":8,"key":"Strength Potion"},{"floor":12,"key":"SpeedPotion"},{"floor":22,"key":"FearPotion"}],"is_trial":false,"path_per_floor":["M","M","$","?","M","R","?","M","T","?","R","M","M","M","R","B",null,"M","M","?","$","M","R"],"character_chosen":"IRONCLAD","items_purchased":["Rupture","Rage","Happy Flower"],"campfire_rested":2,"item_purchase_floors":[3,3,21],"current_hp_per_floor":[80,80,80,80,77,77,77,69,69,62,62,39,16,9,33,23,80,80,60,60,60,17,41,0],"gold":87,"neow_bonus":"ONE_RANDOM_RARE_CARD","is_prod":false,"is_daily":false,"chose_seed":false,"campfire_upgraded":2,"win_rate":0,"timestamp":1532727112,"path_taken":["M","M","?","?","M","R","?","M","T","?","R","?","?","M","R","BOSS","M","M","?","$","M","R","E"],"build_version":"2018-07-19v2","purchased_purges":1,"victory":false,"max_hp_per_floor":[80,80,80,80,80,80,80,80,80,80,80,80,80,80,80,80,80,80,80,80,80,80,80,80],"card_choices":[{"not_picked":["Perfected Strike","Twin Strike"],"picked":"Pommel Strike","floor":1},{"not_picked":["Cleave","Intimidate"],"picked":"Brutality","floor":2},{"not_picked":["True Grit","Iron Wave"],"picked":"Shrug It Off","floor":5},{"not_picked":["Sword Boomerang","Intimidate"],"picked":"Anger","floor":8},{"not_picked":["Second Wind","Warcry"],"picked":"Heavy Blade","floor":12},{"not_picked":["Thunderclap","Rampage"],"picked":"Pummel","floor":13},{"not_picked":["Rampage","Shrug It Off"],"picked":"Flex","floor":14},{"not_picked":["Bludgeon","Feed"],"picked":"Brutality","floor":16},{"not_picked":["Twin Strike","Anger"],"picked":"Warcry","floor":18},{"not_picked":["Rage","Cleave+1"],"picked":"Clothesline","floor":19},{"not_picked":["Uppercut+1","Wild Strike+1"],"picked":"Fiend Fire","floor":22}],"player_experience":1356241,"relics_obtained":[{"floor":9,"key":"Vajra"}],"event_choices":[{"event_name":"Match and Keep!","player_choice":"3 cards matched","floor":4,"damage_taken":0},{"event_name":"Golden Shrine","player_choice":"Pray","floor":7,"damage_taken":0},{"event_name":"Golden Wing","player_choice":"Card Removal","floor":10,"damage_taken":0},{"event_name":"Beggar","player_choice":"Gave Gold","floor":20,"damage_taken":0}],"is_beta":false,"boss_relics":[{"not_picked":["Fusion Hammer","Astrolabe"],"picked":"Mark of Pain"}],"items_purged_floors":[21],"is_endless":false,"potions_floor_spawned":[8,12,22],"killed_by":"Slavers","ascension_level":4}