{"gold_per_floor":[18,31,51,51,25,25,175,175,175,188,70,120,120,140,140,217,217,229,248,248,248,248,248,265,265,265,2,2,14,47,61,61,138,138,153,153,173,173],"floor_reached":38,"playtime":2875,"items_purged":["Doubt"],"score":768,"play_id":"911b8248-4382-4823-8286-76217db04b84","local_time":"20190918120043","is_ascension_mode":true,"campfire_choices":[{"data":"Night Terror","floor":6.0,"key":"SMITH"},{"data":"Sucker Punch","floor":8.0,"key":"SMITH"},{"data":"Crippling Poison","floor":13.0,"key":"SMITH"},{"data":"Neutralize","floor":15.0,"key":"SMITH"},{"floor":23.0,"key":"REST"},{"floor":25.0,"key":"REST"},{"floor":28.0,"key":"RECALL"},{"floor":32.0,"key":"REST"}],"neow_cost":"NO_GOLD","seed_source_timestamp":1357200863240797,"circlet_count":0,"master_deck":["AscendersBane","Defend_G","Defend_G","Defend_G","Defend_G","Strike_G","Strike_G","Strike_G","Strike_G","Survivor","Neutralize+1","Night Terror+1","Burst+1","Quick Slash","Sucker Punch+1","Heel Hook","Deadly Poison","PiercingWail","Crippling Poison+1","Poisoned Stab","Malaise+1","Bouncing Flask","Dodge and Roll","Dodge and Roll","Sadistic Nature","Escape Plan+1","Backstab+1","Backstab","Envenom","Footwork"],"special_seed":0,"relics":["Ring of the Snake","Mango","Fusion Hammer","MutagenicStrength","Matryoshka","Sundial","WristBlade"],"potions_floor_usage":[33,33,33,38],"damage_taken":[{"damage":9.0,"enemies":"Jaw Worm","floor":1.0,"turns":7.0},{"damage":7.0,"enemies":"Small Slimes","floor":2.0,"turns":5.0},{"damage":0.0,"enemies":"Cultist","floor":3.0,"turns":4.0},{"damage":6.0,"enemies":"Large Slime","floor":10.0,"turns":6.0},{"damage":4.0,"enemies":"3 Louse","floor":14.0,"turns":2.0},{"damage":41.0,"enemies":"Hexaghost","floor":16.0,"turns":10.0},{"damage":10.0,"enemies":"Spheric Guardian","floor":18.0,"turns":5.0},{"damage":13.0,"enemies":"Shell Parasite","floor":19.0,"turns":5.0},{"damage":7.0,"enemies":"Centurion and Healer","floor":24.0,"turns":6.0},{"damage":33.0,"enemies":"Sentry and Sphere","floor":29.0,"turns":6.0},{"damage":14.0,"enemies":"Book of Stabbing","floor":30.0,"turns":5.0},{"damage":9.0,"enemies":"Cultist and Chosen","floor":31.0,"turns":4.0},{"damage":39,"enemies":"Champ","floor":33,"turns":10},{"damage":24,"enemies":"3 Darklings","floor":35,"turns":7},{"damage":3,"enemies":"3 Shapes","floor":37,"turns":6},{"damage":35,"enemies":"Mind Bloom Boss Battle","floor":38,"turns":10}],"seed_played":"2533345893636419191","potions_obtained":[{"floor":2.0,"key":"SpeedPotion"},{"floor":10.0,"key":"Poison Potion"},{"floor":14.0,"key":"GhostInAJar"},{"floor":19.0,"key":"FearPotion"},{"floor":30.0,"key":"EntropicBrew"},{"floor":35,"key":"Weak Potion"},{"floor":37,"key":"PowerPotion"}],"is_trial":false,"path_per_floor":["M","M","M","?","$","R","?","R","T","M","$","?","R","M","R","B",null,"M","M","?","?","?","R","M","R","T","$","R","M","E","M","R","B",null,"M","$","M","?"],"character_chosen":"THE_SILENT","items_purchased":["Deadly Poison","Crippling Poison","Sadistic Nature","Energy Potion"],"campfire_rested":3,"item_purchase_floors":[5,11,27,27],"current_hp_per_floor":[50,43,43,43,43,43,43,43,57,51,51,51,51,47,47,6,62,52,39,39,39,39,63,56,80,80,80,80,47,33,24,48,9,62,38,38,35,0],"gold":173,"neow_bonus":"TRANSFORM_TWO_CARDS","is_prod":false,"is_daily":false,"chose_seed":false,"campfire_upgraded":4,"win_rate":0,"timestamp":1568822443,"path_taken":["M","M","M","?","$","R","?","R","T","M","$","?","R","M","R","BOSS","M","?","?","?","?","R","M","R","T","$","R","M","E","M","R","BOSS","M","$","?","?"],"build_version":"2019-01-23","purchased_purges":1,"victory":false,"max_hp_per_floor":[66,66,66,66,66,66,66,66,80,80,80,80,80,80,80,80,80,80,80,80,80,80,80,80,80,80,80,80,80,80,80,80,80,80,80,80,80,80],"card_choices":[{"not_picked":["Accuracy","Acrobatics"],"picked":"Quick Slash","floor":1.0},{"not_picked":["Reflex","Flying Knee"],"picked":"Sucker Punch","floor":2.0},{"not_picked":["Eviscerate","Skewer"],"picked":"Heel Hook","floor":3.0},{"not_picked":["Poisoned Stab","Bane"],"picked":"PiercingWail","floor":10.0},{"not_picked":["Underhanded Strike","Skewer"],"picked":"Poisoned Stab","floor":14.0},{"not_picked":["Doppelganger","Envenom"],"picked":"Malaise","floor":16.0},{"not_picked":["Deflect","Outmaneuver"],"picked":"Bouncing Flask","floor":18.0},{"not_picked":["Acrobatics","Prepared"],"picked":"Dodge and Roll","floor":19.0},{"not_picked":["Prepared","Riddle With Holes"],"picked":"Dodge and Roll","floor":24.0},{"not_picked":["Outmaneuver","Sucker Punch"],"picked":"Escape Plan+1","floor":29.0},{"not_picked":["Heel Hook","Leg Sweep"],"picked":"Backstab+1","floor":30.0},{"not_picked":["Crippling Poison","Backflip"],"picked":"Backstab","floor":31.0},{"not_picked":["Phantasmal Killer","Bullet Time"],"picked":"Envenom","floor":33},{"not_picked":["Cloak And Dagger+1","Deadly Poison"],"picked":"Footwork","floor":35},{"not_picked":["Eviscerate","Sucker Punch","Blade Dance"],"picked":"SKIP","floor":37}],"player_experience":2964102,"relics_obtained":[{"floor":9.0,"key":"Mango"},{"floor":26.0,"key":"Matryoshka"},{"floor":30.0,"key":"Sundial"}],"event_choices":[{"damage_healed":0.0,"max_hp_gain":0.0,"max_hp_loss":0.0,"gold_gain":0.0,"event_name":"Living Wall","player_choice":"Grow","floor":4.0,"gold_loss":0.0,"damage_taken":0.0,"cards_upgraded":["Burst"]},{"damage_healed":0.0,"max_hp_gain":0.0,"max_hp_loss":0.0,"gold_gain":150.0,"event_name":"Liars Game","player_choice":"AGREE","floor":7.0,"gold_loss":0.0,"damage_taken":0.0,"cards_obtained":["Doubt"]},{"damage_healed":0.0,"max_hp_gain":0.0,"max_hp_loss":0.0,"gold_gain":50.0,"event_name":"Golden Shrine","player_choice":"Pray","floor":12.0,"gold_loss":0.0,"damage_taken":0.0},{"damage_healed":0.0,"max_hp_gain":0.0,"max_hp_loss":0.0,"gold_gain":0.0,"event_name":"Drug Dealer","player_choice":"Inject Mutagens","floor":20.0,"gold_loss":0.0,"damage_taken":0.0,"relics_obtained":["MutagenicStrength"]},{"damage_healed":0.0,"max_hp_gain":0.0,"max_hp_loss":0.0,"gold_gain":0.0,"event_name":"The Mausoleum","player_choice":"Ignored","floor":21.0,"gold_loss":0.0,"damage_taken":0.0},{"damage_healed":0.0,"max_hp_gain":0.0,"max_hp_loss":0.0,"gold_gain":0.0,"event_name":"Upgrade Shrine","player_choice":"Upgraded","floor":22.0,"gold_loss":0.0,"damage_taken":0.0,"cards_upgraded":["Malaise"]},{"damage_healed":0,"gold_gain":0,"player_choice":"Fight","damage_taken":0,"max_hp_gain":0,"max_hp_loss":0,"event_name":"MindBloom","floor":38,"gold_loss":0}],"is_beta":false,"boss_relics":[{"not_picked":["Tiny House","Empty Cage"],"picked":"Fusion Hammer"},{"not_picked":["Runic Dome","Philosopher\u0027s Stone"],"picked":"WristBlade"}],"items_purged_floors":[11],"is_endless":false,"potions_floor_spawned":[2,10,14,19,30,31,35,37],"killed_by":"Mind Bloom Boss Battle","ascension_level":20}