{"gold_per_floor":[114,114,114,42,61,99,99,137,137,156,156,156,194,213,213,338,338,357,376,8,8,27,27,46,46,46,84,84,103,103,122,122,247,247,266,285,49,49,68,68,68,68,93,93],"floor_reached":44,"playtime":1471,"items_purged":[],"score":546,"play_id":"a3d9b476-512f-4253-9c23-6e37c58f60e2","local_time":"20190913193102","daily_mods":["Specialized","Blue Cards","Elite Swarm"],"is_ascension_mode":false,"campfire_choices":[{"floor":7,"key":"REST"},{"data":"Creative AI","floor":12,"key":"SMITH"},{"floor":15,"key":"REST"},{"floor":23,"key":"REST"},{"floor":25,"key":"REST"},{"floor":30,"key":"REST"},{"floor":32,"key":"REST"},{"floor":40,"key":"REST"},{"floor":42,"key":"REST"}],"neow_cost":"","seed_source_timestamp":226221741763118,"circlet_count":0,"master_deck":["Strike_R","Strike_R","Strike_R","Strike_R","Strike_R","Defend_R","Defend_R","Defend_R","Defend_R","Bash","Sever Soul+1","Sever Soul+1","Sever Soul","Sever Soul","Sever Soul","Melter","Sunder","Double Tap+1","Creative AI+1","Flex","Bash","Flame Barrier","Reaper","Anger","Bludgeon","Reckless Charge","Streamline","Sunder","Uppercut","Self Repair","Reckless Charge","Headbutt+1","Dark Embrace","Heavy Blade","Shockwave","Buffer","Headbutt","Thunderclap+1","Combust","Cold Snap","Seeing Red+1","Bandage Up"],"special_seed":18152,"relics":["Burning Blood","Golden Idol","Sundial","MealTicket","Art of War","Pocketwatch","StoneCalendar","Fusion Hammer","Brimstone","Happy Flower","Gremlin Horn","Orichalcum","Philosopher\u0027s Stone","Oddly Smooth Stone","Boot"],"potions_floor_usage":[8,16,18,27,27,33,33,33,33,33,33,44,44],"damage_taken":[{"damage":8,"enemies":"Jaw Worm","floor":1,"turns":3},{"damage":5,"enemies":"Small Slimes","floor":5,"turns":3},{"damage":27,"enemies":"Gremlin Nob","floor":6,"turns":4},{"damage":22,"enemies":"3 Sentries","floor":8,"turns":5},{"damage":6,"enemies":"Cultist","floor":10,"turns":3},{"damage":22,"enemies":"Lagavulin","floor":13,"turns":10},{"damage":12,"enemies":"Blue Slaver","floor":14,"turns":2},{"damage":0,"enemies":"Slime Boss","floor":16,"turns":5},{"damage":27,"enemies":"Shell Parasite","floor":18,"turns":4},{"damage":0,"enemies":"Spheric Guardian","floor":19,"turns":3},{"damage":12,"enemies":"Cultist and Chosen","floor":22,"turns":3},{"damage":20,"enemies":"Centurion and Healer","floor":24,"turns":4},{"damage":61,"enemies":"Gremlin Leader","floor":27,"turns":3},{"damage":18,"enemies":"3 Cultists","floor":29,"turns":4},{"damage":15,"enemies":"Cultist and Chosen","floor":31,"turns":4},{"damage":35,"enemies":"Automaton","floor":33,"turns":4},{"damage":9,"enemies":"3 Darklings","floor":35,"turns":3},{"damage":17,"enemies":"Orb Walker","floor":36,"turns":3},{"damage":28,"enemies":"Spire Growth","floor":39,"turns":3},{"damage":96,"enemies":"Nemesis","floor":44,"turns":4}],"seed_played":"5230052071374888403","potions_obtained":[{"floor":6,"key":"BloodPotion"},{"floor":10,"key":"SpeedPotion"},{"floor":13,"key":"FearPotion"},{"floor":16,"key":"SteroidPotion"},{"floor":18,"key":"Energy Potion"},{"floor":22,"key":"DuplicationPotion"},{"floor":27,"key":"SpeedPotion"},{"floor":31,"key":"EntropicBrew"},{"floor":33,"key":"Swift Potion"},{"floor":35,"key":"Explosive Potion"}],"is_trial":false,"path_per_floor":["M","?","?","?","M","E","R","E","T","M","?","R","E","M","R","B",null,"M","M","$","?","M","R","M","R","T","E","T","M","R","M","R","B",null,"M","M","$","?","M","R","?","R","T","E"],"character_chosen":"IRONCLAD","items_purchased":["Brimstone","Sunder","Uppercut","Self Repair","Oddly Smooth Stone","Combust","Cold Snap"],"campfire_rested":8,"item_purchase_floors":[20,20,20,20,37,37,37],"current_hp_per_floor":[78,78,62,62,63,42,66,64,64,64,64,64,48,42,66,72,80,59,65,80,80,74,80,66,80,80,32,32,57,80,78,80,51,80,80,69,80,80,58,80,80,80,80,0],"gold":93,"neow_bonus":"","is_prod":false,"is_daily":true,"chose_seed":false,"campfire_upgraded":1,"win_rate":0,"timestamp":1568413862,"path_taken":["M","?","?","?","M","E","R","E","T","?","?","R","E","M","R","BOSS","M","M","$","?","?","R","M","R","T","E","?","?","R","M","R","BOSS","M","M","$","?","?","R","?","R","T","E"],"build_version":"2019-09-12","purchased_purges":0,"victory":false,"max_hp_per_floor":[80,80,80,80,80,80,80,80,80,80,80,80,80,80,80,80,80,80,80,80,80,80,80,80,80,80,80,80,80,80,80,80,80,80,80,80,80,80,80,80,80,80,80,80],"card_choices":[{"not_picked":["Beam Cell","Dual Wield"],"picked":"Melter","floor":1},{"not_picked":["Redo","Entrench"],"picked":"Sunder","floor":5},{"not_picked":["Offering","Reboot"],"picked":"Double Tap","floor":6},{"not_picked":["Meteor Strike","Thunder Strike"],"picked":"Creative AI","floor":8},{"not_picked":["Turbo","Lockon"],"picked":"Flex","floor":10},{"not_picked":["Seek","Creative AI"],"picked":"Reaper","floor":13},{"not_picked":["Cleave","Twin Strike"],"picked":"Anger","floor":14},{"not_picked":["Limit Break","Juggernaut"],"picked":"Bludgeon","floor":16},{"not_picked":["Defragment","Intimidate+1"],"picked":"Reckless Charge","floor":18},{"not_picked":["Stack+1","Clash"],"picked":"Streamline","floor":19},{"not_picked":["Iron Wave","Redo"],"picked":"Reckless Charge","floor":22},{"not_picked":["Pommel Strike","Lockon"],"picked":"Headbutt+1","floor":24},{"not_picked":["Multi-Cast","Core Surge"],"picked":"Dark Embrace","floor":27},{"not_picked":["Gash","Clothesline+1"],"picked":"Heavy Blade","floor":29},{"not_picked":["Stack+1","Clothesline+1"],"picked":"Shockwave","floor":31},{"not_picked":["Electrodynamics","Core Surge"],"picked":"Buffer","floor":33},{"not_picked":["Redo+1","Ball Lightning+1"],"picked":"Headbutt","floor":35},{"not_picked":["Clothesline","Barrage"],"picked":"Thunderclap+1","floor":36},{"not_picked":["Iron Wave+1","Tempest+1"],"picked":"Seeing Red+1","floor":39},{"not_picked":["Discovery","Trip"],"picked":"Bandage Up","floor":41}],"player_experience":415563,"relics_obtained":[{"floor":6,"key":"MealTicket"},{"floor":8,"key":"Art of War"},{"floor":9,"key":"Pocketwatch"},{"floor":13,"key":"StoneCalendar"},{"floor":26,"key":"Happy Flower"},{"floor":27,"key":"Gremlin Horn"},{"floor":28,"key":"Orichalcum"},{"floor":43,"key":"Boot"}],"event_choices":[{"damage_healed":0,"gold_gain":0,"player_choice":"Take Wound","damage_taken":0,"relics_obtained":["Golden Idol"],"max_hp_gain":0,"max_hp_loss":0,"event_name":"Golden Idol","floor":2,"gold_loss":0,"cards_obtained":["Injury"]},{"damage_healed":0,"gold_gain":0,"player_choice":"Entered Light","damage_taken":16,"max_hp_gain":0,"max_hp_loss":0,"event_name":"Shining Light","floor":3,"gold_loss":0,"cards_upgraded":["Sever Soul","Sever Soul"]},{"damage_healed":0,"gold_gain":0,"player_choice":"Paid Gold","damage_taken":0,"relics_obtained":["Sundial"],"max_hp_gain":0,"max_hp_loss":0,"event_name":"WeMeetAgain","floor":4,"gold_loss":72},{"damage_healed":0,"gold_gain":0,"player_choice":"2 cards matched","damage_taken":0,"max_hp_gain":0,"max_hp_loss":0,"event_name":"Match and Keep!","floor":11,"gold_loss":0,"cards_obtained":["Bash","Flame Barrier"]},{"damage_healed":0,"gold_gain":0,"player_choice":"Upgraded","damage_taken":0,"max_hp_gain":0,"max_hp_loss":0,"event_name":"Upgrade Shrine","floor":21,"gold_loss":0,"cards_upgraded":["Double Tap"]},{"cards_removed":["Injury"],"damage_healed":0,"gold_gain":0,"player_choice":"Removed Curses","damage_taken":0,"max_hp_gain":0,"max_hp_loss":0,"event_name":"Fountain of Cleansing","floor":38,"gold_loss":0},{"damage_healed":0,"gold_gain":0,"player_choice":"Memory 1","damage_taken":0,"max_hp_gain":0,"max_hp_loss":0,"event_name":"SensoryStone","floor":41,"gold_loss":0}],"is_beta":true,"boss_relics":[{"not_picked":["SlaversCollar","Ectoplasm"],"picked":"Fusion Hammer"},{"not_picked":["Empty Cage","Black Star"],"picked":"Philosopher\u0027s Stone"}],"items_purged_floors":[],"is_endless":false,"potions_floor_spawned":[6,10,13,16,18,22,27,31,33,35,36],"killed_by":"Nemesis","ascension_level":0}