{"gold_per_floor":[116,126,126,138,138,163,16,31,31,44,24,51,64,84,84,179,179,198,113,133,33,33,33,33,61,111,39,39,17,17],"floor_reached":30,"playtime":2801,"items_purged":["Strike_R","Strike_R"],"score":337,"play_id":"cbc1a8fc-678d-49b0-965d-2f1bbe85598e","local_time":"20180727025841","is_ascension_mode":true,"campfire_choices":[{"floor":15,"key":"REST"},{"data":"Body Slam","floor":23,"key":"SMITH"},{"floor":28,"key":"REST"}],"neow_cost":"NONE","seed_source_timestamp":2078206611375719,"circlet_count":0,"master_deck":["Strike_R","Defend_R","Defend_R","Defend_R","Defend_R","Bash","Body Slam+1","Rage+1","Cleave","Headbutt","Shrug It Off","Feed","Body Slam","Brutality","Bloodletting+1","Clothesline","Seeing Red","Iron Wave","Offering","Body Slam+1","Shrug It Off","Decay","Headbutt","Battle Trance","Armaments"],"relics":["Burning Blood","Unceasing Top","Nunchaku","Ice Cream","Velvet Choker","Bag of Preparation","Centennial Puzzle","War Paint"],"potions_floor_usage":[6,13,30],"damage_taken":[{"damage":19,"enemies":"Jaw Worm","floor":1,"turns":5},{"damage":5,"enemies":"Cultist","floor":2,"turns":4},{"damage":0,"enemies":"2 Louse","floor":4,"turns":2},{"damage":8,"enemies":"3 Sentries","floor":6,"turns":5},{"damage":1,"enemies":"Looter","floor":8,"turns":3},{"damage":7,"enemies":"3 Louse","floor":10,"turns":3},{"damage":19,"enemies":"Exordium Thugs","floor":11,"turns":4},{"damage":27,"enemies":"Gremlin Nob","floor":12,"turns":4},{"damage":22,"enemies":"Gremlin Gang","floor":13,"turns":4},{"damage":2,"enemies":"Red Slaver","floor":14,"turns":3},{"damage":59,"enemies":"The Guardian","floor":16,"turns":14},{"damage":24,"enemies":"2 Thieves","floor":18,"turns":4},{"damage":22,"enemies":"Spheric Guardian","floor":20,"turns":4},{"damage":34,"enemies":"Book of Stabbing","floor":25,"turns":6},{"damage":84,"enemies":"Gremlin Leader","floor":30,"turns":9}],"seed_played":"8065552879014587769","potions_obtained":[{"floor":1,"key":"LiquidBronze"},{"floor":12,"key":"SkillPotion"},{"floor":16,"key":"Strength Potion"}],"is_trial":false,"path_per_floor":["M","M","?","M","?","E","$","M","T","M","M","E","M","M","R","B",null,"M","?","M","$","?","R","?","E","T","$","R","$"],"character_chosen":"IRONCLAD","items_purchased":["Feed","Battle Trance","Armaments"],"campfire_rested":2,"item_purchase_floors":[7,27,29],"current_hp_per_floor":[67,68,68,74,74,72,72,77,77,79,69,51,38,42,69,19,95,80,80,67,67,67,67,67,42,42,42,73,73,0],"gold":17,"neow_bonus":"REMOVE_CARD","is_prod":false,"is_daily":false,"chose_seed":false,"campfire_upgraded":1,"win_rate":0,"timestamp":1532674721,"path_taken":["M","M","?","M","?","E","$","M","T","M","M","E","?","M","R","BOSS","M","?","?","$","?","R","?","E","T","$","R","?","E"],"build_version":"2018-07-19v2","purchased_purges":2,"victory":false,"max_hp_per_floor":[80,80,80,80,80,80,80,80,80,83,86,89,92,92,92,95,95,98,98,101,101,101,101,101,104,104,104,104,104,104],"card_choices":[{"not_picked":["Pummel","Anger"],"picked":"Body Slam","floor":1},{"not_picked":["Clothesline","Heavy Blade"],"picked":"Rage","floor":2},{"not_picked":["Sever Soul","Cleave"],"picked":"Headbutt","floor":4},{"not_picked":["Pummel","Perfected Strike"],"picked":"Shrug It Off","floor":6},{"not_picked":["Dropkick","Iron Wave"],"picked":"Body Slam","floor":8},{"not_picked":["Thunderclap","Pommel Strike"],"picked":"Brutality","floor":10},{"not_picked":["Reckless Charge","Body Slam"],"picked":"Bloodletting","floor":11},{"not_picked":["Uppercut","Heavy Blade"],"picked":"Clothesline","floor":12},{"not_picked":["Cleave","True Grit"],"picked":"Seeing Red","floor":13},{"not_picked":["Rampage","Body Slam"],"picked":"Iron Wave","floor":14},{"not_picked":["Juggernaut","Reaper"],"picked":"Offering","floor":16},{"not_picked":["Fire Breathing","Cleave"],"picked":"Body Slam","floor":18},{"not_picked":["Burning Pact+1","Cleave"],"picked":"Shrug It Off","floor":20},{"not_picked":["Flex+1","Heavy Blade+1"],"picked":"Headbutt","floor":25}],"player_experience":1353440,"relics_obtained":[{"floor":6,"key":"Unceasing Top"},{"floor":9,"key":"Nunchaku"},{"floor":12,"key":"Ice Cream"},{"floor":25,"key":"Centennial Puzzle"},{"floor":26,"key":"War Paint"}],"event_choices":[{"event_name":"Transmorgrifier","player_choice":"Transform","floor":3,"damage_taken":0},{"event_name":"Living Wall","player_choice":"Grow","floor":5,"damage_taken":0},{"event_name":"Addict","player_choice":"Obtained Relic","floor":19,"damage_taken":0},{"event_name":"Vampires","player_choice":"Ignored","floor":22,"damage_taken":0},{"event_name":"Forgotten Altar","player_choice":"Smashed Altar","floor":24,"damage_taken":0}],"is_beta":false,"boss_relics":[{"not_picked":["Calling Bell","Tiny House"],"picked":"Velvet Choker"}],"items_purged_floors":[7,21],"is_endless":false,"potions_floor_spawned":[1,12,16],"killed_by":"Gremlin Leader","ascension_level":4}