{"gold_per_floor":[119,134,151,164,175,200,200,228,228,228,228,228,241,256,256,387,387,402,402,16,16,29,29,62,62,62,81,81],"floor_reached":28,"playtime":959,"items_purged":[],"score":288,"play_id":"54f9fca8-54d6-46a0-b281-95e7f6716d5c","local_time":"20191029130611","is_ascension_mode":true,"campfire_choices":[{"floor":7,"key":"REST"},{"floor":10,"key":"REST"},{"floor":12,"key":"REST"},{"floor":15,"key":"REST"},{"floor":23,"key":"REST"},{"floor":25,"key":"REST"}],"neow_cost":"NONE","seed_source_timestamp":652586258146270,"circlet_count":0,"master_deck":["Strike_B","Strike_B","Strike_B","Strike_B","Defend_B","Defend_B","Defend_B","Defend_B","Zap","Defragment","Loop","Lockon","Barrage","Coolheaded","Sweeping Beam","Self Repair","Streamline","Injury","Sunder","Gash","Electrodynamics","Sweeping Beam+1","J.A.X.","Turbo","Doom and Gloom","Self Repair","Consume","Leap+1"],"relics":["Cracked Core","Girya","Ancient Tea Set","Question Card","Golden Idol","SlaversCollar","Vajra","Runic Capacitor","Pantograph"],"potions_floor_usage":[6,18,24,27,27],"damage_taken":[{"damage":1,"enemies":"Cultist","floor":1,"turns":4},{"damage":9,"enemies":"Small Slimes","floor":2,"turns":4},{"damage":1,"enemies":"2 Louse","floor":3,"turns":3},{"damage":7,"enemies":"Looter","floor":4,"turns":3},{"damage":26,"enemies":"3 Louse","floor":5,"turns":4},{"damage":26,"enemies":"Gremlin Nob","floor":6,"turns":4},{"damage":19,"enemies":"Lagavulin","floor":8,"turns":6},{"damage":16,"enemies":"2 Fungi Beasts","floor":13,"turns":3},{"damage":0,"enemies":"Exordium Wildlife","floor":14,"turns":1},{"damage":58,"enemies":"Slime Boss","floor":16,"turns":8},{"damage":44,"enemies":"2 Thieves","floor":18,"turns":3},{"damage":15,"enemies":"Chosen","floor":22,"turns":3},{"damage":41,"enemies":"Slavers","floor":24,"turns":4},{"damage":46,"enemies":"Snake Plant","floor":27,"turns":5},{"damage":8,"enemies":"Centurion and Healer","floor":28,"turns":3}],"seed_played":"4303417251101878145","potions_obtained":[{"floor":1,"key":"PotionOfCapacity"},{"floor":3,"key":"FearPotion"},{"floor":5,"key":"EssenceOfSteel"},{"floor":16,"key":"LiquidBronze"},{"floor":22,"key":"Block Potion"}],"is_trial":false,"path_per_floor":["M","M","M","M","M","E","R","E","T","R","?","R","M","M","R","B",null,"M","?","$","?","M","R","E","R","T","M","M"],"character_chosen":"DEFECT","items_purchased":["Vajra","Runic Capacitor","Turbo","Doom and Gloom"],"campfire_rested":6,"item_purchase_floors":[20,20,20,20],"current_hp_per_floor":[74,65,64,57,31,5,27,15,15,37,37,59,50,57,75,24,75,38,38,38,38,30,52,25,47,47,8,0],"gold":81,"neow_bonus":"TRANSFORM_CARD","is_prod":false,"is_daily":false,"chose_seed":false,"campfire_upgraded":0,"win_rate":0,"timestamp":1572365171,"path_taken":["M","M","?","M","M","E","R","E","T","R","?","R","M","M","R","BOSS","M","?","$","?","M","R","E","R","T","M","M"],"build_version":"2019-10-28","purchased_purges":0,"victory":false,"max_hp_per_floor":[75,75,75,75,75,75,75,75,75,75,75,75,75,75,75,75,75,75,75,75,75,75,75,75,75,75,75,75],"card_choices":[{"not_picked":["Aggregate","Steam"],"picked":"Loop","floor":1},{"not_picked":["Darkness","Redo"],"picked":"Lockon","floor":2},{"not_picked":["Doom and Gloom","Redo"],"picked":"Barrage","floor":3},{"not_picked":["Stack","Steam"],"picked":"Coolheaded","floor":4},{"not_picked":["Blizzard","Go for the Eyes"],"picked":"Sweeping Beam","floor":5},{"not_picked":["Auto Shields","Cold Snap"],"picked":"Self Repair","floor":6},{"not_picked":["Redo","Hello World"],"picked":"Streamline","floor":8},{"not_picked":["Lockon","Ball Lightning","Consume"],"picked":"Sunder","floor":13},{"not_picked":["Chaos","Stack","Double Energy"],"picked":"Gash","floor":14},{"not_picked":["Rainbow","Fission","Creative AI"],"picked":"Electrodynamics","floor":16},{"not_picked":["Hologram","Undo","Capacitor"],"picked":"Sweeping Beam+1","floor":18},{"not_picked":["Beam Cell+1","Hologram","Rip and Tear"],"picked":"Self Repair","floor":22},{"not_picked":["Sweeping Beam","Barrage","Beam Cell"],"picked":"Consume","floor":24},{"not_picked":["Rebound","Hologram+1","Steam"],"picked":"Leap+1","floor":27}],"player_experience":493534,"relics_obtained":[{"floor":6,"key":"Girya"},{"floor":8,"key":"Ancient Tea Set"},{"floor":9,"key":"Question Card"},{"floor":24,"key":"Pantograph"}],"event_choices":[{"damage_healed":0,"gold_gain":0,"player_choice":"Take Wound","damage_taken":0,"relics_obtained":["Golden Idol"],"max_hp_gain":0,"max_hp_loss":0,"event_name":"Golden Idol","floor":11,"gold_loss":0,"cards_obtained":["Injury"]},{"damage_healed":0,"gold_gain":0,"player_choice":"Obtain J.A.X.","damage_taken":0,"max_hp_gain":0,"max_hp_loss":0,"event_name":"Drug Dealer","floor":19,"gold_loss":0,"cards_obtained":["J.A.X."]},{"damage_healed":0,"gold_gain":0,"player_choice":"Ignored","damage_taken":0,"max_hp_gain":0,"max_hp_loss":0,"event_name":"Vampires","floor":21,"gold_loss":0}],"is_beta":true,"boss_relics":[{"not_picked":["Astrolabe","Inserter"],"picked":"SlaversCollar"}],"items_purged_floors":[],"is_endless":false,"potions_floor_spawned":[1,3,5,16,22],"killed_by":"Centurion and Healer","ascension_level":3}