{"path_per_floor":["M","?","M","M","?","R","$","M","T","?","$","?","R","M","R","B",null,"M","?","?","$","M","R","T","$","T","R","M","?","M","M","R","B",null,"M","?","?","M","M","R","M","?","T","M","?","M","R","M","R"],"character_chosen":"IRONCLAD","items_purchased":["Clothesline","Metallicize","Body Slam","Metallicize","Clothesline","Seeing Red"],"gold_per_floor":[113,113,132,148,148,148,50,70,70,70,33,33,33,53,53,176,176,189,189,189,84,103,103,103,5,31,31,55,55,75,92,92,193,193,213,213,213,233,253,253,273,273,273,286,286,304,304,319,319],"floor_reached":50,"campfire_rested":3,"playtime":9881,"current_hp_per_floor":[80,77,78,70,70,70,70,71,71,71,71,71,71,60,60,37,80,43,43,27,27,20,44,44,44,44,44,28,28,30,37,61,32,83,78,78,68,60,50,50,15,79,79,79,79,79,79,56,80],"items_purged":["Injury"],"gold":319,"play_id":"3fc08421-737b-4ee7-a648-205752f78c09","is_prod":false,"is_daily":false,"is_ascension_mode":false,"campfire_upgraded":6,"path_taken":["M","?","M","?","?","R","?","?","T","?","?","?","R","M","R","BOSS","M","?","?","?","?","R","?","?","T","R","M","?","?","?","R","BOSS","M","?","?","M","M","R","M","?","T","M","?","M","R","M","R","BOSS"],"build_version":"2018-01-25-PROD3","purchased_purges":1,"victory":false,"master_deck":["Strike_R","Strike_R","Strike_R","Defend_R+1","Defend_R+1","Bash","Battle Trance","Seeing Red+1","Blood for Blood","Clothesline","Rampage+1","Warcry+1","Metallicize+1","Anger","Berserk+1","Clash+1","Body Slam","Metallicize+1","Clash","Clothesline","Seeing Red+1","Rage","Armaments+1","Dark Embrace","Impervious","Thunderclap+1","Shrug It Off","Madness","Madness","Combust+1","Intimidate+1","Headbutt","Inflame+1","Rupture+1","Armaments+1"],"max_hp_per_floor":[80,80,80,80,80,80,80,80,80,80,80,80,80,80,80,80,80,80,80,80,80,80,80,80,80,80,80,80,80,80,80,80,83,83,83,83,83,86,89,89,89,79,79,79,79,79,79,82,82],"relics":["Burning Blood","Vajra","Bloody Idol","Toolbox","Lizard Tail","Nilry\u0027s Codex","War Paint","Frozen Egg","Mark of Pain","Torii"],"card_choices":[{"not_picked":["Cleave","Thunderclap"],"picked":"Battle Trance"},{"not_picked":["Pommel Strike","Clash"],"picked":"Seeing Red"},{"not_picked":["Armaments","Rampage"],"picked":"Blood for Blood"},{"not_picked":["Cleave","Body Slam"],"picked":"Rampage"},{"not_picked":["Pummel","True Grit"],"picked":"Anger"},{"not_picked":["Dark Embrace","Fiend Fire"],"picked":"Berserk"},{"not_picked":["Anger","Combust"],"picked":"Clash"},{"not_picked":["Pommel Strike","Cleave"],"picked":"Clash"},{"not_picked":["Rupture","Sword Boomerang"],"picked":"Rage"},{"not_picked":["Body Slam","Anger"],"picked":"Armaments"},{"not_picked":["Clothesline","Thunderclap"],"picked":"Dark Embrace"},{"not_picked":["Fiend Fire","Brutality"],"picked":"Impervious"},{"not_picked":["Shrug It Off","Perfected Strike"],"picked":"Thunderclap"},{"not_picked":["Clothesline","Seeing Red"],"picked":"Combust"},{"not_picked":["Sword Boomerang","Body Slam"],"picked":"Intimidate"},{"not_picked":["Clash","Warcry"],"picked":"Headbutt"},{"not_picked":["Clash","Twin Strike"],"picked":"Inflame"},{"not_picked":["Bloodletting","Intimidate"],"picked":"Rupture"},{"not_picked":["Second Wind","Flex"],"picked":"Armaments"}],"player_experience":5710,"potions_floor_usage":[50,50],"damage_taken":[{"damage":6.0,"enemies":"Cultist","floor":1.0,"turns":3.0},{"damage":5.0,"enemies":"Small Slimes","floor":3.0,"turns":4.0},{"damage":14.0,"enemies":"Blue Slaver","floor":4.0,"turns":4.0},{"damage":5.0,"enemies":"2 Fungi Beasts","floor":8.0,"turns":3.0},{"damage":17.0,"enemies":"Exordium Wildlife","floor":14.0,"turns":5.0},{"damage":29.0,"enemies":"Hexaghost","floor":16.0,"turns":6.0},{"damage":43.0,"enemies":"3 Byrds","floor":18.0,"turns":8.0},{"damage":13.0,"enemies":"Shell Parasite","floor":22.0,"turns":5.0},{"damage":22.0,"enemies":"Chosen and Byrds","floor":28.0,"turns":7.0},{"damage":9.0,"enemies":"Snake Plant","floor":30.0,"turns":2.0},{"damage":4.0,"enemies":"Sentry and Sphere","floor":31.0,"turns":7.0},{"damage":99.0,"enemies":"Automaton","floor":33.0,"turns":14.0},{"damage":16.0,"enemies":"Orb Walker","floor":35.0,"turns":4.0},{"damage":22.0,"enemies":"3 Shapes","floor":38.0,"turns":5.0},{"damage":24,"enemies":"Sphere and 2 Shapes","floor":39,"turns":5},{"damage":46,"enemies":"Maw","floor":41,"turns":9},{"damage":7,"enemies":"3 Darklings","floor":44,"turns":5},{"damage":12,"enemies":"Sphere and 2 Shapes","floor":46,"turns":6},{"damage":37,"enemies":"4 Shapes","floor":48,"turns":8},{"damage":93,"enemies":"Awakened One","floor":50,"turns":11}],"event_choices":[{"event_name":"Scrap Ooze","player_choice":"success","floor":2.0,"damage_taken":3.0},{"event_name":"Golden Idol","player_choice":"Take Wound","floor":5.0,"damage_taken":0.0},{"event_name":"Transmorgrifier","player_choice":"Transform","floor":10.0,"damage_taken":0.0},{"event_name":"Purifier","player_choice":"One Purge","floor":12.0,"damage_taken":0.0},{"event_name":"Upgrade Shrine","player_choice":"Upgraded","floor":19.0,"damage_taken":0.0},{"event_name":"Cursed Tome","player_choice":"Obtained Book","floor":20.0,"damage_taken":0.0},{"event_name":"Forgotten Altar","player_choice":"Gave Idol","floor":29.0,"damage_taken":0.0},{"event_name":"Transmorgrifier","player_choice":"Transform","floor":36.0,"damage_taken":0.0},{"event_name":"Winding Halls","player_choice":"Embrace Madness","floor":37.0,"damage_taken":0.0},{"event_name":"The Moai Head","player_choice":"Heal","floor":42,"damage_taken":0},{"event_name":"Tomb of Lord Red Mask","player_choice":"Ignored","floor":45,"damage_taken":0}],"boss_relics":[],"potions_floor_spawned":[3,14,18,30,35,39,44,48],"seed_played":"-8607168088038274345","killed_by":"Awakened One","ascension_level":0,"is_trial":false}