{"gold_per_floor":[115,134,134,152,2,2,18,0,0,0,0,0,13,25,25,127,127,138,152,170,182,182,182,201,201,201,220,234,234,268,301,301,301],"floor_reached":33,"playtime":4314,"items_purged":[],"score":286,"play_id":"d8a9c739-5583-47f1-bf4f-2d821520f502","local_time":"20190715153425","is_ascension_mode":false,"campfire_choices":[{"data":"Entrench","floor":6,"key":"SMITH"},{"data":"Bash","floor":11,"key":"SMITH"},{"data":"Twin Strike","floor":15,"key":"SMITH"},{"floor":23,"key":"REST"},{"floor":25,"key":"REST"},{"floor":29,"key":"REST"},{"floor":32,"key":"REST"}],"neow_cost":"NONE","seed_source_timestamp":102321413755473,"circlet_count":0,"master_deck":["Strike_R","Strike_R","Strike_R","Strike_R","Strike_R","Defend_R","Defend_R","Defend_R","Defend_R","Bash+1","Iron Wave","Twin Strike+1","Entrench+1","Anger","Sword Boomerang","Dropkick","Demon Form","Clash","Warcry","Headbutt","Sword Boomerang","Heavy Blade+1","Perfected Strike","Whirlwind","True Grit","Whirlwind"],"relics":["Burning Blood","Meat on the Bone","Anchor","Red Skull","Busted Crown","Kunai","Red Mask","Pear"],"potions_floor_usage":[2,4,7,13,13,18,18,20,28,30,33],"damage_taken":[{"damage":4,"enemies":"2 Louse","floor":1,"turns":4},{"damage":7,"enemies":"Small Slimes","floor":2,"turns":3},{"damage":0,"enemies":"Cultist","floor":4,"turns":4},{"damage":0,"enemies":"Gremlin Gang","floor":7,"turns":4},{"damage":10,"enemies":"Large Slime","floor":13,"turns":5},{"damage":6,"enemies":"Lots of Slimes","floor":14,"turns":7},{"damage":71,"enemies":"The Guardian","floor":16,"turns":15},{"damage":11,"enemies":"Spheric Guardian","floor":18,"turns":4},{"damage":0,"enemies":"Chosen","floor":19,"turns":4},{"damage":7,"enemies":"Centurion and Healer","floor":20,"turns":4},{"damage":20,"enemies":"3 Cultists","floor":21,"turns":6},{"damage":33,"enemies":"Snake Plant","floor":24,"turns":4},{"damage":27,"enemies":"Cultist and Chosen","floor":27,"turns":5},{"damage":21,"enemies":"Centurion and Healer","floor":28,"turns":6},{"damage":27,"enemies":"Masked Bandits","floor":30,"turns":5},{"damage":13,"enemies":"Gremlin Leader","floor":31,"turns":7},{"damage":96,"enemies":"Automaton","floor":33,"turns":6}],"seed_played":"5280542769871195167","potions_obtained":[{"floor":0,"key":"AttackPotion"},{"floor":0,"key":"Explosive Potion"},{"floor":0,"key":"SkillPotion"},{"floor":2,"key":"EssenceOfSteel"},{"floor":4,"key":"SteroidPotion"},{"floor":16,"key":"SteroidPotion"},{"floor":18,"key":"Fruit Juice"},{"floor":19,"key":"Fire Potion"},{"floor":21,"key":"Energy Potion"},{"floor":27,"key":"Energy Potion"},{"floor":31,"key":"SteroidPotion"}],"is_trial":false,"path_per_floor":["M","M","?","M","$","R","M","?","T","?","R","?","M","M","R","B",null,"M","M","M","M","?","R","M","R","T","M","M","R","?","E","R","B"],"character_chosen":"IRONCLAD","items_purchased":["Anchor"],"campfire_rested":4,"item_purchase_floors":[5],"current_hp_per_floor":[80,79,72,78,78,78,80,80,80,85,85,85,81,81,81,28,85,85,90,89,75,75,90,63,90,90,69,54,81,60,63,93,0],"gold":301,"neow_bonus":"THREE_SMALL_POTIONS","is_prod":false,"is_daily":false,"chose_seed":false,"campfire_upgraded":3,"win_rate":0,"timestamp":1563215665,"path_taken":["M","M","?","M","$","R","M","?","T","?","R","?","?","M","R","BOSS","M","?","M","M","?","R","M","R","T","M","?","R","?","E","R","BOSS"],"build_version":"2019-07-05","purchased_purges":0,"victory":false,"max_hp_per_floor":[80,80,80,80,80,80,80,80,80,85,85,85,85,85,85,85,85,90,90,90,90,90,90,90,90,90,90,90,90,90,100,100,100],"card_choices":[{"not_picked":["Wild Strike","Warcry"],"picked":"Iron Wave","floor":1},{"not_picked":["True Grit","Warcry"],"picked":"Twin Strike","floor":2},{"not_picked":["True Grit","Sword Boomerang"],"picked":"Entrench","floor":4},{"not_picked":["Body Slam","Rupture"],"picked":"Anger","floor":7},{"not_picked":["Corruption","Spot Weakness"],"picked":"Sword Boomerang","floor":13},{"not_picked":["Limit Break","Metallicize"],"picked":"Dropkick","floor":14},{"not_picked":["Limit Break","Berserk"],"picked":"Demon Form","floor":16},{"not_picked":[],"picked":"Clash","floor":18},{"not_picked":[],"picked":"True Grit","floor":19},{"not_picked":[],"picked":"Warcry","floor":20},{"not_picked":[],"picked":"Headbutt","floor":21},{"not_picked":[],"picked":"Heavy Blade+1","floor":24},{"not_picked":[],"picked":"Perfected Strike","floor":27},{"not_picked":[],"picked":"Whirlwind","floor":28},{"not_picked":[],"picked":"True Grit","floor":30},{"not_picked":[],"picked":"Whirlwind","floor":31}],"player_experience":152427,"relics_obtained":[{"floor":9,"key":"Red Skull"},{"floor":26,"key":"Kunai"},{"floor":30,"key":"Red Mask"},{"floor":31,"key":"Pear"}],"event_choices":[{"damage_healed":0,"gold_gain":0,"player_choice":"Success","damage_taken":7,"relics_obtained":["Meat on the Bone"],"max_hp_gain":0,"max_hp_loss":0,"event_name":"Scrap Ooze","floor":3,"gold_loss":0},{"damage_healed":0,"gold_gain":0,"player_choice":"Left Gold","damage_taken":0,"max_hp_gain":0,"max_hp_loss":0,"event_name":"World of Goop","floor":8,"gold_loss":18},{"damage_healed":0,"gold_gain":0,"player_choice":"Donut","damage_taken":0,"max_hp_gain":5,"max_hp_loss":0,"event_name":"Big Fish","floor":10,"gold_loss":0},{"damage_healed":0,"gold_gain":0,"player_choice":"Leave","damage_taken":0,"max_hp_gain":0,"max_hp_loss":0,"event_name":"FaceTrader","floor":12,"gold_loss":0},{"damage_healed":0,"gold_gain":0,"cards_transformed":["True Grit"],"player_choice":"Transformed","damage_taken":0,"max_hp_gain":0,"max_hp_loss":0,"event_name":"Transmorgrifier","floor":22,"gold_loss":0,"cards_obtained":["Sword Boomerang"]},{"damage_healed":0,"gold_gain":0,"player_choice":"Fought Bandits","damage_taken":0,"max_hp_gain":0,"max_hp_loss":0,"event_name":"Masked Bandits","floor":30,"gold_loss":0}],"is_beta":false,"boss_relics":[{"not_picked":["Pandora\u0027s Box","Runic Cube"],"picked":"Busted Crown"}],"items_purged_floors":[],"is_endless":false,"potions_floor_spawned":[2,4,16,18,19,21,27,31],"killed_by":"Automaton","ascension_level":0}