{"gold_per_floor":[117,117,134,6,21,21,40,40,88,117,129,160,172,203,215,227],"floor_reached":16,"playtime":1338,"items_purged":[],"score":188,"play_id":"fc54244d-d177-4e92-a6e8-e6e10771228b","local_time":"20191004222319","is_ascension_mode":true,"campfire_choices":[{"data":"Neutralize","floor":6,"key":"SMITH"},{"data":"Bouncing Flask","floor":11,"key":"SMITH"},{"floor":13,"key":"REST"},{"data":"Well Laid Plans","floor":15,"key":"SMITH"}],"neow_cost":"NONE","seed_source_timestamp":1652170800243051,"circlet_count":0,"master_deck":["AscendersBane","Defend_G","Defend_G","Defend_G","Defend_G","Defend_G","Strike_G","Strike_G","Strike_G","Strike_G","Survivor","Neutralize+1","Deadly Poison","Predator","Well Laid Plans+1","Deflect","Bouncing Flask+1","Glass Knife","Dodge and Roll","Deflect","PiercingWail"],"relics":["Ring of the Snake","MawBank"],"potions_floor_usage":[7,16,16],"damage_taken":[{"damage":7,"enemies":"Small Slimes","floor":1,"turns":6},{"damage":8,"enemies":"Jaw Worm","floor":3,"turns":4},{"damage":0,"enemies":"2 Louse","floor":5,"turns":3},{"damage":12,"enemies":"Gremlin Gang","floor":7,"turns":4},{"damage":2,"enemies":"2 Fungi Beasts","floor":10,"turns":3},{"damage":7,"enemies":"Exordium Thugs","floor":12,"turns":5},{"damage":0,"enemies":"3 Louse","floor":14,"turns":4},{"damage":43,"enemies":"Slime Boss","floor":16,"turns":14}],"seed_played":"7110482502445741080","potions_obtained":[{"floor":1,"key":"PowerPotion"},{"floor":5,"key":"SkillPotion"},{"floor":12,"key":"PowerPotion"}],"is_trial":false,"path_per_floor":["M","?","M","$","M","R","M","?","T","M","R","M","R","M","R","B"],"character_chosen":"THE_SILENT","items_purchased":["Well Laid Plans","Deflect"],"campfire_rested":1,"item_purchase_floors":[4,4],"current_hp_per_floor":[52,52,44,44,44,44,32,32,32,30,30,23,42,42,42,0],"gold":227,"neow_bonus":"REMOVE_CARD","is_prod":false,"is_daily":false,"chose_seed":false,"campfire_upgraded":3,"win_rate":0,"timestamp":1570242199,"path_taken":["M","?","M","$","M","R","M","?","T","M","R","M","R","M","R","BOSS"],"build_version":"2019-01-23","purchased_purges":0,"victory":false,"max_hp_per_floor":[66,66,66,66,66,66,66,66,66,66,66,66,66,66,66,66],"card_choices":[{"not_picked":["Blur","Prepared"],"picked":"Deadly Poison","floor":1},{"not_picked":["Deflect","Setup"],"picked":"Predator","floor":3},{"not_picked":["Deadly Poison","Crippling Poison"],"picked":"Bouncing Flask","floor":5},{"not_picked":["Underhanded Strike","Heel Hook"],"picked":"Glass Knife","floor":7},{"not_picked":["Dagger Throw","Choke"],"picked":"Dodge and Roll","floor":10},{"not_picked":["Prepared","Riddle With Holes"],"picked":"Deflect","floor":12},{"not_picked":["Slice","Blur"],"picked":"PiercingWail","floor":14}],"player_experience":3012013,"relics_obtained":[{"floor":9,"key":"MawBank"}],"event_choices":[{"damage_healed":0,"gold_gain":0,"player_choice":"Ignored","damage_taken":0,"max_hp_gain":0,"max_hp_loss":0,"event_name":"Shining Light","floor":2,"gold_loss":0},{"damage_healed":0,"gold_gain":0,"player_choice":"Fled","damage_taken":0,"max_hp_gain":0,"max_hp_loss":0,"event_name":"Scrap Ooze","floor":8,"gold_loss":0}],"is_beta":false,"boss_relics":[],"items_purged_floors":[],"is_endless":false,"potions_floor_spawned":[1,5,12],"killed_by":"Slime Boss","ascension_level":20}