{"gold_per_floor":[114,129,45,45,60,60,75,90,90,90,105,120,135,17,17,117,117,132,30,45,60,60,90,90,90],"floor_reached":25,"playtime":885,"items_purged":[],"score":242,"play_id":"cc0e5c24-6c3f-46e3-8c1a-17419aba857a","local_time":"20190905091313","daily_mods":["Draft","Time Dilation","Lethality"],"is_ascension_mode":false,"campfire_choices":[{"floor":6,"key":"REST"},{"data":"Accuracy","floor":15,"key":"SMITH"}],"neow_cost":"","seed_source_timestamp":0,"circlet_count":0,"master_deck":["Slice","Blade Dance","Sucker Punch","PiercingWail","Endless Agony","Dodge and Roll+1","Dagger Throw","Sucker Punch","Poisoned Stab","Backstab+1","Poisoned Stab","Backflip","Backflip","Blur","Blur","Dagger Spray","Accuracy","Dash","Dagger Spray","Crippling Poison","Accuracy+1","Backstab","Backflip","Corpse Explosion","Slice","Blur","Infinite Blades","Die Die Die","Flying Knee","All Out Attack","Noxious Fumes","Noxious Fumes","Burst","Finisher+1","J.A.X."],"special_seed":18144,"relics":["Ring of the Snake","Paper Crane","Lizard Tail","Juzu Bracelet","Anchor"],"potions_floor_usage":[20,20,23],"damage_taken":[{"damage":0,"enemies":"Cultist","floor":1,"turns":1},{"damage":0,"enemies":"2 Louse","floor":2,"turns":1},{"damage":0,"enemies":"Small Slimes","floor":5,"turns":1},{"damage":5,"enemies":"Blue Slaver","floor":7,"turns":2},{"damage":4,"enemies":"3 Louse","floor":8,"turns":2},{"damage":0,"enemies":"Looter","floor":11,"turns":1},{"damage":0,"enemies":"Red Slaver","floor":12,"turns":1},{"damage":0,"enemies":"3 Louse","floor":13,"turns":2},{"damage":28,"enemies":"The Guardian","floor":16,"turns":7},{"damage":20,"enemies":"2 Thieves","floor":18,"turns":4},{"damage":16,"enemies":"Shell Parasite","floor":20,"turns":5},{"damage":27,"enemies":"Sentry and Sphere","floor":21,"turns":6},{"damage":27,"enemies":"Slavers","floor":23,"turns":4},{"damage":24,"enemies":"Snake Plant","floor":25,"turns":2}],"seed_played":"5126551631491351520","potions_obtained":[{"floor":5,"key":"EssenceOfSteel"},{"floor":7,"key":"Strength Potion"},{"floor":12,"key":"SteroidPotion"},{"floor":18,"key":"Regen Potion"}],"is_trial":false,"path_per_floor":["M","M","$","?","M","R","M","M","T","?","M","M","M","$","R","B",null,"M","$","M","M","?","E","?","M"],"character_chosen":"THE_SILENT","items_purchased":["Dash","Dagger Spray","Blur","Infinite Blades","All Out Attack","Noxious Fumes"],"campfire_rested":1,"item_purchase_floors":[3,3,14,14,19,19],"current_hp_per_floor":[70,70,70,56,56,70,65,61,61,61,61,61,61,61,61,33,70,50,50,39,12,12,23,23,0],"gold":90,"neow_bonus":"","is_prod":false,"is_daily":true,"chose_seed":false,"campfire_upgraded":1,"win_rate":0,"timestamp":1567685593,"path_taken":["M","?","$","?","M","R","M","M","T","?","?","M","M","$","R","BOSS","M","$","M","M","?","E","?","M"],"build_version":"2019-07-17","purchased_purges":0,"victory":false,"max_hp_per_floor":[70,70,70,70,70,70,70,70,70,70,70,70,70,70,70,70,70,70,70,70,70,70,70,70,70],"card_choices":[{"not_picked":["Backflip","Bane"],"picked":"Slice","floor":0},{"not_picked":["Outmaneuver","Infinite Blades"],"picked":"Blade Dance","floor":0},{"not_picked":["Bane","Masterful Stab"],"picked":"Sucker Punch","floor":0},{"not_picked":["Deflect","Flechettes"],"picked":"PiercingWail","floor":0},{"not_picked":["PiercingWail","Sucker Punch"],"picked":"Endless Agony","floor":0},{"not_picked":["Skewer","Bane"],"picked":"Dodge and Roll","floor":0},{"not_picked":["Flying Knee","Heel Hook"],"picked":"Dagger Throw","floor":0},{"not_picked":["Skewer","PiercingWail"],"picked":"Sucker Punch","floor":0},{"not_picked":["Footwork","Prepared"],"picked":"Poisoned Stab","floor":0},{"not_picked":["Quick Slash","Prepared"],"picked":"Backstab","floor":0},{"not_picked":["Quick Slash","Calculated Gamble"],"picked":"Poisoned Stab","floor":0},{"not_picked":["Backstab","Deflect"],"picked":"Backflip","floor":0},{"not_picked":["Infinite Blades","Poisoned Stab"],"picked":"Backflip","floor":0},{"not_picked":["Deflect","Sucker Punch"],"picked":"Blur","floor":0},{"not_picked":["Backflip","Outmaneuver"],"picked":"Blur","floor":0},{"not_picked":["Bane","Dodge and Roll"],"picked":"Dagger Spray","floor":1},{"not_picked":["Dodge and Roll","Underhanded Strike"],"picked":"Accuracy","floor":2},{"not_picked":["Bane","Acrobatics"],"picked":"Crippling Poison","floor":5},{"not_picked":["Masterful Stab","Poisoned Stab"],"picked":"Accuracy","floor":7},{"not_picked":["Well Laid Plans","Eviscerate"],"picked":"Backstab","floor":8},{"not_picked":["PiercingWail","Bane"],"picked":"Backflip","floor":11},{"not_picked":["Poisoned Stab","Blur"],"picked":"Corpse Explosion","floor":12},{"not_picked":["Expertise","Bane"],"picked":"Slice","floor":13},{"not_picked":["Glass Knife","Envenom"],"picked":"Die Die Die","floor":16},{"not_picked":["Prepared","Sucker Punch"],"picked":"Flying Knee","floor":18},{"not_picked":["Setup","Underhanded Strike"],"picked":"Noxious Fumes","floor":20},{"not_picked":["Sucker Punch","Dagger Throw"],"picked":"Burst","floor":21},{"not_picked":["Cloak And Dagger","Poisoned Stab+1"],"picked":"Finisher+1","floor":23}],"player_experience":371400,"relics_obtained":[{"floor":9,"key":"Paper Crane"},{"floor":23,"key":"Anchor"}],"event_choices":[{"damage_healed":0,"gold_gain":0,"player_choice":"Entered Light","damage_taken":14,"max_hp_gain":0,"max_hp_loss":0,"event_name":"Shining Light","floor":4,"gold_loss":0,"cards_upgraded":["Dodge and Roll","Backstab"]},{"damage_healed":0,"gold_gain":0,"player_choice":"Ignored","damage_taken":0,"max_hp_gain":0,"max_hp_loss":0,"event_name":"Purifier","floor":10,"gold_loss":0},{"damage_healed":0,"gold_gain":0,"player_choice":"Opened","damage_taken":0,"relics_obtained":["Juzu Bracelet"],"max_hp_gain":0,"max_hp_loss":0,"event_name":"The Mausoleum","floor":22,"gold_loss":0},{"damage_healed":0,"gold_gain":0,"player_choice":"Obtain J.A.X.","damage_taken":0,"max_hp_gain":0,"max_hp_loss":0,"event_name":"Drug Dealer","floor":24,"gold_loss":0,"cards_obtained":["J.A.X."]}],"is_beta":false,"boss_relics":[{"not_picked":["Astrolabe","Eternal Feather"],"picked":"Lizard Tail"}],"items_purged_floors":[],"is_endless":false,"potions_floor_spawned":[5,7,12,18],"killed_by":"Snake Plant","ascension_level":0}