{"gold_per_floor":[114,131,131,18,28,28,57,57,357,376,376,403,415,427],"floor_reached":14,"playtime":600,"items_purged":["Strike_B"],"score":172,"play_id":"fca8b508-ddbc-4fc5-9a2d-c46b01fe324d","local_time":"20190314155028","is_ascension_mode":true,"campfire_choices":[{"data":"Zap","floor":6.0,"key":"SMITH"},{"data":"Hologram","floor":8.0,"key":"SMITH"}],"neow_cost":"PERCENT_DAMAGE","seed_source_timestamp":1422110002103374,"circlet_count":0,"master_deck":["AscendersBane","Strike_B","Strike_B","Strike_B","Defend_B+1","Defend_B","Defend_B+1","Defend_B","Zap+1","Dualcast","Doom and Gloom","Go for the Eyes","Darkness","Streamline","Hologram+1","Conserve Battery","Sweeping Beam"],"special_seed":0,"relics":["Cracked Core","Peace Pipe","Old Coin","MawBank","War Paint"],"potions_floor_usage":[14],"damage_taken":[{"damage":1.0,"enemies":"Cultist","floor":1.0,"turns":3.0},{"damage":6.0,"enemies":"2 Louse","floor":2.0,"turns":3.0},{"damage":11.0,"enemies":"Small Slimes","floor":5.0,"turns":4.0},{"damage":20.0,"enemies":"Lagavulin","floor":7.0,"turns":5.0},{"damage":1.0,"enemies":"Looter","floor":10.0,"turns":3.0},{"damage":28,"enemies":"3 Sentries","floor":12,"turns":6},{"damage":28,"enemies":"Gremlin Nob","floor":14,"turns":3}],"seed_played":"-8313693967957067865","potions_obtained":[{"floor":1.0,"key":"Energy Potion"},{"floor":7.0,"key":"AttackPotion"},{"floor":12,"key":"Explosive Potion"}],"is_trial":false,"path_per_floor":["M","M","?","$","M","R","E","R","T","M","?","E","?","E"],"character_chosen":"DEFECT","items_purchased":["Darkness"],"campfire_rested":0,"item_purchase_floors":[4],"current_hp_per_floor":[59,53,53,53,42,42,22,22,22,21,49,21,21,0],"gold":427,"neow_bonus":"TWENTY_PERCENT_HP_BONUS","is_prod":false,"is_daily":false,"chose_seed":false,"campfire_upgraded":2,"win_rate":0,"timestamp":1552593028,"path_taken":["M","?","?","$","M","R","E","R","T","M","?","E","?","E"],"build_version":"2019-01-23","purchased_purges":1,"victory":false,"max_hp_per_floor":[85,85,85,85,85,85,85,85,85,85,85,85,85,85],"card_choices":[{"not_picked":["Beam Cell","Turbo"],"picked":"Doom and Gloom","floor":1.0},{"not_picked":["Beam Cell","Rebound"],"picked":"Go for the Eyes","floor":2.0},{"not_picked":["Cold Snap","Rip and Tear"],"picked":"Streamline","floor":5.0},{"not_picked":["Steam Power","Reboot"],"picked":"Hologram","floor":7.0},{"not_picked":["Go for the Eyes","Redo"],"picked":"Conserve Battery","floor":10.0},{"not_picked":["Melter","Redo"],"picked":"Sweeping Beam","floor":12}],"player_experience":2369331,"relics_obtained":[{"floor":7.0,"key":"Peace Pipe"},{"floor":9.0,"key":"Old Coin"},{"floor":12,"key":"MawBank"}],"event_choices":[{"damage_healed":0.0,"max_hp_gain":0.0,"max_hp_loss":0.0,"gold_gain":0.0,"event_name":"Shining Light","player_choice":"Ignored","floor":3.0,"gold_loss":0.0,"damage_taken":0.0},{"damage_healed":28.0,"max_hp_gain":0.0,"max_hp_loss":0.0,"gold_gain":0.0,"event_name":"Big Fish","player_choice":"Banana","floor":11.0,"gold_loss":0.0,"damage_taken":0.0},{"damage_healed":0,"gold_gain":0,"player_choice":"Searched \u00271\u0027 times","damage_taken":0,"relics_obtained":["War Paint"],"max_hp_gain":0,"max_hp_loss":0,"event_name":"Dead Adventurer","floor":13,"gold_loss":0}],"is_beta":false,"boss_relics":[],"items_purged_floors":[4],"is_endless":false,"potions_floor_spawned":[1,7,12],"killed_by":"Gremlin Nob","ascension_level":15}