{"gold_per_floor":[117,117,129,48,48,48,80,80,107,132,145,69,19,45,45,144,144,162,176,188,207,207],"floor_reached":22,"playtime":1492,"items_purged":[],"score":279,"play_id":"ad1e7c29-de41-4147-add9-44180599e059","local_time":"20180717200907","is_ascension_mode":true,"campfire_choices":[{"data":"Dual Wield","floor":6,"key":"SMITH"},{"data":"Bloodletting","floor":8,"key":"SMITH"},{"floor":15,"key":"REST"}],"neow_cost":"NONE","seed_source_timestamp":1907648239338648,"circlet_count":0,"master_deck":["Strike_R+1","Strike_R","Strike_R+1","Defend_R","Defend_R","Defend_R","Bash","Inflame","Dual Wield+1","Inflame","Blood for Blood","Bloodletting+1","Twin Strike","Seeing Red","Fiend Fire","Offering","Carnage","Metallicize","Cleave+1"],"relics":["Burning Blood","Mercury Hourglass","Oddly Smooth Stone","Whetstone","Singing Bowl","Ancient Tea Set","Cursed Key"],"potions_floor_usage":[3,10,21,21,22,22],"damage_taken":[{"damage":6,"enemies":"2 Louse","floor":1,"turns":3},{"damage":8,"enemies":"Small Slimes","floor":3,"turns":3},{"damage":22,"enemies":"3 Sentries","floor":7,"turns":6},{"damage":18,"enemies":"Lagavulin","floor":10,"turns":5},{"damage":3,"enemies":"Cultist","floor":11,"turns":2},{"damage":9,"enemies":"Gremlin Nob","floor":14,"turns":3},{"damage":6,"enemies":"Slime Boss","floor":16,"turns":6},{"damage":36,"enemies":"2 Thieves","floor":18,"turns":3},{"damage":19,"enemies":"3 Byrds","floor":19,"turns":4},{"damage":15,"enemies":"Snake Plant","floor":20,"turns":3},{"damage":32,"enemies":"Slaver and Parasite","floor":21,"turns":5},{"damage":16,"enemies":"3 Cultists","floor":22,"turns":3}],"seed_played":"3576694806237042228","potions_obtained":[{"floor":1,"key":"Fruit Juice"},{"floor":7,"key":"Fruit Juice"},{"floor":14,"key":"EssenceOfSteel"},{"floor":19,"key":"FearPotion"},{"floor":20,"key":"Dexterity Potion"},{"floor":21,"key":"Swift Potion"}],"is_trial":false,"path_per_floor":["M","?","M","$","?","R","E","R","T","E","M","$","?","E","R","B",null,"M","M","M","M"],"character_chosen":"IRONCLAD","items_purchased":["Inflame","Seeing Red"],"campfire_rested":1,"item_purchase_floors":[4,12],"current_hp_per_floor":[80,73,76,76,76,76,60,60,60,55,58,58,58,55,82,82,92,62,51,42,16,0],"gold":207,"neow_bonus":"REMOVE_CARD","is_prod":false,"is_daily":false,"chose_seed":false,"campfire_upgraded":2,"win_rate":0,"timestamp":1531872547,"path_taken":["M","?","M","$","?","R","E","R","T","E","?","$","?","E","R","BOSS","M","M","M","M","M"],"build_version":"2018-06-21v2","purchased_purges":0,"victory":false,"max_hp_per_floor":[80,80,85,85,85,85,85,85,85,92,92,92,92,92,92,92,92,92,94,94,94,94],"card_choices":[{"not_picked":["True Grit","Pummel"],"picked":"Inflame","floor":1},{"not_picked":["Clash","Twin Strike"],"picked":"Dual Wield","floor":3},{"not_picked":["Flex","Second Wind"],"picked":"Bloodletting","floor":7},{"not_picked":["Entrench","True Grit","Searing Blow"],"picked":"Singing Bowl","floor":10},{"not_picked":["Warcry","Thunderclap"],"picked":"Twin Strike","floor":11},{"not_picked":["Sentinel","Warcry"],"picked":"Fiend Fire","floor":14},{"not_picked":["Barricade","Reaper"],"picked":"Offering","floor":16},{"not_picked":["Clothesline","Body Slam"],"picked":"Carnage","floor":18},{"not_picked":["Perfected Strike","Anger","Sword Boomerang"],"picked":"Singing Bowl","floor":19},{"not_picked":["Warcry","Anger"],"picked":"Metallicize","floor":20},{"not_picked":["Headbutt","True Grit"],"picked":"Cleave+1","floor":21}],"player_experience":1297776,"relics_obtained":[{"floor":7,"key":"Oddly Smooth Stone"},{"floor":9,"key":"Whetstone"},{"floor":10,"key":"Singing Bowl"},{"floor":14,"key":"Ancient Tea Set"}],"event_choices":[{"event_name":"Scrap Ooze","player_choice":"success","floor":2,"damage_taken":7},{"event_name":"Living Wall","player_choice":"Change","floor":5,"damage_taken":0},{"event_name":"The Cleric","player_choice":"Card Removal","floor":13,"damage_taken":0}],"boss_relics":[{"not_picked":["Black Blood","White Beast Statue"],"picked":"Cursed Key"}],"items_purged_floors":[],"is_endless":false,"potions_floor_spawned":[1,7,14,19,20,21],"killed_by":"3 Cultists","ascension_level":2}