{"gold_per_floor":[114,0,0,13,29,29,49,80,80,91,106,106,120,133,133,230,230,241,257,257,272,288,288,322,322,322,322,322],"floor_reached":28,"playtime":4127,"items_purged":["Strike_B"],"score":293,"play_id":"51d97606-0564-47ce-ae98-522151b2f661","local_time":"20180704010219","is_ascension_mode":true,"campfire_choices":[{"data":"Dualcast","floor":6,"key":"SMITH"},{"data":"Zap","floor":12,"key":"SMITH"},{"floor":15,"key":"REST"},{"data":"Seek","floor":23,"key":"SMITH"},{"floor":25,"key":"REST"},{"data":"Self Repair","floor":27,"key":"SMITH"}],"neow_cost":"NONE","seed_source_timestamp":1764027139590919,"circlet_count":0,"master_deck":["Strike_B","Strike_B","Defend_B","Defend_B","Defend_B","Zap+1","Dualcast+1","Auto Shields","Doom and Gloom","Scrape","Seek+1","Go for the Eyes","Defragment","Redo","Reprogram+1","Chill+1","Steam+1","Rebound","Go for the Eyes","Amplify+1","Gash","Heatsinks","Ghostly+1","Ghostly+1","Ghostly+1","Ghostly+1","Ghostly+1","Consume+1","Static Discharge+1","Self Repair+1"],"relics":["Cracked Core","Toxic Egg 2","Calipers","Sozu","Unceasing Top","Ginger"],"potions_floor_usage":[22,28,28],"damage_taken":[{"damage":0,"enemies":"Small Slimes","floor":1,"turns":3},{"damage":0,"enemies":"Cultist","floor":4,"turns":4},{"damage":0,"enemies":"2 Louse","floor":5,"turns":2},{"damage":7,"enemies":"Gremlin Gang","floor":7,"turns":2},{"damage":5,"enemies":"Lagavulin","floor":8,"turns":5},{"damage":4,"enemies":"Lots of Slimes","floor":10,"turns":4},{"damage":15,"enemies":"Red Slaver","floor":11,"turns":4},{"damage":0,"enemies":"Gremlin Gang","floor":13,"turns":3},{"damage":0,"enemies":"Blue Slaver","floor":14,"turns":3},{"damage":14,"enemies":"Hexaghost","floor":16,"turns":8},{"damage":15,"enemies":"2 Thieves","floor":18,"turns":4},{"damage":0,"enemies":"3 Byrds","floor":19,"turns":5},{"damage":8,"enemies":"Sentry and Sphere","floor":21,"turns":8},{"damage":1,"enemies":"Chosen and Byrds","floor":22,"turns":5},{"damage":19,"enemies":"Slavers","floor":24,"turns":3},{"damage":22,"enemies":"Slaver and Parasite","floor":28,"turns":4}],"seed_played":"3272674390282888718","potions_obtained":[{"floor":1,"key":"Swift Potion"},{"floor":8,"key":"EssenceOfSteel"},{"floor":11,"key":"PowerPotion"}],"is_trial":false,"path_per_floor":["M","$","?","M","M","R","M","E","T","M","M","R","M","M","R","B",null,"M","M","?","M","M","R","E","R","T","R"],"character_chosen":"DEFECT","items_purchased":["Scrape"],"campfire_rested":2,"item_purchase_floors":[2],"current_hp_per_floor":[75,75,75,75,75,75,68,63,63,59,44,44,44,44,66,52,75,60,60,37,29,28,28,9,20,20,20,0],"gold":322,"neow_bonus":"TRANSFORM_CARD","is_prod":false,"is_daily":false,"chose_seed":false,"campfire_upgraded":4,"win_rate":0,"timestamp":1530680539,"path_taken":["M","$","?","?","M","R","M","E","T","?","M","R","M","M","R","BOSS","M","M","?","?","M","R","E","R","T","R","M"],"build_version":"2018-06-21v2","purchased_purges":1,"victory":false,"max_hp_per_floor":[75,75,75,75,75,75,75,75,75,75,75,75,75,75,75,75,75,75,75,37,37,37,37,37,37,37,37,37],"card_choices":[{"not_picked":["Cold Snap","Aggregate"],"picked":"Doom and Gloom","floor":1},{"not_picked":["Redo","Turbo"],"picked":"Go for the Eyes","floor":4},{"not_picked":["Leap","Lockon"],"picked":"Defragment","floor":5},{"not_picked":["Streamline","Skim"],"picked":"Redo","floor":7},{"not_picked":["Compile Driver","Conserve Battery"],"picked":"Reprogram","floor":8},{"not_picked":["Amplify+1","Leap+1"],"picked":"Chill+1","floor":10},{"not_picked":["Undo+1","Ball Lightning"],"picked":"Steam+1","floor":11},{"not_picked":["BootSequence+1","Cold Snap"],"picked":"Rebound","floor":13},{"not_picked":["Rebound","Streamline"],"picked":"Go for the Eyes","floor":14},{"not_picked":["Fission+1","Creative AI"],"picked":"Amplify+1","floor":16},{"not_picked":["Beam Cell","Stack+1"],"picked":"Gash","floor":18},{"not_picked":["Ball Lightning","Stack+1"],"picked":"Heatsinks","floor":19},{"not_picked":["Cold Snap","Beam Cell"],"picked":"Consume+1","floor":21},{"not_picked":["Hologram+1","Multi-Cast+1"],"picked":"Static Discharge+1","floor":22},{"not_picked":["Heatsinks","Leap+1"],"picked":"Self Repair","floor":24}],"player_experience":1260154,"relics_obtained":[{"floor":8,"key":"Toxic Egg 2"},{"floor":9,"key":"Calipers"},{"floor":24,"key":"Unceasing Top"},{"floor":26,"key":"Ginger"}],"event_choices":[{"event_name":"Living Wall","player_choice":"Change","floor":3,"damage_taken":0},{"event_name":"Ghosts","player_choice":"Became a Ghost","floor":20,"damage_taken":0}],"boss_relics":[{"not_picked":["Black Star","Ectoplasm"],"picked":"Sozu"}],"items_purged_floors":[2],"is_endless":false,"potions_floor_spawned":[1,8,11,18,19,21],"killed_by":"Slaver and Parasite","ascension_level":2}