{"gold_per_floor":[110,110,129,144,144,171,171,14,14,26,40,51,68,86,86,189,189,209,6,21,37,37,62,62,88,112,112,138,207,39,58,58,160,210,230,244,56,67,81,81,81,0,0,12,12,31,64,64,64,64],"floor_reached":50,"playtime":4499,"items_purged":[],"score":611,"play_id":"6c822dcb-ab18-42d6-8e0d-0c6a98f77478","local_time":"20190628120831","is_ascension_mode":false,"campfire_choices":[{"floor":7.0,"key":"REST"},{"data":"Masterful Stab","floor":15.0,"key":"SMITH"},{"floor":27.0,"key":"REST"},{"data":"Die Die Die","floor":32.0,"key":"SMITH"},{"floor":41,"key":"REST"},{"data":"Survivor","floor":45,"key":"SMITH"},{"floor":49,"key":"REST"}],"neow_cost":"NONE","seed_source_timestamp":0,"circlet_count":0,"master_deck":["Defend_G","Defend_G","Defend_G","Defend_G","Defend_G","Strike_G","Strike_G","Strike_G","Strike_G","Survivor+1","Neutralize","Masterful Stab+1","Dash","Deflect","Prepared","Dagger Spray","Quick Slash","Dodge and Roll","Terror","Outmaneuver","Backflip","Wraith Form v2","Footwork+1","Masterful Stab+1","All Out Attack+1","Die Die Die+1","RitualDagger","Dodge and Roll","Prepared+1","Bandage Up","Poisoned Stab","Deadly Poison","Well Laid Plans","Corpse Explosion","Underhanded Strike","Caltrops+1","Tactician+1","Panache","Bane+1","Poisoned Stab+1","Deflect","Dagger Spray+1","Dash+1","Madness","Madness"],"special_seed":0,"relics":["Ring of the Snake","Shuriken","Regal Pillow","Anchor","Gremlin Horn","Velvet Choker","ClockworkSouvenir","Thread and Needle","Pantograph","Bronze Scales","Pen Nib","Kunai","Tiny House","Red Mask","Blood Vial","Frozen Egg 2"],"potions_floor_usage":[50,50,50],"damage_taken":[{"damage":0.0,"enemies":"2 Louse","floor":1.0,"turns":2.0},{"damage":0.0,"enemies":"Small Slimes","floor":3.0,"turns":3.0},{"damage":0.0,"enemies":"Jaw Worm","floor":4.0,"turns":2.0},{"damage":24.0,"enemies":"Gremlin Nob","floor":6.0,"turns":5.0},{"damage":2.0,"enemies":"Blue Slaver","floor":10.0,"turns":4.0},{"damage":0.0,"enemies":"2 Fungi Beasts","floor":11.0,"turns":3.0},{"damage":0.0,"enemies":"Looter","floor":12.0,"turns":1.0},{"damage":0.0,"enemies":"Exordium Thugs","floor":13.0,"turns":3.0},{"damage":0.0,"enemies":"2 Fungi Beasts","floor":14.0,"turns":2.0},{"damage":57.0,"enemies":"Hexaghost","floor":16.0,"turns":13.0},{"damage":5.0,"enemies":"Shell Parasite","floor":18.0,"turns":6.0},{"damage":8.0,"enemies":"3 Byrds","floor":20.0,"turns":7.0},{"damage":19.0,"enemies":"Centurion and Healer","floor":21.0,"turns":9.0},{"damage":18.0,"enemies":"Book of Stabbing","floor":23.0,"turns":6.0},{"damage":0.0,"enemies":"Slavers","floor":25.0,"turns":1.0},{"damage":0.0,"enemies":"Gremlin Leader","floor":28.0,"turns":6.0},{"damage":0.0,"enemies":"Snake Plant","floor":31.0,"turns":3.0},{"damage":73.0,"enemies":"Automaton","floor":33.0,"turns":13.0},{"damage":4,"enemies":"3 Darklings","floor":35,"turns":2},{"damage":22,"enemies":"3 Shapes","floor":36,"turns":3},{"damage":5,"enemies":"Maw","floor":38,"turns":8},{"damage":1,"enemies":"Jaw Worm Horde","floor":39,"turns":4},{"damage":12,"enemies":"4 Shapes","floor":44,"turns":3},{"damage":6,"enemies":"Maw","floor":46,"turns":7},{"damage":22,"enemies":"Nemesis","floor":47,"turns":7},{"damage":92,"enemies":"Awakened One","floor":50,"turns":6}],"seed_played":"-1838229051537724528","potions_obtained":[{"floor":3.0,"key":"FearPotion"},{"floor":6.0,"key":"EntropicBrew"},{"floor":11.0,"key":"Block Potion"},{"floor":12.0,"key":"Regen Potion"},{"floor":18.0,"key":"Swift Potion"},{"floor":21.0,"key":"SteroidPotion"},{"floor":23.0,"key":"Fire Potion"},{"floor":33.0,"key":"Regen Potion"},{"floor":34,"key":"Explosive Potion"},{"floor":44,"key":"Swift Potion"},{"floor":47,"key":"PowerPotion"}],"is_trial":false,"path_per_floor":["M","?","M","M","?","E","R","$","T","M","M","M","M","M","R","B",null,"M","$","M","M","?","E","?","E","T","R","E","T","$","M","R","B",null,"M","M","$","M","M","?","R","?","T","M","R","M","E","?","R","B"],"character_chosen":"THE_SILENT","items_purchased":["Anchor","ClockworkSouvenir","Bandage Up","Poisoned Stab","Deadly Poison","Panache"],"campfire_rested":4,"item_purchase_floors":[8,19,30,30,30,37],"current_hp_per_floor":[70,67,67,67,67,43,70,70,70,68,68,68,68,68,68,26,70,65,65,57,38,61,43,37,37,37,70,70,70,70,70,70,1,75,71,53,53,52,55,55,75,75,75,63,63,63,47,38,75,0],"gold":64,"neow_bonus":"THREE_CARDS","is_prod":false,"is_daily":false,"chose_seed":false,"campfire_upgraded":3,"win_rate":0.0,"timestamp":1561734511,"path_taken":["M","?","M","M","?","E","R","$","T","M","M","M","M","M","R","BOSS","M","$","M","M","?","E","?","E","T","R","E","?","?","M","R","BOSS","M","M","$","M","M","?","R","?","T","M","R","M","E","?","R","BOSS"],"build_version":"2019-01-23","purchased_purges":0,"victory":false,"max_hp_per_floor":[70,70,70,70,70,70,70,70,70,70,70,70,70,70,70,70,70,70,70,70,70,70,70,70,70,70,70,70,70,70,70,70,70,75,75,75,75,75,75,75,75,75,75,75,75,75,75,75,75,75],"card_choices":[{"not_picked":["PiercingWail","Underhanded Strike"],"picked":"Masterful Stab","floor":0.0},{"not_picked":["Blade Dance","Leg Sweep"],"picked":"Dash","floor":1.0},{"not_picked":["Deadly Poison","Escape Plan"],"picked":"Deflect","floor":3.0},{"not_picked":["Calculated Gamble","Sucker Punch"],"picked":"Prepared","floor":4.0},{"not_picked":["Outmaneuver","Blade Dance"],"picked":"Dagger Spray","floor":6.0},{"not_picked":["Bane","Outmaneuver"],"picked":"Quick Slash","floor":10.0},{"not_picked":["Slice","Prepared"],"picked":"Dodge and Roll","floor":11.0},{"not_picked":["Eviscerate","Finisher"],"picked":"Terror","floor":12.0},{"not_picked":["Reflex","Acrobatics"],"picked":"Outmaneuver","floor":13.0},{"not_picked":["Acrobatics","Deadly Poison"],"picked":"Backflip","floor":14.0},{"not_picked":["Tools of the Trade","Glass Knife"],"picked":"Wraith Form v2","floor":16.0},{"not_picked":["Finisher","Prepared"],"picked":"Footwork+1","floor":18.0},{"not_picked":["Backflip","Deflect"],"picked":"Masterful Stab","floor":20.0},{"not_picked":["Dagger Throw","Prepared"],"picked":"All Out Attack+1","floor":21.0},{"not_picked":["Expertise+1","Backflip+1"],"picked":"Die Die Die","floor":23.0},{"not_picked":["Expertise+1","Leg Sweep"],"picked":"Dodge and Roll","floor":25.0},{"not_picked":["Calculated Gamble","Deadly Poison"],"picked":"Prepared+1","floor":28.0},{"not_picked":["Dagger Throw","Sucker Punch"],"picked":"Well Laid Plans","floor":31.0},{"not_picked":["Malaise","Venomology"],"picked":"Corpse Explosion","floor":33.0},{"not_picked":["Deadly Poison","Calculated Gamble"],"picked":"Underhanded Strike","floor":34},{"not_picked":["Sucker Punch+1","Backflip+1"],"picked":"Caltrops+1","floor":35},{"not_picked":["Flechettes","Sucker Punch"],"picked":"Tactician+1","floor":36},{"not_picked":["All Out Attack","Poisoned Stab"],"picked":"Bane+1","floor":38},{"not_picked":["Adrenaline","Blade Dance"],"picked":"Poisoned Stab+1","floor":39},{"not_picked":["Bane+1","PiercingWail"],"picked":"Deflect","floor":44},{"not_picked":["Quick Slash","PiercingWail+1"],"picked":"Dagger Spray+1","floor":46},{"not_picked":["Bane+1","After Image"],"picked":"Dash+1","floor":47}],"player_experience":25931,"relics_obtained":[{"floor":6.0,"key":"Regal Pillow"},{"floor":9.0,"key":"Gremlin Horn"},{"floor":23.0,"key":"Thread and Needle"},{"floor":25.0,"key":"Pantograph"},{"floor":26.0,"key":"Bronze Scales"},{"floor":28.0,"key":"Pen Nib"},{"floor":29.0,"key":"Kunai"},{"floor":43,"key":"Blood Vial"},{"floor":47,"key":"Frozen Egg 2"}],"event_choices":[{"damage_healed":0.0,"max_hp_gain":0.0,"max_hp_loss":0.0,"gold_gain":0.0,"event_name":"Scrap Ooze","player_choice":"Success","floor":2.0,"gold_loss":0.0,"damage_taken":3.0,"relics_obtained":["Shuriken"]},{"damage_healed":0.0,"max_hp_gain":0.0,"max_hp_loss":0.0,"gold_gain":0.0,"event_name":"The Cleric","player_choice":"Leave","floor":5.0,"gold_loss":0.0,"damage_taken":0.0},{"damage_healed":23.0,"max_hp_gain":0.0,"max_hp_loss":0.0,"gold_gain":0.0,"event_name":"The Library","player_choice":"Heal","floor":22.0,"gold_loss":0.0,"damage_taken":0.0},{"damage_healed":0.0,"max_hp_gain":0.0,"max_hp_loss":0.0,"gold_gain":0.0,"event_name":"Nest","player_choice":"Joined the Cult","floor":24.0,"gold_loss":0.0,"damage_taken":6.0,"cards_obtained":["RitualDagger"]},{"cards_removed":["Strike_G"],"damage_healed":0,"gold_gain":0,"player_choice":"Removed Attack","damage_taken":0,"max_hp_gain":0,"max_hp_loss":0,"event_name":"Falling","floor":40,"gold_loss":0},{"damage_healed":0,"gold_gain":0,"player_choice":"Paid","damage_taken":0,"relics_obtained":["Red Mask"],"max_hp_gain":0,"max_hp_loss":0,"event_name":"Tomb of Lord Red Mask","floor":42,"gold_loss":81},{"damage_healed":0,"gold_gain":0,"player_choice":"Embrace Madness","damage_taken":9,"max_hp_gain":0,"max_hp_loss":0,"event_name":"Winding Halls","floor":48,"gold_loss":0,"cards_obtained":["Madness","Madness"]}],"is_beta":false,"boss_relics":[{"not_picked":["Cursed Key","Runic Dome"],"picked":"Velvet Choker"},{"not_picked":["Empty Cage","Snecko Eye"],"picked":"Tiny House"}],"items_purged_floors":[],"is_endless":false,"potions_floor_spawned":[3,6,11,12,18,21,23,33,44,46,47],"killed_by":"Awakened One","ascension_level":0}