{"gold_per_floor":[114,130,148,163,174,209,209,242,293,303,303,303,303,303,303,402,402,418,418,418],"floor_reached":20,"playtime":3460,"items_purged":[],"score":322,"play_id":"1f9e9166-36ec-4fb7-80b9-d38aeb53dbb1","local_time":"20190314153930","is_ascension_mode":true,"campfire_choices":[{"data":"Rainbow","floor":7.0,"key":"SMITH"},{"floor":13.0,"key":"REST"},{"floor":15.0,"key":"REST"}],"neow_cost":"NONE","seed_source_timestamp":1418595970709661,"circlet_count":0,"master_deck":["AscendersBane","Strike_B","Strike_B+1","Strike_B","Strike_B+1","Defend_B","Defend_B","Defend_B","Defend_B","Zap","Dualcast","Rainbow+1","Gash","Streamline","Compile Driver","Genetic Algorithm","Go for the Eyes","Cold Snap+1","Sweeping Beam+1","Parasite","Multi-Cast","Gash"],"special_seed":0,"relics":["Cracked Core","Whetstone","Symbiotic Virus","PreservedInsect","Bloody Idol","Inserter"],"potions_floor_usage":[18],"damage_taken":[{"damage":0.0,"enemies":"2 Louse","floor":1.0,"turns":2.0},{"damage":3.0,"enemies":"Small Slimes","floor":2.0,"turns":3.0},{"damage":1.0,"enemies":"Cultist","floor":3.0,"turns":3.0},{"damage":1.0,"enemies":"3 Louse","floor":4.0,"turns":3.0},{"damage":18.0,"enemies":"Lots of Slimes","floor":5.0,"turns":5.0},{"damage":7.0,"enemies":"Gremlin Nob","floor":6.0,"turns":4.0},{"damage":26.0,"enemies":"3 Sentries","floor":8.0,"turns":7.0},{"damage":6.0,"enemies":"Looter","floor":10.0,"turns":2.0},{"damage":16.0,"enemies":"Slime Boss","floor":16.0,"turns":7.0},{"damage":39,"enemies":"2 Thieves","floor":18,"turns":4},{"damage":15,"enemies":"3 Byrds","floor":20,"turns":4}],"seed_played":"-1965106017373479054","potions_obtained":[{"floor":3.0,"key":"Strength Potion"},{"floor":5.0,"key":"Poison Potion"},{"floor":6.0,"key":"FocusPotion"},{"floor":10.0,"key":"GamblersBrew"},{"floor":18,"key":"Dexterity Potion"}],"is_trial":false,"path_per_floor":["M","M","M","M","M","E","R","E","T","M","?","?","R","?","R","B",null,"M","?","M"],"character_chosen":"DEFECT","items_purchased":[],"campfire_rested":2,"item_purchase_floors":[],"current_hp_per_floor":[64,61,60,59,41,34,34,8,8,2,19,19,38,19,38,22,54,15,15,0],"gold":418,"neow_bonus":"ONE_RANDOM_RARE_CARD","is_prod":false,"is_daily":false,"chose_seed":false,"campfire_upgraded":1,"win_rate":0,"timestamp":1552592370,"path_taken":["M","M","M","M","M","E","R","E","T","M","?","?","R","?","R","BOSS","M","?","M"],"build_version":"2019-01-23","purchased_purges":0,"victory":false,"max_hp_per_floor":[71,71,71,71,71,71,71,71,71,71,71,64,64,64,64,64,64,64,64,64],"card_choices":[{"not_picked":["Sweeping Beam","Chill"],"picked":"Gash","floor":1.0},{"not_picked":["Stack","BootSequence"],"picked":"Streamline","floor":2.0},{"not_picked":["Ball Lightning","Barrage"],"picked":"Compile Driver","floor":3.0},{"not_picked":["Tempest","Coolheaded"],"picked":"Genetic Algorithm","floor":4.0},{"not_picked":["Skim","Redo"],"picked":"Go for the Eyes","floor":5.0},{"not_picked":["Streamline","Reprogram","Amplify"],"picked":"SKIP","floor":6.0},{"not_picked":["Turbo","Coolheaded"],"picked":"Cold Snap","floor":8.0},{"not_picked":["Capacitor","Stack"],"picked":"Sweeping Beam","floor":10.0},{"not_picked":["Core Surge","Rainbow"],"picked":"Multi-Cast","floor":16.0},{"not_picked":["Sweeping Beam","Turbo"],"picked":"Gash","floor":18}],"player_experience":2365871,"relics_obtained":[{"floor":6.0,"key":"Whetstone"},{"floor":8.0,"key":"Symbiotic Virus"},{"floor":9.0,"key":"PreservedInsect"}],"event_choices":[{"damage_healed":17.0,"max_hp_gain":0.0,"max_hp_loss":0.0,"gold_gain":0.0,"event_name":"Mushrooms","player_choice":"Healed and dodged fight","floor":11.0,"gold_loss":0.0,"damage_taken":0.0,"cards_obtained":["Parasite"]},{"damage_healed":0.0,"max_hp_gain":0.0,"max_hp_loss":7.0,"gold_gain":0.0,"event_name":"Golden Idol","player_choice":"Lose Max HP","floor":12.0,"gold_loss":0.0,"damage_taken":0.0,"relics_obtained":["Golden Idol"]},{"damage_healed":0.0,"max_hp_gain":0.0,"max_hp_loss":0.0,"gold_gain":0.0,"event_name":"Shining Light","player_choice":"Entered Light","floor":14.0,"gold_loss":0.0,"damage_taken":19.0,"cards_upgraded":["Sweeping Beam","Cold Snap"]},{"damage_healed":0,"gold_gain":0,"player_choice":"Gave Idol","damage_taken":0,"relics_obtained":["Bloody Idol"],"max_hp_gain":0,"max_hp_loss":0,"event_name":"Forgotten Altar","floor":19,"relics_lost":["Golden Idol"],"gold_loss":0}],"is_beta":false,"boss_relics":[{"not_picked":["Ectoplasm","Calling Bell"],"picked":"Inserter"}],"items_purged_floors":[],"is_endless":false,"potions_floor_spawned":[3,5,6,10,18],"killed_by":"3 Byrds","ascension_level":15}