{"gold_per_floor":[115,130,130,142,161,194,194,223,272,272,283,300,300,25,25,98,98,87,187,18,36,46,65,65,126,149,149,167,167,167,22,22,95,95,106,123,25,25,41,41,41],"floor_reached":41,"playtime":4722,"items_purged":["Night Terror"],"score":748,"play_id":"0495f282-3abf-4820-806a-8e1d25d09809","local_time":"20181216175123","is_ascension_mode":true,"campfire_choices":[{"floor":7,"key":"REST"},{"floor":10,"key":"REST"},{"floor":15,"key":"REST"},{"floor":24,"key":"REST"},{"floor":27,"key":"REST"},{"floor":32,"key":"REST"},{"floor":40,"key":"REST"}],"neow_cost":"NONE","seed_source_timestamp":988396852093020,"circlet_count":0,"master_deck":["AscendersBane","Survivor","Neutralize","Impatience","Dagger Throw","Dagger Spray","Corpse Explosion","Masterful Stab","Deflect+1","Choke","Crippling Poison","Dagger Throw+1","Footwork","Doppelganger","Night Terror","Crippling Poison","Dagger Spray","Deflect","Malaise","Backstab","A Thousand Cuts","Wraith Form v2","Reflex","Underhanded Strike+1","Slice","Deflect","Slice","Acrobatics","All Out Attack","Backflip+1","Cloak And Dagger","Blur","Well Laid Plans","Heel Hook","Tactician","Terror","PiercingWail","Deflect+1"],"relics":["Ring of the Snake","Incense Burner","Dodecahedron","Oddly Smooth Stone","OrangePellets","Pandora\u0027s Box","Tiny Chest","Paper Crane","Regal Pillow","WristBlade"],"potions_floor_usage":[2,8,16,16,18,22,23,23],"damage_taken":[{"damage":2,"enemies":"2 Louse","floor":1,"turns":5},{"damage":0,"enemies":"Jaw Worm","floor":2,"turns":6},{"damage":0,"enemies":"Cultist","floor":4,"turns":3},{"damage":4,"enemies":"Exordium Wildlife","floor":5,"turns":3},{"damage":40,"enemies":"Gremlin Nob","floor":6,"turns":5},{"damage":20,"enemies":"Lagavulin","floor":8,"turns":7},{"damage":2,"enemies":"Looter","floor":11,"turns":4},{"damage":0,"enemies":"Large Slime","floor":12,"turns":4},{"damage":15,"enemies":"Hexaghost","floor":16,"turns":9},{"damage":17,"enemies":"2 Thieves","floor":18,"turns":4},{"damage":3,"enemies":"Shell Parasite","floor":21,"turns":7},{"damage":22,"enemies":"Cultist and Chosen","floor":22,"turns":6},{"damage":8,"enemies":"3 Cultists","floor":23,"turns":5},{"damage":26,"enemies":"Slavers","floor":25,"turns":5},{"damage":23,"enemies":"Snake Plant","floor":28,"turns":6},{"damage":35,"enemies":"Collector","floor":33,"turns":19},{"damage":0,"enemies":"3 Shapes","floor":35,"turns":5},{"damage":6,"enemies":"3 Darklings","floor":36,"turns":2},{"damage":38,"enemies":"Sphere and 2 Shapes","floor":39,"turns":7},{"damage":51,"enemies":"Reptomancer","floor":41,"turns":3}],"seed_played":"7943366728520344544","potions_obtained":[{"floor":1,"key":"Block Potion"},{"floor":6,"key":"PowerPotion"},{"floor":8,"key":"LiquidBronze"},{"floor":11,"key":"LiquidBronze"},{"floor":16,"key":"SteroidPotion"},{"floor":18,"key":"AttackPotion"},{"floor":21,"key":"Poison Potion"},{"floor":22,"key":"GhostInAJar"}],"is_trial":false,"path_per_floor":["M","M","?","M","M","E","R","E","T","R","M","M","?","$","R","B",null,"M","?","$","M","M","M","R","E","T","R","M","T","?","$","R","B",null,"M","M","$","?","M","R","E"],"character_chosen":"THE_SILENT","items_purchased":["OrangePellets","Footwork","Slice","Deflect","Blur","Well Laid Plans","Terror","PiercingWail"],"campfire_rested":7,"item_purchase_floors":[14,14,20,20,31,31,37,37],"current_hp_per_floor":[61,61,61,61,57,17,38,18,18,39,37,37,23,23,44,29,60,43,43,43,40,18,10,31,5,5,26,3,3,3,3,39,4,54,54,48,48,48,10,46,0],"gold":41,"neow_bonus":"RANDOM_COLORLESS","is_prod":false,"is_daily":false,"chose_seed":false,"campfire_upgraded":0,"win_rate":0,"timestamp":1545000683,"path_taken":["M","M","?","M","M","E","R","E","T","R","M","M","?","$","R","BOSS","M","?","$","M","?","M","R","E","T","R","M","?","?","$","R","BOSS","M","M","$","?","M","R","E"],"build_version":"2018-12-13","purchased_purges":1,"victory":false,"max_hp_per_floor":[70,70,70,70,70,70,70,70,70,70,70,70,70,70,70,70,70,70,70,70,70,70,70,70,70,70,70,70,70,70,70,70,70,70,70,70,70,70,70,70,70],"card_choices":[{"not_picked":["Catalyst","Bane"],"picked":"Dagger Throw","floor":1},{"not_picked":["Deflect","Heel Hook"],"picked":"Dagger Spray","floor":2},{"not_picked":["Acrobatics","Accuracy"],"picked":"Corpse Explosion","floor":4},{"not_picked":["Concentrate","Flechettes"],"picked":"Masterful Stab","floor":5},{"not_picked":["Heel Hook","Finisher"],"picked":"Deflect","floor":6},{"not_picked":["Sucker Punch","PiercingWail"],"picked":"Choke","floor":8},{"not_picked":["Eviscerate","Reflex"],"picked":"Crippling Poison","floor":11},{"not_picked":["Backflip","Predator"],"picked":"Dagger Throw","floor":12},{"not_picked":["Wraith Form v2","Bullet Time"],"picked":"Doppelganger","floor":16},{"not_picked":["Outmaneuver","Backflip+1"],"picked":"Underhanded Strike+1","floor":18},{"not_picked":["Underhanded Strike","Backstab"],"picked":"Slice","floor":21},{"not_picked":["Deflect","Flying Knee"],"picked":"Acrobatics","floor":22},{"not_picked":["Acrobatics","Bane"],"picked":"All Out Attack","floor":23},{"not_picked":["Dagger Throw","Bullet Time"],"picked":"Backflip+1","floor":25},{"not_picked":["Acrobatics","Underhanded Strike"],"picked":"Cloak And Dagger","floor":28},{"not_picked":["Quick Slash","Blade Dance+1"],"picked":"Heel Hook","floor":35},{"not_picked":["Endless Agony+1","Choke"],"picked":"Tactician","floor":36},{"not_picked":["Choke+1","Heel Hook"],"picked":"Deflect+1","floor":39}],"player_experience":2068651,"relics_obtained":[{"floor":6,"key":"Incense Burner"},{"floor":8,"key":"Dodecahedron"},{"floor":9,"key":"Oddly Smooth Stone"},{"floor":25,"key":"Tiny Chest"},{"floor":29,"key":"Paper Crane"}],"event_choices":[{"damage_healed":0,"gold_gain":0,"player_choice":"Ignored","damage_taken":0,"max_hp_gain":0,"max_hp_loss":0,"event_name":"Liars Game","floor":3,"gold_loss":0},{"damage_healed":0,"gold_gain":0,"player_choice":"Entered Light","damage_taken":14,"max_hp_gain":0,"max_hp_loss":0,"event_name":"Shining Light","floor":13,"gold_loss":0,"cards_upgraded":["Deflect","Dagger Throw"]},{"damage_healed":0,"gold_gain":100,"player_choice":"Pray","damage_taken":0,"max_hp_gain":0,"max_hp_loss":0,"event_name":"Golden Shrine","floor":19,"gold_loss":0},{"damage_healed":0,"gold_gain":0,"player_choice":"Opened","damage_taken":0,"relics_obtained":["Regal Pillow"],"max_hp_gain":0,"max_hp_loss":0,"event_name":"The Mausoleum","floor":30,"gold_loss":0},{"damage_healed":0,"gold_gain":0,"player_choice":"Ignored","damage_taken":0,"max_hp_gain":0,"max_hp_loss":0,"event_name":"WeMeetAgain","floor":38,"gold_loss":0}],"is_beta":false,"boss_relics":[{"not_picked":["White Beast Statue","Runic Dome"],"picked":"Pandora\u0027s Box"},{"not_picked":["Runic Pyramid","Lizard Tail"],"picked":"WristBlade"}],"items_purged_floors":[20],"is_endless":false,"potions_floor_spawned":[1,6,8,11,16,18,21,22],"killed_by":"Reptomancer","ascension_level":13}