{"gold_per_floor":[110,124,49,67,83,83,94,120,120,149,164,180,180,209,209,284,284,302,318,343,363,363,363,363,388,465,345,345,345,12,29,29,29],"floor_reached":33,"playtime":3541,"items_purged":["Strike_R"],"score":499,"play_id":"19989113-52a1-4186-bda8-7b491088251c","local_time":"20190329220151","is_ascension_mode":true,"campfire_choices":[{"data":"True Grit","floor":6.0,"key":"SMITH"},{"floor":13.0,"key":"REST"},{"data":"Shockwave","floor":15.0,"key":"SMITH"},{"floor":23,"key":"REST"},{"floor":28,"key":"REST"},{"floor":32,"key":"REST"}],"neow_cost":"TEN_PERCENT_HP_LOSS","seed_source_timestamp":1893135877859369,"circlet_count":0,"master_deck":["AscendersBane","Strike_R","Defend_R","Defend_R","Bash","Seeing Red","True Grit+1","Cleave","Shockwave+1","Cleave","Combust","Clash","Brutality","Intimidate","Combust","Feed","True Grit","Blood for Blood+1","Headbutt","J.A.X.","Immolate","Disarm","Metallicize","Necronomicurse","Flex+1"],"special_seed":0,"relics":["Burning Blood","Ornamental Fan","Thread and Needle","Odd Mushroom","Dead Branch","Empty Cage","Red Mask","FossilizedHelix","Mercury Hourglass","Necronomicon","Ice Cream"],"potions_floor_usage":[16,16,18,25,25],"damage_taken":[{"damage":4.0,"enemies":"Jaw Worm","floor":1.0,"turns":6.0},{"damage":11.0,"enemies":"2 Louse","floor":2.0,"turns":3.0},{"damage":3.0,"enemies":"Small Slimes","floor":4.0,"turns":5.0},{"damage":34.0,"enemies":"Exordium Thugs","floor":5.0,"turns":6.0},{"damage":8.0,"enemies":"Blue Slaver","floor":7.0,"turns":7.0},{"damage":20.0,"enemies":"Gremlin Nob","floor":8.0,"turns":4.0},{"damage":10.0,"enemies":"The Mushroom Lair","floor":10.0,"turns":4.0},{"damage":3.0,"enemies":"Large Slime","floor":11.0,"turns":6.0},{"damage":7.0,"enemies":"3 Louse","floor":12.0,"turns":3.0},{"damage":4.0,"enemies":"3 Sentries","floor":14.0,"turns":4.0},{"damage":33,"enemies":"The Guardian","floor":16,"turns":10},{"damage":18,"enemies":"Shell Parasite","floor":18,"turns":5},{"damage":20,"enemies":"Chosen","floor":19,"turns":5},{"damage":18,"enemies":"Masked Bandits","floor":20,"turns":4},{"damage":12,"enemies":"Centurion and Healer","floor":21,"turns":7},{"damage":32,"enemies":"Slavers","floor":25,"turns":5},{"damage":9,"enemies":"Snecko","floor":31,"turns":5},{"damage":34,"enemies":"Collector","floor":33,"turns":6}],"seed_played":"5296756847113547812","potions_obtained":[{"floor":4.0,"key":"GamblersBrew"},{"floor":5.0,"key":"Strength Potion"},{"floor":11.0,"key":"SkillPotion"},{"floor":12.0,"key":"Strength Potion"},{"floor":14.0,"key":"GamblersBrew"},{"floor":16,"key":"SteroidPotion"},{"floor":20,"key":"Explosive Potion"},{"floor":21,"key":"LiquidBronze"},{"floor":25,"key":"Weak Potion"}],"is_trial":false,"path_per_floor":["M","M","$","M","M","R","M","E","T","?","M","M","R","E","R","B",null,"M","M","?","M","?","R","?","E","T","$","R","?","$","M","R","B"],"character_chosen":"IRONCLAD","items_purchased":["Disarm","Metallicize","Ice Cream"],"campfire_rested":4,"item_purchase_floors":[27,27,30],"current_hp_per_floor":[68,63,63,66,38,38,36,22,22,18,21,20,40,42,42,15,55,43,32,20,17,17,39,39,13,13,13,35,14,14,11,33,0],"gold":29,"neow_bonus":"REMOVE_TWO","is_prod":false,"is_daily":false,"chose_seed":false,"campfire_upgraded":2,"win_rate":0,"timestamp":1553911311,"path_taken":["M","M","$","M","M","R","M","E","T","?","M","M","R","E","R","BOSS","M","M","?","M","?","R","?","E","T","$","R","?","$","M","R","BOSS"],"build_version":"2019-01-23","purchased_purges":1,"victory":false,"max_hp_per_floor":[68,68,68,68,68,68,68,68,68,68,68,68,68,68,68,68,68,68,71,71,74,74,74,74,74,74,74,74,74,74,74,74,74],"card_choices":[{"not_picked":["Headbutt","Fire Breathing"],"picked":"Seeing Red","floor":1.0},{"not_picked":["Armaments","Headbutt"],"picked":"True Grit","floor":2.0},{"not_picked":["Seeing Red","Headbutt"],"picked":"Cleave","floor":4.0},{"not_picked":["Spot Weakness","Havoc"],"picked":"Shockwave","floor":5.0},{"not_picked":["Corruption","Rupture"],"picked":"Cleave","floor":7.0},{"not_picked":["Seeing Red","Twin Strike"],"picked":"Combust","floor":8.0},{"not_picked":["Wild Strike","Anger"],"picked":"Clash","floor":10.0},{"not_picked":["True Grit","Second Wind"],"picked":"Brutality","floor":11.0},{"not_picked":["Ghostly Armor","Twin Strike"],"picked":"Intimidate","floor":12.0},{"not_picked":["Body Slam","Anger"],"picked":"Combust","floor":14.0},{"not_picked":["Limit Break","Impervious"],"picked":"Feed","floor":16},{"not_picked":["Power Through","Wild Strike"],"picked":"True Grit","floor":18},{"not_picked":["Thunderclap","True Grit"],"picked":"Blood for Blood+1","floor":19},{"not_picked":["Flex","Warcry"],"picked":"Headbutt","floor":20},{"not_picked":["Havoc","Combust","Infernal Blade"],"picked":"SKIP","floor":21},{"not_picked":["Twin Strike","Clothesline"],"picked":"Immolate","floor":25},{"not_picked":["Heavy Blade","Shockwave"],"picked":"Flex+1","floor":31}],"player_experience":2416920,"relics_obtained":[{"floor":8.0,"key":"Ornamental Fan"},{"floor":9.0,"key":"Thread and Needle"},{"floor":10.0,"key":"Odd Mushroom"},{"floor":14.0,"key":"Dead Branch"},{"floor":20,"key":"Red Mask"},{"floor":25,"key":"FossilizedHelix"},{"floor":26,"key":"Mercury Hourglass"},{"floor":29,"key":"Necronomicon"}],"event_choices":[{"damage_healed":0.0,"max_hp_gain":0.0,"max_hp_loss":0.0,"gold_gain":0.0,"event_name":"Mushrooms","player_choice":"Fought Mushrooms","floor":10.0,"gold_loss":0.0,"damage_taken":0.0},{"damage_healed":0,"gold_gain":0,"player_choice":"Fought Bandits","damage_taken":0,"max_hp_gain":0,"max_hp_loss":0,"event_name":"Masked Bandits","floor":20,"gold_loss":0},{"damage_healed":0,"gold_gain":0,"player_choice":"Obtain J.A.X.","damage_taken":0,"max_hp_gain":0,"max_hp_loss":0,"event_name":"Drug Dealer","floor":22,"gold_loss":0,"cards_obtained":["J.A.X."]},{"cards_removed":["Strike_R"],"damage_healed":0,"gold_gain":0,"player_choice":"Elegance","damage_taken":0,"max_hp_gain":0,"max_hp_loss":0,"event_name":"Back to Basics","floor":24,"gold_loss":0},{"damage_healed":0,"gold_gain":0,"player_choice":"Obtained Book","damage_taken":21,"max_hp_gain":0,"max_hp_loss":0,"event_name":"Cursed Tome","floor":29,"gold_loss":0}],"is_beta":false,"boss_relics":[{"not_picked":["Busted Crown","Runic Dome"],"picked":"Empty Cage"}],"items_purged_floors":[3],"is_endless":false,"potions_floor_spawned":[4,5,11,12,14,16,20,21,25],"killed_by":"Collector","ascension_level":16}