{"gold_per_floor":[115,127,138,138,27,27,38,56,79,91,101,111,127,142,142,239,239,149,149],"floor_reached":19,"playtime":1279,"items_purged":[],"score":165,"play_id":"8f62242e-180a-4063-873e-d634973e984f","local_time":"20190703115724","is_ascension_mode":false,"campfire_choices":[{"data":"Sunder","floor":6,"key":"SMITH"},{"floor":15,"key":"REST"}],"neow_cost":"NONE","seed_source_timestamp":771940266432853,"circlet_count":0,"master_deck":["Strike_B","Strike_B","Strike_B","Defend_B","Defend_B","Defend_B","Defend_B","Zap","Dualcast","Sunder+1","Rebound","Doom and Gloom","Turbo","BootSequence","Force Field","Melter","Sunder","Barrage","Glacier","Self Repair","Ball Lightning","Doom and Gloom","Meteor Strike","Redo"],"relics":["FrozenCore","Strawberry"],"potions_floor_usage":[12,12,12,16,19],"damage_taken":[{"damage":0,"enemies":"2 Louse","floor":1,"turns":1},{"damage":1,"enemies":"Cultist","floor":2,"turns":3},{"damage":7,"enemies":"Small Slimes","floor":3,"turns":2},{"damage":6,"enemies":"Gremlin Gang","floor":7,"turns":4},{"damage":0,"enemies":"Large Slime","floor":8,"turns":3},{"damage":0,"enemies":"Exordium Wildlife","floor":10,"turns":2},{"damage":0,"enemies":"2 Fungi Beasts","floor":11,"turns":2},{"damage":0,"enemies":"Large Slime","floor":12,"turns":1},{"damage":8,"enemies":"Red Slaver","floor":13,"turns":4},{"damage":2,"enemies":"Blue Slaver","floor":14,"turns":3},{"damage":53,"enemies":"Hexaghost","floor":16,"turns":11},{"damage":14,"enemies":"2 Thieves","floor":18,"turns":5},{"damage":76,"enemies":"Masked Bandits","floor":19,"turns":6}],"seed_played":"-3509110277243253990","potions_obtained":[{"floor":2,"key":"AttackPotion"},{"floor":7,"key":"Strength Potion"},{"floor":10,"key":"Fire Potion"},{"floor":12,"key":"FearPotion"},{"floor":16,"key":"Weak Potion"}],"is_trial":false,"path_per_floor":["M","M","M","?","$","R","M","M","T","M","M","M","M","M","R","B",null,"M","?"],"character_chosen":"DEFECT","items_purchased":["BootSequence","Force Field"],"campfire_rested":1,"item_purchase_floors":[5,5],"current_hp_per_floor":[75,74,67,67,67,67,61,61,68,68,68,68,67,65,82,36,82,75,0],"gold":149,"neow_bonus":"THREE_CARDS","is_prod":false,"is_daily":false,"chose_seed":false,"campfire_upgraded":1,"win_rate":0.0,"timestamp":1562165844,"path_taken":["M","M","M","?","?","R","M","?","T","M","M","M","M","M","R","BOSS","M","?"],"build_version":"2019-07-01","purchased_purges":0,"victory":false,"max_hp_per_floor":[75,75,75,75,75,75,75,75,82,82,82,82,82,82,82,82,82,82,82],"card_choices":[{"not_picked":["Aggregate","Storm"],"picked":"Sunder","floor":0},{"not_picked":["Go for the Eyes","Beam Cell"],"picked":"Rebound","floor":1},{"not_picked":["Go for the Eyes","Compile Driver"],"picked":"Doom and Gloom","floor":2},{"not_picked":["Biased Cognition","Hologram"],"picked":"Turbo","floor":3},{"not_picked":["Chaos","Stack"],"picked":"Melter","floor":7},{"not_picked":["Barrage","Hologram"],"picked":"Sunder","floor":8},{"not_picked":["Go for the Eyes","Skim"],"picked":"Barrage","floor":10},{"not_picked":["Heatsinks","Compile Driver"],"picked":"Glacier","floor":11},{"not_picked":["Steam","Streamline"],"picked":"Self Repair","floor":12},{"not_picked":["Hologram","Rebound"],"picked":"Ball Lightning","floor":13},{"not_picked":["Lockon","Coolheaded"],"picked":"Doom and Gloom","floor":14},{"not_picked":["Creative AI","Machine Learning"],"picked":"Meteor Strike","floor":16},{"not_picked":["Scrape+1","Steam"],"picked":"Redo","floor":18}],"player_experience":68698,"relics_obtained":[{"floor":9,"key":"Strawberry"}],"event_choices":[{"cards_removed":["Strike_B"],"damage_healed":0,"gold_gain":0,"player_choice":"Purged","damage_taken":0,"max_hp_gain":0,"max_hp_loss":0,"event_name":"Purifier","floor":4,"gold_loss":0},{"damage_healed":0,"gold_gain":0,"player_choice":"Fought Bandits","damage_taken":0,"max_hp_gain":0,"max_hp_loss":0,"event_name":"Masked Bandits","floor":19,"gold_loss":0}],"is_beta":false,"boss_relics":[{"not_picked":["Runic Pyramid","Ectoplasm"],"picked":"FrozenCore"}],"items_purged_floors":[],"is_endless":false,"potions_floor_spawned":[2,7,10,11,12,16],"killed_by":"Masked Bandits","ascension_level":0}