{"gold_per_floor":[118,7,7,18,30,30,30,30,99,124,124,135,135,148,148,244,244,256,267,282,282,299,299,367,392,392,404,404],"floor_reached":28,"playtime":1793,"items_purged":["Strike_B"],"score":372,"play_id":"5641e20f-5ea2-4b4d-8a5f-fcef92919071","local_time":"20181123144353","is_ascension_mode":true,"campfire_choices":[{"data":"Zap","floor":6.0,"key":"SMITH"},{"data":"Hologram","floor":8.0,"key":"SMITH"},{"floor":11.0,"key":"REST"},{"data":"Echo Form","floor":13.0,"key":"SMITH"},{"data":"Hologram","floor":15.0,"key":"SMITH"},{"floor":23.0,"key":"REST"}],"neow_cost":"NONE","seed_source_timestamp":0,"circlet_count":0,"master_deck":["AscendersBane","Strike_B","Strike_B","Strike_B","Defend_B+1","Defend_B","Defend_B","Zap+1","Dualcast+1","Echo Form+1","Hologram+1","Doom and Gloom","Reboot","Redo","Lockon","Go for the Eyes","Hologram+1","Sweeping Beam","Biased Cognition","Sunder","Steam","Rebound","Turbo","Turbo"],"special_seed":0,"relics":["Cracked Core","Mummified Hand","War Paint","Busted Crown","Frozen Egg 2","Smiling Mask","Cables"],"potions_floor_usage":[],"damage_taken":[{"damage":2.0,"enemies":"Jaw Worm","floor":1.0,"turns":4.0},{"damage":5.0,"enemies":"Cultist","floor":4.0,"turns":4.0},{"damage":6.0,"enemies":"2 Louse","floor":5.0,"turns":3.0},{"damage":18.0,"enemies":"Gremlin Nob","floor":10.0,"turns":3.0},{"damage":2.0,"enemies":"Exordium Wildlife","floor":12.0,"turns":3.0},{"damage":8.0,"enemies":"Looter","floor":14.0,"turns":3.0},{"damage":35.0,"enemies":"Hexaghost","floor":16.0,"turns":11.0},{"damage":4.0,"enemies":"Chosen","floor":18.0,"turns":4.0},{"damage":26.0,"enemies":"2 Thieves","floor":19.0,"turns":3.0},{"damage":15.0,"enemies":"Snake Plant","floor":20.0,"turns":3.0},{"damage":6.0,"enemies":"Centurion and Healer","floor":22.0,"turns":4.0},{"damage":13.0,"enemies":"Gremlin Leader","floor":25.0,"turns":6.0},{"damage":2.0,"enemies":"Cultist and Chosen","floor":27.0,"turns":4.0},{"damage":18,"enemies":"3 Cultists","floor":28,"turns":3}],"seed_played":"809336428709268522","potions_obtained":[{"floor":1.0,"key":"SkillPotion"},{"floor":10.0,"key":"FearPotion"},{"floor":16.0,"key":"SpeedPotion"},{"floor":18.0,"key":"EssenceOfSteel"},{"floor":20.0,"key":"SteroidPotion"},{"floor":22.0,"key":"SkillPotion"}],"is_trial":false,"path_per_floor":["M","$","?","M","M","R","$","R","T","E","R","M","R","M","R","B",null,"M","M","M","?","M","R","T","E","T","M","M"],"character_chosen":"DEFECT","items_purchased":["Doom and Gloom"],"campfire_rested":2,"item_purchase_floors":[2],"current_hp_per_floor":[66,66,66,61,55,55,55,55,55,37,59,57,57,49,49,14,60,56,30,15,8,2,24,24,11,11,9,0],"gold":404,"neow_bonus":"ONE_RANDOM_RARE_CARD","is_prod":false,"is_daily":false,"chose_seed":false,"campfire_upgraded":4,"win_rate":0,"timestamp":1543002233,"path_taken":["M","$","?","?","?","R","?","R","T","E","R","?","R","M","R","BOSS","M","M","?","?","?","R","?","E","T","?","M"],"build_version":"2018-11-15","purchased_purges":1,"victory":false,"max_hp_per_floor":[75,75,75,75,75,75,75,75,75,75,75,75,75,75,75,75,75,75,75,75,75,75,75,75,75,75,75,75],"card_choices":[{"not_picked":["Compile Driver","Lockon"],"picked":"Hologram","floor":1.0},{"not_picked":["Streamline","Reprogram"],"picked":"Redo","floor":4.0},{"not_picked":["Barrage","Reprogram"],"picked":"Lockon","floor":5.0},{"not_picked":["Amplify","Redo"],"picked":"Go for the Eyes","floor":10.0},{"not_picked":["Stack","Compile Driver"],"picked":"Hologram","floor":12.0},{"not_picked":["Steam Power","Leap"],"picked":"Sweeping Beam","floor":14.0},{"not_picked":["Echo Form","Thunder Strike"],"picked":"Biased Cognition","floor":16.0},{"not_picked":[],"picked":"Sunder","floor":18.0},{"not_picked":[],"picked":"Steam","floor":19.0},{"not_picked":[],"picked":"Rebound","floor":20.0},{"not_picked":["Sweeping Beam"],"picked":"SKIP","floor":22.0},{"not_picked":[],"picked":"Turbo","floor":25.0},{"not_picked":[],"picked":"Turbo","floor":27.0}],"player_experience":2019760,"relics_obtained":[{"floor":9.0,"key":"Mummified Hand"},{"floor":10.0,"key":"War Paint"},{"floor":24.0,"key":"Frozen Egg 2"},{"floor":25.0,"key":"Smiling Mask"},{"floor":26.0,"key":"Cables"}],"event_choices":[{"damage_healed":0.0,"max_hp_gain":0.0,"max_hp_loss":0.0,"gold_gain":0.0,"cards_transformed":["Defend_B"],"event_name":"Transmorgrifier","player_choice":"Transformed","floor":3.0,"gold_loss":0.0,"damage_taken":0.0,"cards_obtained":["Reboot"]},{"damage_healed":0.0,"max_hp_gain":0.0,"max_hp_loss":0.0,"gold_gain":0.0,"event_name":"Wheel of Change","player_choice":"Damaged","floor":21.0,"gold_loss":0.0,"damage_taken":7.0}],"is_beta":false,"boss_relics":[{"not_picked":["Coffee Dripper","Astrolabe"],"picked":"Busted Crown"}],"items_purged_floors":[2],"is_endless":false,"potions_floor_spawned":[1,10,16,18,20,22],"killed_by":"3 Cultists","ascension_level":11}