{"gold_per_floor":[115,115,131,206,222,222,251,265,336,348,377,377,397,397,397,494,494,511,261,176,37,37,63,63,94,120,136,161,181,281,311,311,408,408,428,445,176,176,576,576,605,618,618,652,874,874,890,34,34,34,34,34,34,68,68],"floor_reached":56,"playtime":4576,"items_purged":["Strike_B","Strike_B"],"score":1527,"play_id":"def4dfa5-f0b9-490b-9cdb-c0b44739bf35","local_time":"20191019222612","is_ascension_mode":true,"campfire_choices":[{"data":"Zap","floor":6.0,"key":"SMITH"},{"data":"Coolheaded","floor":12.0,"key":"SMITH"},{"data":"Strike_B","floor":15.0,"key":"SMITH"},{"data":"Defragment","floor":24.0,"key":"SMITH"},{"data":"White Noise","floor":32,"key":"SMITH"},{"data":"Defragment","floor":40,"key":"SMITH"},{"floor":46,"key":"RECALL"},{"data":"Electrodynamics","floor":49,"key":"SMITH"},{"data":"Coolheaded","floor":52,"key":"SMITH"}],"neow_cost":"NONE","seed_source_timestamp":0,"circlet_count":0,"master_deck":["Strike_B+1","Defend_B","Defend_B","Defend_B","Defend_B","Zap+1","Dualcast","Conserve Battery","Ball Lightning","Coolheaded+1","Compile Driver","Go for the Eyes","Coolheaded+1","Ball Lightning","White Noise+1","Biased Cognition","Redo","White Noise+1","Defragment+1","FTL+1","Force Field+1","Chaos+1","Redo+1","Turbo+1","Fission+1","White Noise+1","Defragment+1","Deep Breath+1","Coolheaded+1","Chaos+1","Hologram+1","White Noise+1","White Noise+1","Electrodynamics+1","Apotheosis+1","Chaos+1"],"special_seed":0,"relics":["Cracked Core","Unceasing Top","Pantograph","Vajra","Mummified Hand","Coffee Dripper","Toxic Egg 2","Regal Pillow","Gambling Chip","Red Mask","PreservedInsect","Bag of Marbles","Bottled Flame","Black Star","Strange Spoon","Old Coin","Mango","Molten Egg 2","Oddly Smooth Stone","Nunchaku","ClockworkSouvenir","Letter Opener","Happy Flower","Strawberry"],"potions_floor_usage":[28,33,55,55,55],"damage_taken":[{"damage":1.0,"enemies":"Cultist","floor":1.0,"turns":3.0},{"damage":0.0,"enemies":"Small Slimes","floor":3.0,"turns":5.0},{"damage":0.0,"enemies":"Jaw Worm","floor":5.0,"turns":3.0},{"damage":10.0,"enemies":"3 Sentries","floor":7.0,"turns":7.0},{"damage":1.0,"enemies":"Red Slaver","floor":8.0,"turns":3.0},{"damage":0.0,"enemies":"Looter","floor":10.0,"turns":2.0},{"damage":4.0,"enemies":"Lagavulin","floor":11.0,"turns":5.0},{"damage":0.0,"enemies":"3 Louse","floor":13.0,"turns":1.0},{"damage":37.0,"enemies":"Hexaghost","floor":16.0,"turns":10.0},{"damage":7.0,"enemies":"Shell Parasite","floor":18.0,"turns":4.0},{"damage":5.0,"enemies":"Book of Stabbing","floor":23.0,"turns":5.0},{"damage":0.0,"enemies":"Masked Bandits","floor":25.0,"turns":3.0},{"damage":0,"enemies":"3 Byrds","floor":27,"turns":3},{"damage":2,"enemies":"Slavers","floor":28,"turns":3},{"damage":2,"enemies":"Cultist and Chosen","floor":29,"turns":3},{"damage":0,"enemies":"Gremlin Leader","floor":31,"turns":2},{"damage":0,"enemies":"Champ","floor":33,"turns":6},{"damage":1,"enemies":"3 Darklings","floor":35,"turns":3},{"damage":0,"enemies":"3 Shapes","floor":36,"turns":2},{"damage":0,"enemies":"Mind Bloom Boss Battle","floor":39,"turns":3},{"damage":0,"enemies":"Reptomancer","floor":41,"turns":3},{"damage":0,"enemies":"Maw","floor":42,"turns":5},{"damage":0,"enemies":"Giant Head","floor":44,"turns":3},{"damage":12,"enemies":"Writhing Mass","floor":47,"turns":4},{"damage":6,"enemies":"Time Eater","floor":50,"turns":5},{"damage":0,"enemies":"Shield and Spear","floor":54,"turns":3},{"damage":19,"enemies":"The Heart","floor":55,"turns":6}],"seed_played":"-4890920846093560830","potions_obtained":[{"floor":5.0,"key":"SkillPotion"},{"floor":8.0,"key":"Explosive Potion"},{"floor":11.0,"key":"Block Potion"},{"floor":13.0,"key":"Poison Potion"},{"floor":16.0,"key":"Ancient Potion"},{"floor":23.0,"key":"FocusPotion"},{"floor":28,"key":"Block Potion"},{"floor":35,"key":"Explosive Potion"},{"floor":41,"key":"Weak Potion"}],"is_trial":false,"path_per_floor":["M","?","M","?","M","R","E","M","T","M","E","R","M","T","R","B",null,"M","$","?","$","?","E","R","?","T","M","E","M","?","E","R","B",null,"M","M","$","?","?","R","E","M","T","E","?","R","M","$","R","B",null,"R","$","E","B",null],"character_chosen":"DEFECT","items_purchased":["Toxic Egg 2","White Noise+1","Defragment","Strange Spoon","Electrodynamics","ClockworkSouvenir","Apotheosis+1","Letter Opener","FocusPotion"],"campfire_rested":0,"item_purchase_floors":[19,21,21,37,48,48,48,48,48],"current_hp_per_floor":[81,74,74,63,63,63,53,52,52,52,48,48,48,48,48,36,82,75,75,75,75,75,70,70,70,70,70,68,66,66,66,66,82,82,81,81,81,81,82,82,96,96,96,96,96,96,84,84,84,90,96,96,96,103,84],"gold":68,"neow_bonus":"TEN_PERCENT_HP_BONUS","is_prod":false,"is_daily":false,"chose_seed":false,"campfire_upgraded":8,"win_rate":0,"timestamp":1571495172,"path_taken":["M","?","M","?","M","R","E","M","T","M","E","R","M","?","R","BOSS","M","$","?","$","?","E","R","?","T","M","E","M","?","E","R","BOSS","M","M","$","?","?","R","E","M","T","E","?","R","M","$","R","BOSS","R","$","E","BOSS"],"build_version":"2019-07-17","purchased_purges":2,"victory":true,"max_hp_per_floor":[82,82,82,82,82,82,82,82,82,82,82,82,82,82,82,82,82,82,82,82,82,82,82,82,82,82,82,82,82,82,82,82,82,82,82,82,82,82,82,82,96,96,96,96,96,96,96,96,96,96,96,96,96,103,103],"card_choices":[{"not_picked":["Rebound","Redo"],"picked":"Conserve Battery","floor":1.0},{"not_picked":["Self Repair","Melter"],"picked":"Ball Lightning","floor":3.0},{"not_picked":["Storm","Auto Shields"],"picked":"Coolheaded","floor":5.0},{"not_picked":["Rebound","Core Surge"],"picked":"Compile Driver","floor":7.0},{"not_picked":["Steam Power","Auto Shields"],"picked":"Go for the Eyes","floor":8.0},{"not_picked":["Blizzard","Turbo"],"picked":"Coolheaded","floor":10.0},{"not_picked":["Consume","Leap"],"picked":"Ball Lightning","floor":11.0},{"not_picked":["Leap","Consume"],"picked":"White Noise","floor":13.0},{"not_picked":["Multi-Cast","Reboot"],"picked":"Biased Cognition","floor":16.0},{"not_picked":["Recycle","Stack"],"picked":"Redo","floor":18.0},{"not_picked":["Ball Lightning","Beam Cell"],"picked":"FTL+1","floor":23.0},{"not_picked":["Rip and Tear","Sweeping Beam"],"picked":"Force Field+1","floor":25.0},{"not_picked":["Consume+1","Scrape"],"picked":"Chaos+1","floor":27},{"not_picked":["Reprogram+1","Fusion+1","Rip and Tear"],"picked":"SKIP","floor":28},{"not_picked":["Chill+1","Ball Lightning"],"picked":"Redo+1","floor":29},{"not_picked":["Streamline","Melter+1"],"picked":"Turbo+1","floor":31},{"not_picked":["Hyperbeam","Reboot+1"],"picked":"Fission+1","floor":33},{"not_picked":["Ball Lightning+1","Go for the Eyes+1"],"picked":"White Noise+1","floor":35},{"not_picked":["Reprogram+1","Redo+1"],"picked":"Defragment","floor":36},{"not_picked":["Good Instincts+1","Discovery+1"],"picked":"Deep Breath+1","floor":38},{"not_picked":["Gash+1","Redo+1"],"picked":"Coolheaded+1","floor":39},{"not_picked":["Go for the Eyes","Amplify+1"],"picked":"Chaos+1","floor":41},{"not_picked":["Static Discharge","Leap+1"],"picked":"Hologram+1","floor":42},{"not_picked":["Cold Snap+1","Doom and Gloom+1"],"picked":"White Noise+1","floor":44},{"not_picked":["Coolheaded+1","Sweeping Beam+1"],"picked":"White Noise+1","floor":47},{"not_picked":["Cold Snap+1","Steam+1"],"picked":"Chaos+1","floor":54}],"player_experience":208468,"relics_obtained":[{"floor":7.0,"key":"Unceasing Top"},{"floor":9.0,"key":"Pantograph"},{"floor":11.0,"key":"Vajra"},{"floor":14.0,"key":"Mummified Hand"},{"floor":23.0,"key":"Gambling Chip"},{"floor":25.0,"key":"Red Mask"},{"floor":26,"key":"PreservedInsect"},{"floor":28,"key":"Bag of Marbles"},{"floor":31,"key":"Bottled Flame"},{"floor":39,"key":"Old Coin"},{"floor":41,"key":"Mango"},{"floor":41,"key":"Molten Egg 2"},{"floor":44,"key":"Oddly Smooth Stone"},{"floor":44,"key":"Nunchaku"},{"floor":54,"key":"Happy Flower"},{"floor":54,"key":"Strawberry"}],"event_choices":[{"cards_removed":["Strike_B"],"damage_healed":0.0,"max_hp_gain":0.0,"max_hp_loss":0.0,"gold_gain":0.0,"event_name":"Golden Wing","player_choice":"Card Removal","floor":2.0,"gold_loss":0.0,"damage_taken":7.0},{"damage_healed":0.0,"max_hp_gain":0.0,"max_hp_loss":0.0,"gold_gain":75.0,"event_name":"World of Goop","player_choice":"Gather Gold","floor":4.0,"gold_loss":0.0,"damage_taken":11.0},{"damage_healed":0.0,"max_hp_gain":0.0,"max_hp_loss":0.0,"gold_gain":0.0,"event_name":"Addict","player_choice":"Obtained Relic","floor":20.0,"gold_loss":85.0,"damage_taken":0.0,"relics_obtained":["Regal Pillow"]},{"damage_healed":0.0,"max_hp_gain":0.0,"max_hp_loss":0.0,"gold_gain":0.0,"event_name":"Ghosts","player_choice":"Ignored","floor":22.0,"gold_loss":0.0,"damage_taken":0.0},{"damage_healed":0.0,"max_hp_gain":0.0,"max_hp_loss":0.0,"gold_gain":0.0,"event_name":"Masked Bandits","player_choice":"Fought Bandits","floor":25.0,"gold_loss":0.0,"damage_taken":0.0},{"damage_healed":0,"gold_gain":100,"player_choice":"Pray","damage_taken":0,"max_hp_gain":0,"max_hp_loss":0,"event_name":"Golden Shrine","floor":30,"gold_loss":0},{"damage_healed":0,"gold_gain":0,"player_choice":"Memory 1","damage_taken":0,"max_hp_gain":0,"max_hp_loss":0,"event_name":"SensoryStone","floor":38,"gold_loss":0},{"damage_healed":0,"gold_gain":0,"player_choice":"Fight","damage_taken":0,"max_hp_gain":0,"max_hp_loss":0,"event_name":"MindBloom","floor":39,"gold_loss":0},{"damage_healed":0,"gold_gain":222,"player_choice":"Wore Mask","damage_taken":0,"max_hp_gain":0,"max_hp_loss":0,"event_name":"Tomb of Lord Red Mask","floor":45,"gold_loss":0}],"is_beta":false,"boss_relics":[{"not_picked":["Eternal Feather","FrozenCore"],"picked":"Coffee Dripper"},{"not_picked":["Nuclear Battery","Lizard Tail"],"picked":"Black Star"}],"items_purged_floors":[37,48],"is_endless":false,"potions_floor_spawned":[5,8,11,13,16,23,25,28,31,35,41,54],"ascension_level":1}