{"gold_per_floor":[12,31,48,59,76,102,102,434,510,510,510,521,126,151,151,222,222,238,252,252,70,70,101,101,115,115,42,70,116,128,65,77,163,175,202,214,245,281,293],"floor_reached":39,"playtime":4198,"items_purged":["Strike_B"],"score":797,"play_id":"1fb88a8e-25c6-49d8-a60a-46ca10057165","local_time":"20190302005454","is_ascension_mode":true,"campfire_choices":[{"floor":7.0,"key":"REST"},{"floor":11.0,"key":"REST"},{"floor":15.0,"key":"REST"},{"floor":24.0,"key":"REST"},{"floor":30,"key":"REST"},{"data":"Hologram","floor":32,"key":"SMITH"}],"neow_cost":"NO_GOLD","seed_source_timestamp":1051367279607389,"circlet_count":0,"master_deck":["AscendersBane","Strike_B","Defend_B","Defend_B","Defend_B","Zap","Dualcast","Reinforced Body","Sunder+1","Beam Cell","Gash","Ball Lightning","Biased Cognition","Fusion+1","Compile Driver","Sweeping Beam","Electrodynamics","Machine Learning","Coolheaded","Conserve Battery","Reinforced Body","Reinforced Body","Hologram","Hologram+1","Loop+1","Core Surge","Streamline+1","Double Energy"],"special_seed":0,"relics":["Cracked Core","Calipers","Bronze Scales","Old Coin","The Courier","Pen Nib","Chemical X","Nunchaku","Empty Cage","OrangePellets","Boot","MawBank","Oddly Smooth Stone","Lantern","White Beast Statue","Bag of Preparation"],"potions_floor_usage":[39],"damage_taken":[{"damage":9.0,"enemies":"2 Louse","floor":1.0,"turns":2.0},{"damage":0.0,"enemies":"Small Slimes","floor":2.0,"turns":6.0},{"damage":5.0,"enemies":"Cultist","floor":3.0,"turns":4.0},{"damage":11.0,"enemies":"Exordium Thugs","floor":4.0,"turns":2.0},{"damage":0.0,"enemies":"3 Louse","floor":5.0,"turns":3.0},{"damage":13.0,"enemies":"3 Sentries","floor":6.0,"turns":6.0},{"damage":27.0,"enemies":"Gremlin Nob","floor":8.0,"turns":5.0},{"damage":10.0,"enemies":"2 Fungi Beasts","floor":12.0,"turns":3.0},{"damage":10.0,"enemies":"Lagavulin","floor":14.0,"turns":6.0},{"damage":23.0,"enemies":"Slime Boss","floor":16.0,"turns":6.0},{"damage":23.0,"enemies":"2 Thieves","floor":18.0,"turns":3.0},{"damage":0.0,"enemies":"Chosen","floor":19.0,"turns":3.0},{"damage":0.0,"enemies":"Snake Plant","floor":22.0,"turns":1.0},{"damage":29.0,"enemies":"Slavers","floor":23.0,"turns":3.0},{"damage":0,"enemies":"Cultist and Chosen","floor":25,"turns":4},{"damage":0,"enemies":"Sentry and Sphere","floor":28,"turns":6},{"damage":13,"enemies":"Book of Stabbing","floor":29,"turns":6},{"damage":6,"enemies":"Champ","floor":33,"turns":13},{"damage":9,"enemies":"Orb Walker","floor":35,"turns":3},{"damage":35,"enemies":"3 Darklings","floor":37,"turns":5},{"damage":17,"enemies":"4 Shapes","floor":39,"turns":1}],"seed_played":"6491397827375685451","potions_obtained":[{"floor":1.0,"key":"SkillPotion"},{"floor":3.0,"key":"FocusPotion"},{"floor":5.0,"key":"Block Potion"},{"floor":6.0,"key":"Weak Potion"},{"floor":14.0,"key":"Strength Potion"},{"floor":19.0,"key":"SmokeBomb"},{"floor":23.0,"key":"EntropicBrew"},{"floor":25,"key":"Block Potion"},{"floor":35,"key":"Weak Potion"},{"floor":37,"key":"FocusPotion"}],"is_trial":false,"path_per_floor":["M","M","M","M","M","E","R","E","T","?","R","M","$","E","R","B",null,"M","M","?","$","M","E","R","M","T","?","M","E","R","?","R","B",null,"M","?","M","T","M"],"character_chosen":"DEFECT","items_purchased":["Pen Nib","Chemical X","Sweeping Beam","OrangePellets","Reinforced Body"],"campfire_rested":5,"item_purchase_floors":[13,13,13,21,21],"current_hp_per_floor":[55,55,50,39,39,26,47,20,20,20,41,31,31,21,42,19,58,35,35,35,35,35,6,27,27,27,27,27,14,35,35,35,29,61,52,52,17,17,0],"gold":293,"neow_bonus":"ONE_RARE_RELIC","is_prod":false,"is_daily":false,"chose_seed":false,"campfire_upgraded":1,"win_rate":0,"timestamp":1551506094,"path_taken":["M","M","M","M","M","E","R","E","T","?","R","M","$","E","R","BOSS","M","M","?","$","M","E","R","M","T","?","M","E","R","?","R","BOSS","M","?","?","?","M"],"build_version":"2019-01-23","purchased_purges":1,"victory":false,"max_hp_per_floor":[71,71,71,71,71,71,71,71,71,71,71,71,71,71,71,71,71,71,71,71,71,71,71,71,71,71,71,71,71,71,71,71,71,71,71,71,71,71,71],"card_choices":[{"not_picked":["Barrage","Coolheaded"],"picked":"Reinforced Body","floor":1.0},{"not_picked":["Stack","Conserve Battery"],"picked":"Sunder","floor":2.0},{"not_picked":["Barrage","Gash"],"picked":"Beam Cell","floor":3.0},{"not_picked":["Darkness","Steam"],"picked":"Gash","floor":4.0},{"not_picked":["Biased Cognition","Hologram"],"picked":"Ball Lightning","floor":5.0},{"not_picked":["Chaos","Sunder"],"picked":"Biased Cognition","floor":6.0},{"not_picked":["Rip and Tear","Chaos"],"picked":"Fusion","floor":8.0},{"not_picked":["Stack","Force Field"],"picked":"Compile Driver","floor":12.0},{"not_picked":["Sweeping Beam","Chaos"],"picked":"Electrodynamics","floor":14.0},{"not_picked":["Hyperbeam","Rainbow"],"picked":"Machine Learning","floor":16.0},{"not_picked":["Beam Cell","Leap"],"picked":"Coolheaded","floor":18.0},{"not_picked":["Sweeping Beam","Turbo"],"picked":"Conserve Battery","floor":19.0},{"not_picked":["Meteor Strike","Conserve Battery"],"picked":"Reinforced Body","floor":23.0},{"not_picked":["Beam Cell","Turbo"],"picked":"Hologram","floor":25},{"not_picked":["Darkness","Coolheaded"],"picked":"Hologram","floor":28},{"not_picked":["Double Energy","Recycle"],"picked":"Loop+1","floor":29},{"not_picked":["Electrodynamics","Amplify"],"picked":"Core Surge","floor":33},{"not_picked":["Genetic Algorithm","Cold Snap"],"picked":"Streamline+1","floor":35},{"not_picked":["Leap","BootSequence"],"picked":"Double Energy","floor":37}],"player_experience":2319309,"relics_obtained":[{"floor":6.0,"key":"Bronze Scales"},{"floor":8.0,"key":"Old Coin"},{"floor":9.0,"key":"The Courier"},{"floor":14.0,"key":"Nunchaku"},{"floor":23.0,"key":"Boot"},{"floor":26,"key":"MawBank"},{"floor":29,"key":"Lantern"},{"floor":38,"key":"Bag of Preparation"}],"event_choices":[{"damage_healed":0.0,"max_hp_gain":0.0,"max_hp_loss":0.0,"gold_gain":0.0,"event_name":"Living Wall","player_choice":"Grow","floor":10.0,"gold_loss":0.0,"damage_taken":0.0,"cards_upgraded":["Fusion"]},{"damage_healed":0.0,"max_hp_gain":0.0,"max_hp_loss":0.0,"gold_gain":0.0,"event_name":"The Mausoleum","player_choice":"Ignored","floor":20.0,"gold_loss":0.0,"damage_taken":0.0},{"damage_healed":0,"gold_gain":0,"player_choice":"Obtained Relic","damage_taken":0,"relics_obtained":["Oddly Smooth Stone"],"max_hp_gain":0,"max_hp_loss":0,"event_name":"Addict","floor":27,"gold_loss":85},{"cards_removed":["Strike_B"],"damage_healed":0,"gold_gain":0,"player_choice":"Gave Gold","damage_taken":0,"max_hp_gain":0,"max_hp_loss":0,"event_name":"Beggar","floor":31,"gold_loss":75},{"damage_healed":0,"gold_gain":0,"player_choice":"Upgraded","damage_taken":0,"max_hp_gain":0,"max_hp_loss":0,"event_name":"Upgrade Shrine","floor":36,"gold_loss":0,"cards_upgraded":["Sunder"]}],"is_beta":false,"boss_relics":[{"not_picked":["Tiny House","Pandora\u0027s Box"],"picked":"Empty Cage"},{"not_picked":["Philosopher\u0027s Stone","Velvet Choker"],"picked":"White Beast Statue"}],"items_purged_floors":[13],"is_endless":false,"potions_floor_spawned":[1,3,5,6,14,19,23,25,33,35,37],"killed_by":"4 Shapes","ascension_level":15}