{"gold_per_floor":[118,118,128,128,108,108,120,120,145,145,220,220,237,251,251,355,355,367,367,14,26,76,76,87,87,87,98,114,39,39,13,13,109,109,126,126,8,8,28,28,1,1,1,1,14,14,14],"floor_reached":47,"playtime":1820,"items_purged":[],"score":411,"play_id":"1cc2567c-1ee5-430e-99a2-87eccc6698cd","local_time":"20190717145522","is_ascension_mode":false,"campfire_choices":[{"data":"Finisher","floor":6,"key":"SMITH"},{"data":"Blur","floor":8,"key":"SMITH"},{"floor":12,"key":"REST"},{"data":"Deadly Poison","floor":15,"key":"SMITH"},{"floor":23,"key":"REST"},{"floor":25,"key":"REST"},{"floor":32,"key":"REST"},{"floor":40,"key":"REST"},{"data":"Finisher","floor":44,"key":"SMITH"},{"floor":46,"key":"REST"}],"neow_cost":"NONE","seed_source_timestamp":188610808431298,"circlet_count":0,"master_deck":["Strike_G","Strike_G","Strike_G","Strike_G","Strike_G","Defend_G","Defend_G","Defend_G","Defend_G","Survivor","Backstab","Caltrops+1","Finisher+1","Blur+1","Deadly Poison+1","Blade Dance","Infinite Blades","Backstab","Dodge and Roll","Noxious Fumes","Dagger Spray","Cloak And Dagger+1","Finisher+1","Dagger Spray","Sucker Punch","Dodge and Roll","Bullet Time","Cloak And Dagger+1","Caltrops","Bane","Writhe","Blade Dance","Deadly Poison","Dagger Spray+1"],"relics":["Ring of the Serpent","NeowsBlessing","Juzu Bracelet","Lizard Tail","Orichalcum","Regal Pillow","Blue Candle","Lantern"],"potions_floor_usage":[16,16,16,21,39,39,45],"damage_taken":[{"damage":0,"enemies":"2 Louse","floor":1,"turns":1},{"damage":0,"enemies":"Cultist","floor":3,"turns":1},{"damage":0,"enemies":"Jaw Worm","floor":7,"turns":1},{"damage":0,"enemies":"Large Slime","floor":13,"turns":4},{"damage":8,"enemies":"Red Slaver","floor":14,"turns":3},{"damage":12,"enemies":"The Guardian","floor":16,"turns":11},{"damage":20,"enemies":"Chosen","floor":18,"turns":8},{"damage":15,"enemies":"3 Byrds","floor":21,"turns":3},{"damage":23,"enemies":"Centurion and Healer","floor":24,"turns":12},{"damage":34,"enemies":"Snecko","floor":27,"turns":7},{"damage":23,"enemies":"Chosen and Byrds","floor":28,"turns":7},{"damage":80,"enemies":"Automaton","floor":33,"turns":11},{"damage":28,"enemies":"Orb Walker","floor":35,"turns":5},{"damage":32,"enemies":"3 Darklings","floor":39,"turns":7},{"damage":38,"enemies":"Jaw Worm Horde","floor":45,"turns":6},{"damage":91,"enemies":"Maw","floor":47,"turns":9}],"seed_played":"-4477795153948209575","potions_obtained":[{"floor":1,"key":"Ancient Potion"},{"floor":3,"key":"GhostInAJar"},{"floor":5,"key":"Regen Potion"},{"floor":7,"key":"Dexterity Potion"},{"floor":14,"key":"Block Potion"},{"floor":18,"key":"EssenceOfSteel"},{"floor":33,"key":"LiquidBronze"},{"floor":35,"key":"Ancient Potion"},{"floor":39,"key":"Regen Potion"}],"is_trial":false,"path_per_floor":["M","?","M","?","?","R","M","R","T","?","?","R","M","M","R","B",null,"M","?","$","M","T","R","M","R","T","M","M","?","?","$","R","B",null,"M","?","$","?","M","R","$","?","T","R","M","R","M"],"character_chosen":"THE_SILENT","items_purchased":["Backstab","Orichalcum","Dodge and Roll","Noxious Fumes","Dagger Spray","Dodge and Roll","Caltrops","Bane","Deadly Poison"],"campfire_rested":6,"item_purchase_floors":[20,20,20,20,20,31,37,37,41],"current_hp_per_floor":[70,70,70,70,70,70,70,70,70,70,59,70,70,62,62,62,70,50,80,80,65,65,80,57,80,80,46,23,23,23,23,62,22,80,52,52,52,72,40,79,79,71,71,71,48,80,0],"gold":14,"neow_bonus":"THREE_ENEMY_KILL","is_prod":false,"is_daily":false,"chose_seed":false,"campfire_upgraded":4,"win_rate":0.0,"timestamp":1563386122,"path_taken":["M","?","?","?","?","R","M","R","T","?","?","R","M","M","R","BOSS","M","?","?","M","?","R","M","R","T","M","M","?","?","$","R","BOSS","M","?","$","?","M","R","$","?","T","R","M","R","M"],"build_version":"2019-07-05","purchased_purges":0,"victory":false,"max_hp_per_floor":[70,70,70,70,70,70,70,70,70,70,70,70,70,70,70,70,70,70,80,80,80,80,80,80,80,80,80,80,80,80,80,80,80,80,80,80,80,80,80,80,80,80,80,80,80,80,80],"card_choices":[{"not_picked":["Skewer","Crippling Poison"],"picked":"Backstab","floor":1},{"not_picked":["Cloak And Dagger","Caltrops"],"picked":"Finisher","floor":3},{"not_picked":["Poisoned Stab","Slice"],"picked":"Blur","floor":7},{"not_picked":["PiercingWail","Outmaneuver"],"picked":"Deadly Poison","floor":13},{"not_picked":["Quick Slash","Deadly Poison"],"picked":"Blade Dance","floor":14},{"not_picked":["Unload","Malaise"],"picked":"Phantasmal Killer","floor":16},{"not_picked":["Backflip","Dagger Throw"],"picked":"Infinite Blades","floor":18},{"not_picked":["Outmaneuver","Dodge and Roll+1"],"picked":"Cloak And Dagger+1","floor":21},{"not_picked":["Slice+1","Riddle With Holes+1"],"picked":"Finisher","floor":24},{"not_picked":["Sucker Punch","Doppelganger"],"picked":"Dagger Spray","floor":27},{"not_picked":["Outmaneuver","Underhanded Strike"],"picked":"Sucker Punch","floor":28},{"not_picked":["Wraith Form v2","Tools of the Trade"],"picked":"Bullet Time","floor":33},{"not_picked":["Outmaneuver","Deadly Poison+1"],"picked":"Cloak And Dagger+1","floor":35},{"not_picked":["Cloak And Dagger","Acrobatics"],"picked":"Blade Dance","floor":39},{"not_picked":["Tactician","Underhanded Strike"],"picked":"Dagger Spray+1","floor":45}],"player_experience":188735,"relics_obtained":[{"floor":9,"key":"Juzu Bracelet"},{"floor":22,"key":"Regal Pillow"},{"floor":26,"key":"Blue Candle"},{"floor":43,"key":"Lantern"}],"event_choices":[{"damage_healed":0,"gold_gain":0,"cards_transformed":["Neutralize"],"player_choice":"Transformed","damage_taken":0,"max_hp_gain":0,"max_hp_loss":0,"event_name":"Transmorgrifier","floor":2,"gold_loss":0,"cards_obtained":["Caltrops"]},{"damage_healed":0,"gold_gain":0,"player_choice":"Ignored","damage_taken":0,"max_hp_gain":0,"max_hp_loss":0,"event_name":"Golden Idol","floor":4,"gold_loss":0},{"damage_healed":0,"gold_gain":0,"player_choice":"Bought 1 Potion","damage_taken":0,"max_hp_gain":0,"max_hp_loss":0,"event_name":"The Woman in Blue","floor":5,"gold_loss":0},{"damage_healed":0,"gold_gain":0,"player_choice":"Grow","damage_taken":0,"max_hp_gain":0,"max_hp_loss":0,"event_name":"Living Wall","floor":10,"gold_loss":0,"cards_upgraded":["Caltrops"]},{"damage_healed":0,"gold_gain":75,"player_choice":"Gather Gold","damage_taken":11,"max_hp_gain":0,"max_hp_loss":0,"event_name":"World of Goop","floor":11,"gold_loss":0},{"cards_removed":["Phantasmal Killer"],"damage_healed":20,"gold_gain":0,"player_choice":"Offered Rare","damage_taken":0,"max_hp_gain":10,"max_hp_loss":0,"event_name":"Bonfire Elementals","floor":19,"gold_loss":0},{"cards_removed":["Defend_G"],"damage_healed":0,"gold_gain":0,"player_choice":"Gave Gold","damage_taken":0,"max_hp_gain":0,"max_hp_loss":0,"event_name":"Beggar","floor":29,"gold_loss":75},{"damage_healed":0,"gold_gain":0,"player_choice":"Ignored","damage_taken":0,"max_hp_gain":0,"max_hp_loss":0,"event_name":"NoteForYourself","floor":30,"gold_loss":0},{"damage_healed":0,"gold_gain":0,"player_choice":"Ignored","damage_taken":0,"max_hp_gain":0,"max_hp_loss":0,"event_name":"Mysterious Sphere","floor":36,"gold_loss":0},{"damage_healed":20,"gold_gain":0,"player_choice":"Writhe","damage_taken":0,"max_hp_gain":0,"max_hp_loss":0,"event_name":"Winding Halls","floor":38,"gold_loss":0,"cards_obtained":["Writhe"]},{"damage_healed":0,"gold_gain":0,"player_choice":"Damaged","damage_taken":8,"max_hp_gain":0,"max_hp_loss":0,"event_name":"Wheel of Change","floor":42,"gold_loss":0}],"is_beta":false,"boss_relics":[{"not_picked":["Busted Crown","Calling Bell"],"picked":"Lizard Tail"},{"not_picked":["Pandora\u0027s Box","HoveringKite"],"picked":"Ring of the Serpent"}],"items_purged_floors":[],"is_endless":false,"potions_floor_spawned":[1,3,7,14,18,33,35,39],"killed_by":"Maw","ascension_level":0}