{"gold_per_floor":[115,115,129,76,76,76,88,121,172,217,239,251,274,304,316,328],"floor_reached":16,"playtime":2143,"items_purged":[],"score":224,"play_id":"cd945fc4-0403-43d3-93fa-0d5c87f08f05","local_time":"20190723235104","is_ascension_mode":true,"campfire_choices":[{"data":"Disarm","floor":6,"key":"SMITH"},{"data":"Shockwave","floor":15,"key":"SMITH"}],"neow_cost":"NONE","seed_source_timestamp":372897857314032,"circlet_count":0,"master_deck":["AscendersBane","Strike_R","Strike_R","Strike_R","Strike_R","Strike_R","Defend_R","Defend_R","Defend_R","Bash","Disarm+1","Sword Boomerang+1","Cleave+1","Shockwave+1","Intimidate"],"relics":["Burning Blood","Orichalcum","Smiling Mask","MawBank","Bronze Scales"],"potions_floor_usage":[10,11,16,16],"damage_taken":[{"damage":6,"enemies":"Jaw Worm","floor":1,"turns":3},{"damage":1,"enemies":"2 Louse","floor":3,"turns":3},{"damage":0,"enemies":"Cultist","floor":7,"turns":3},{"damage":17,"enemies":"Lagavulin","floor":8,"turns":6},{"damage":2,"enemies":"3 Sentries","floor":10,"turns":6},{"damage":18,"enemies":"Exordium Wildlife","floor":11,"turns":4},{"damage":3,"enemies":"Looter","floor":13,"turns":3},{"damage":0,"enemies":"2 Fungi Beasts","floor":14,"turns":3},{"damage":39,"enemies":"Slime Boss","floor":16,"turns":6}],"seed_played":"1989369874733671613","potions_obtained":[{"floor":3,"key":"SkillPotion"},{"floor":8,"key":"PowerPotion"},{"floor":10,"key":"EssenceOfSteel"},{"floor":13,"key":"Swift Potion"}],"is_trial":false,"path_per_floor":["M","?","M","$","?","R","M","E","T","E","M","?","M","M","R","B"],"character_chosen":"IRONCLAD","items_purchased":["Cleave"],"campfire_rested":0,"item_purchase_floors":[4],"current_hp_per_floor":[68,61,66,66,43,43,49,38,38,42,30,30,33,39,39,0],"gold":328,"neow_bonus":"RANDOM_COMMON_RELIC","is_prod":false,"is_daily":false,"chose_seed":false,"campfire_upgraded":2,"win_rate":0,"timestamp":1563940264,"path_taken":["M","?","M","$","?","R","M","E","T","E","M","?","?","M","R","BOSS"],"build_version":"2019-01-23","purchased_purges":0,"victory":false,"max_hp_per_floor":[75,75,75,75,75,75,75,75,75,75,75,75,75,75,75,75],"card_choices":[{"not_picked":["Wild Strike","Clash"],"picked":"Disarm","floor":1},{"not_picked":["Havoc","Clash"],"picked":"Sword Boomerang","floor":3},{"not_picked":["Inflame","Twin Strike"],"picked":"Shockwave","floor":7},{"not_picked":["Seeing Red","Wild Strike"],"picked":"Intimidate","floor":8},{"not_picked":["Hemokinesis","Shockwave","Sword Boomerang"],"picked":"SKIP","floor":10},{"not_picked":["Clothesline","Flex","True Grit"],"picked":"SKIP","floor":11},{"not_picked":["Infernal Blade","Heavy Blade","True Grit"],"picked":"SKIP","floor":13},{"not_picked":["Dual Wield","Hemokinesis","Sword Boomerang"],"picked":"SKIP","floor":14}],"player_experience":2727234,"relics_obtained":[{"floor":8,"key":"Smiling Mask"},{"floor":9,"key":"MawBank"},{"floor":10,"key":"Bronze Scales"}],"event_choices":[{"cards_removed":["Defend_R"],"damage_healed":0,"gold_gain":0,"player_choice":"Card Removal","damage_taken":7,"max_hp_gain":0,"max_hp_loss":0,"event_name":"Golden Wing","floor":2,"gold_loss":0},{"damage_healed":0,"gold_gain":0,"player_choice":"Entered Light","damage_taken":23,"max_hp_gain":0,"max_hp_loss":0,"event_name":"Shining Light","floor":5,"gold_loss":0,"cards_upgraded":["Cleave","Sword Boomerang"]},{"damage_healed":0,"gold_gain":0,"player_choice":"Ignored","damage_taken":0,"max_hp_gain":0,"max_hp_loss":0,"event_name":"Liars Game","floor":12,"gold_loss":0}],"is_beta":false,"boss_relics":[],"items_purged_floors":[],"is_endless":false,"potions_floor_spawned":[3,8,10,13],"killed_by":"Slime Boss","ascension_level":20}