{"gold_per_floor":[119,69,43,43,57,92,116,116,116,116,14,14,46,56,56,153,153,165,182,182,145,145,145,177,177],"floor_reached":25,"playtime":1555,"items_purged":[],"score":338,"play_id":"82ab0e05-5ade-4272-a320-28b5d939d1c5","local_time":"20180930164143","is_ascension_mode":true,"campfire_choices":[{"data":"Neutralize","floor":10,"key":"SMITH"},{"data":"Cloak And Dagger","floor":12,"key":"SMITH"},{"data":"Storm of Steel","floor":15,"key":"SMITH"},{"data":"Adrenaline","floor":23,"key":"SMITH"}],"neow_cost":"NONE","seed_source_timestamp":339958887412744,"circlet_count":0,"master_deck":["Defend_G","Defend_G","Defend_G+1","Strike_G","Strike_G","Survivor+1","Neutralize+1","AscendersBane","Terror","Quick Slash","Cloak And Dagger+1","Poisoned Stab","Flash of Steel","All Out Attack","Storm of Steel+1","Adrenaline+1","Blade Dance+1","Distraction+1","Caltrops+1","Choke","Slice+1","J.A.X.","Well Laid Plans","Poisoned Stab"],"relics":["Ring of the Snake","War Paint","Strawberry","Snake Skull","Vajra","Bronze Scales","Astrolabe","Darkstone Periapt"],"potions_floor_usage":[6,13,22],"damage_taken":[{"damage":0,"enemies":"Small Slimes","floor":1,"turns":4},{"damage":0,"enemies":"Jaw Worm","floor":5,"turns":3},{"damage":14,"enemies":"Lagavulin","floor":6,"turns":6},{"damage":9,"enemies":"3 Sentries","floor":13,"turns":9},{"damage":0,"enemies":"2 Louse","floor":14,"turns":1},{"damage":23,"enemies":"Hexaghost","floor":16,"turns":8},{"damage":5,"enemies":"2 Thieves","floor":18,"turns":3},{"damage":0,"enemies":"3 Byrds","floor":19,"turns":3},{"damage":13,"enemies":"Colosseum Slavers","floor":22,"turns":3},{"damage":27,"enemies":"Gremlin Leader","floor":24,"turns":3},{"damage":28,"enemies":"Cultist and Chosen","floor":25,"turns":4}],"seed_played":"7539829166596035042","potions_obtained":[{"floor":1,"key":"Explosive Potion"},{"floor":5,"key":"Regen Potion"},{"floor":19,"key":"Fire Potion"},{"floor":24,"key":"Strength Potion"}],"is_trial":false,"path_per_floor":["M","?","$","?","M","E","T","?","T","R","$","R","E","M","R","B",null,"M","M","?","$","?","R","E"],"character_chosen":"THE_SILENT","items_purchased":["Quick Slash","Flash of Steel","Well Laid Plans"],"campfire_rested":0,"item_purchase_floors":[3,11,21],"current_hp_per_floor":[63,63,63,63,63,56,56,56,56,56,56,56,62,62,62,39,68,63,63,63,63,50,50,23,0],"gold":177,"neow_bonus":"RANDOM_COMMON_RELIC","is_prod":false,"is_daily":false,"chose_seed":false,"campfire_upgraded":4,"win_rate":0,"timestamp":1538340103,"path_taken":["M","?","$","?","?","E","?","?","T","R","?","R","E","?","R","BOSS","M","M","?","$","?","R","E","M"],"build_version":"2018-08-23v2","purchased_purges":0,"victory":false,"max_hp_per_floor":[70,70,70,70,70,77,77,77,77,77,77,77,77,77,77,77,77,77,77,77,77,77,77,77,77],"card_choices":[{"not_picked":["Flechettes","Deflect"],"picked":"Terror","floor":1},{"not_picked":["Endless Agony","Slice"],"picked":"Cloak And Dagger","floor":5},{"not_picked":["PiercingWail","Deadly Poison"],"picked":"Poisoned Stab","floor":6},{"not_picked":["Outmaneuver","Eviscerate"],"picked":"All Out Attack","floor":13},{"not_picked":["Prepared","Dagger Throw"],"picked":"Storm of Steel","floor":14},{"not_picked":["Die Die Die","Glass Knife"],"picked":"Adrenaline","floor":16},{"not_picked":["Sucker Punch+1","Underhanded Strike"],"picked":"Choke","floor":18},{"not_picked":["Skewer","Poisoned Stab"],"picked":"Slice+1","floor":19},{"not_picked":["Dodge and Roll","Bane"],"picked":"Poisoned Stab","floor":24}],"player_experience":1789231,"relics_obtained":[{"floor":6,"key":"Strawberry"},{"floor":7,"key":"Snake Skull"},{"floor":9,"key":"Vajra"},{"floor":13,"key":"Bronze Scales"},{"floor":24,"key":"Darkstone Periapt"}],"event_choices":[{"event_name":"The Cleric","player_choice":"Card Removal","floor":2,"damage_taken":0},{"event_name":"Liars Game","player_choice":"disagreed","floor":4,"damage_taken":0},{"event_name":"Living Wall","player_choice":"Forget","floor":8,"damage_taken":0},{"event_name":"Drug Dealer","player_choice":"Got JAX","floor":20,"damage_taken":0},{"event_name":"Colosseum","player_choice":"Fight","floor":22,"damage_taken":0},{"event_name":"Colosseum","player_choice":"Fled From Nobs","floor":22,"damage_taken":0}],"is_beta":false,"boss_relics":[{"not_picked":["Eternal Feather","Orrery"],"picked":"Astrolabe"}],"items_purged_floors":[],"is_endless":false,"potions_floor_spawned":[1,5,19,22,24],"killed_by":"Cultist and Chosen","ascension_level":10}