{"gold_per_floor":[113,128,139,64,80,107,126,76,76,76],"floor_reached":10,"playtime":957,"items_purged":["Strike_G"],"score":70,"play_id":"55a10ddf-d4e2-4436-9d32-d64c1d38bc53","local_time":"20191013155515","is_ascension_mode":false,"campfire_choices":[],"neow_cost":"NONE","seed_source_timestamp":0,"circlet_count":0,"master_deck":["Strike_G","Strike_G","Strike_G","Defend_G","Defend_G","Defend_G","Defend_G","Defend_G","Survivor","Neutralize","Blade Dance","Dagger Throw","Catalyst","Well Laid Plans","Poisoned Stab","Underhanded Strike"],"special_seed":0,"relics":["Ring of the Snake","Ice Cream"],"potions_floor_usage":[],"damage_taken":[{"damage":0.0,"enemies":"Small Slimes","floor":1.0,"turns":3.0},{"damage":0.0,"enemies":"Jaw Worm","floor":2.0,"turns":4.0},{"damage":0.0,"enemies":"2 Louse","floor":3.0,"turns":2.0},{"damage":15.0,"enemies":"Lots of Slimes","floor":5.0,"turns":5.0},{"damage":33.0,"enemies":"3 Sentries","floor":6.0,"turns":13.0},{"damage":11.0,"enemies":"Large Slime","floor":7.0,"turns":8.0},{"damage":20,"enemies":"Lagavulin","floor":10,"turns":6}],"seed_played":"7482153482039756768","potions_obtained":[{"floor":1.0,"key":"Energy Potion"},{"floor":6.0,"key":"LiquidBronze"},{"floor":7,"key":"Block Potion"}],"is_trial":false,"path_per_floor":["M","M","M","$","M","E","M","?","T","E"],"character_chosen":"THE_SILENT","items_purchased":[],"campfire_rested":0,"item_purchase_floors":[],"current_hp_per_floor":[77,77,77,77,62,29,18,18,18,0],"gold":76,"neow_bonus":"TEN_PERCENT_HP_BONUS","is_prod":false,"is_daily":false,"chose_seed":false,"campfire_upgraded":0,"win_rate":0,"timestamp":1570953315,"path_taken":["M","M","M","$","M","E","M","?","T","E"],"build_version":"2019-07-17","purchased_purges":1,"victory":false,"max_hp_per_floor":[77,77,77,77,77,77,77,77,77,77],"card_choices":[{"not_picked":["Choke","Heel Hook"],"picked":"Blade Dance","floor":1.0},{"not_picked":["Acrobatics","Deflect"],"picked":"Dagger Throw","floor":2.0},{"not_picked":["Eviscerate","Deflect"],"picked":"Catalyst","floor":3.0},{"not_picked":["Tactician","Catalyst"],"picked":"Well Laid Plans","floor":5.0},{"not_picked":["Quick Slash","Choke"],"picked":"Poisoned Stab","floor":6.0},{"not_picked":["Deflect","Prepared"],"picked":"Underhanded Strike","floor":7}],"player_experience":170029,"relics_obtained":[{"floor":6.0,"key":"Ice Cream"}],"event_choices":[{"cards_removed":["Strike_G"],"damage_healed":0,"gold_gain":0,"player_choice":"Card Removal","damage_taken":0,"max_hp_gain":0,"max_hp_loss":0,"event_name":"The Cleric","floor":8,"gold_loss":50}],"is_beta":false,"boss_relics":[],"items_purged_floors":[4],"is_endless":false,"potions_floor_spawned":[1,6,7],"killed_by":"Lagavulin","ascension_level":0}