{"gold_per_floor":[109,129,140,140,140,140,202,202,202,202,202,218,243,262,262,362,412,430,46,65,42,69,69,0,0,0,10,10],"floor_reached":28,"playtime":987,"items_purged":[],"score":216,"play_id":"3227c6db-e9e3-4f36-a519-35d1a694926c","local_time":"20190717141720","is_ascension_mode":false,"campfire_choices":[{"data":"Dagger Spray","floor":6,"key":"SMITH"},{"data":"Dagger Spray","floor":8,"key":"SMITH"},{"data":"Backflip","floor":10,"key":"SMITH"},{"floor":15,"key":"REST"},{"data":"Accuracy","floor":23,"key":"SMITH"},{"data":"Corpse Explosion","floor":25,"key":"SMITH"}],"neow_cost":"NONE","seed_source_timestamp":187162432423917,"circlet_count":0,"master_deck":["Strike_G","Strike_G","Strike_G","Strike_G+1","Strike_G","Defend_G","Defend_G","Defend_G","Defend_G","Defend_G","Survivor","Neutralize","Envenom+1","Dagger Spray+1","Outmaneuver","Backflip+1","Dagger Spray+1","Dagger Throw","Envenom","Dagger Spray","Corpse Explosion+1","Accuracy+1","Blade Dance","Blade Dance","Quick Slash","Purity","Riddle With Holes","Outmaneuver","Blade Dance"],"relics":["Ring of the Snake","Blue Candle","Kunai","Boot","Tiny House","MealTicket","Vajra","Bottled Lightning"],"potions_floor_usage":[7,13,20,27,27],"damage_taken":[{"damage":1,"enemies":"Cultist","floor":1,"turns":5},{"damage":0,"enemies":"Jaw Worm","floor":2,"turns":5},{"damage":1,"enemies":"2 Louse","floor":3,"turns":2},{"damage":10,"enemies":"3 Sentries","floor":7,"turns":4},{"damage":8,"enemies":"Large Slime","floor":12,"turns":5},{"damage":2,"enemies":"3 Sentries","floor":13,"turns":4},{"damage":0,"enemies":"2 Fungi Beasts","floor":14,"turns":3},{"damage":25,"enemies":"Hexaghost","floor":16,"turns":9},{"damage":0,"enemies":"3 Byrds","floor":18,"turns":2},{"damage":1,"enemies":"Chosen","floor":20,"turns":4},{"damage":37,"enemies":"Shelled Parasite and Fungi","floor":27,"turns":4},{"damage":40,"enemies":"Sentry and Sphere","floor":28,"turns":4}],"seed_played":"-5379002556576586608","potions_obtained":[{"floor":1,"key":"Strength Potion"},{"floor":12,"key":"Dexterity Potion"},{"floor":13,"key":"FearPotion"},{"floor":16,"key":"PowerPotion"},{"floor":17,"key":"Energy Potion"}],"is_trial":false,"path_per_floor":["M","M","M","?","?","R","?","R","T","R","?","M","E","M","R","B",null,"M","$","M","$","T","R","?","R","T","M","M"],"character_chosen":"THE_SILENT","items_purchased":["Blade Dance","Quick Slash","Purity","MealTicket","Outmaneuver"],"campfire_rested":1,"item_purchase_floors":[19,19,19,19,21],"current_hp_per_floor":[69,69,68,68,68,68,58,58,58,58,58,50,48,48,69,44,75,75,75,74,75,75,75,75,75,75,38,0],"gold":10,"neow_bonus":"ONE_RANDOM_RARE_CARD","is_prod":false,"is_daily":false,"chose_seed":false,"campfire_upgraded":5,"win_rate":0.0,"timestamp":1563383840,"path_taken":["M","?","M","?","?","R","?","R","T","R","?","M","E","M","R","BOSS","M","$","?","?","?","R","?","R","T","M","M"],"build_version":"2019-07-05","purchased_purges":0,"victory":false,"max_hp_per_floor":[70,70,70,70,70,70,70,70,70,70,70,70,70,70,70,70,75,75,75,75,75,75,75,75,75,75,75,75],"card_choices":[{"not_picked":["Acrobatics","Backflip"],"picked":"Dagger Spray","floor":1},{"not_picked":["Heel Hook","Calculated Gamble"],"picked":"Outmaneuver","floor":2},{"not_picked":["Slice","Escape Plan"],"picked":"Backflip","floor":3},{"not_picked":["Escape Plan","PiercingWail"],"picked":"Dagger Spray","floor":7},{"not_picked":["Slice","Deadly Poison"],"picked":"Dagger Throw","floor":12},{"not_picked":["Eviscerate","Acrobatics"],"picked":"Envenom","floor":13},{"not_picked":["Sucker Punch","Calculated Gamble"],"picked":"Dagger Spray","floor":14},{"not_picked":["Wraith Form v2","Venomology"],"picked":"Corpse Explosion","floor":16},{"not_picked":["Backflip","Quick Slash"],"picked":"Accuracy","floor":17},{"not_picked":["Catalyst","Bane"],"picked":"Blade Dance","floor":18},{"not_picked":["Tactician","Skewer"],"picked":"Riddle With Holes","floor":20},{"not_picked":["Riddle With Holes+1","Backflip+1"],"picked":"Blade Dance","floor":27}],"player_experience":187748,"relics_obtained":[{"floor":7,"key":"Blue Candle"},{"floor":9,"key":"Kunai"},{"floor":13,"key":"Boot"},{"floor":22,"key":"Vajra"},{"floor":26,"key":"Bottled Lightning"}],"event_choices":[{"damage_healed":0,"gold_gain":0,"player_choice":"Grow","damage_taken":0,"max_hp_gain":0,"max_hp_loss":0,"event_name":"Living Wall","floor":4,"gold_loss":0,"cards_upgraded":["Envenom"]},{"damage_healed":0,"gold_gain":0,"player_choice":"Leave","damage_taken":0,"max_hp_gain":0,"max_hp_loss":0,"event_name":"The Cleric","floor":5,"gold_loss":0},{"damage_healed":0,"gold_gain":0,"player_choice":"Searched \u00271\u0027 times","damage_taken":0,"max_hp_gain":0,"max_hp_loss":0,"event_name":"Dead Adventurer","floor":7,"gold_loss":0},{"damage_healed":0,"gold_gain":0,"player_choice":"Ignored","damage_taken":0,"max_hp_gain":0,"max_hp_loss":0,"event_name":"NoteForYourself","floor":11,"gold_loss":0},{"damage_healed":0,"gold_gain":0,"player_choice":"Paid Fearfully","damage_taken":0,"max_hp_gain":0,"max_hp_loss":0,"event_name":"Masked Bandits","floor":24,"gold_loss":69}],"is_beta":false,"boss_relics":[{"not_picked":["White Beast Statue","Ectoplasm"],"picked":"Tiny House"}],"items_purged_floors":[],"is_endless":false,"potions_floor_spawned":[1,12,13,16],"killed_by":"Sentry and Sphere","ascension_level":0}