{"gold_per_floor":[144,189,189,24,24,114,126,183,220,277,10,10,10,10,10,310,310,355,355,400,11,11,101,101,146,171,216,18,18,18,63,63,363,363,408,66,366,411,456,456,456,2,2,47,137,137,137,182,182,182],"floor_reached":50,"playtime":1867,"items_purged":[],"score":663,"play_id":"2187a078-b4f2-4bf1-a065-704c99954e6c","local_time":"20190817105800","daily_mods":["Specialized","Vintage","Midas"],"is_ascension_mode":false,"campfire_choices":[{"floor":7,"key":"REST"},{"floor":12,"key":"REST"},{"floor":15,"key":"REST"},{"floor":24,"key":"REST"},{"floor":29,"key":"REST"},{"floor":32,"key":"REST"},{"floor":40,"key":"REST"},{"floor":46,"key":"REST"},{"floor":49,"key":"REST"}],"neow_cost":"","seed_source_timestamp":322873178656522,"circlet_count":0,"master_deck":["Strike_R+1","Strike_R+1","Strike_R","Strike_R","Strike_R","Defend_R","Defend_R","Defend_R","Defend_R","Bash","Evolve","Evolve","Evolve+1","Evolve","Evolve","The Bomb","Wild Strike","Uppercut","Immolate+1","J.A.X.","Perfected Strike","Whirlwind","Immolate","Flex","Cleave","Thunderclap+1","Searing Blow","Bludgeon","Cleave","Perfected Strike","Rage","Fire Breathing+1","Heavy Blade+1","Flex","Pommel Strike+1","Anger+1","Writhe","Flex"],"special_seed":18125,"relics":["Burning Blood","Strawberry","Regal Pillow","MawBank","Mercury Hourglass","Oddly Smooth Stone","Lantern","Lee\u0027s Waffle","Orichalcum","Lizard Tail","Potion Belt","Mango","Paper Frog","Ornamental Fan","Frozen Egg 2","Happy Flower","Darkstone Periapt","Dream Catcher","Bag of Marbles","Runic Pyramid","Whetstone","Brimstone","Calipers","Sundial","Art of War","Gremlin Horn","Blood Vial","Letter Opener","Self Forming Clay","Pen Nib","The Courier"],"potions_floor_usage":[6,6,23,23,23,33,33,39,45,50],"damage_taken":[{"damage":6,"enemies":"Jaw Worm","floor":1,"turns":5},{"damage":8,"enemies":"Small Slimes","floor":2,"turns":4},{"damage":36,"enemies":"Gremlin Nob","floor":6,"turns":5},{"damage":0,"enemies":"2 Louse","floor":8,"turns":2},{"damage":13,"enemies":"Blue Slaver","floor":10,"turns":3},{"damage":12,"enemies":"Slime Boss","floor":16,"turns":8},{"damage":16,"enemies":"3 Byrds","floor":18,"turns":5},{"damage":3,"enemies":"Chosen","floor":20,"turns":4},{"damage":26,"enemies":"Book of Stabbing","floor":23,"turns":4},{"damage":33,"enemies":"Snake Plant","floor":25,"turns":4},{"damage":27,"enemies":"Cultist and Chosen","floor":27,"turns":5},{"damage":45,"enemies":"Shelled Parasite and Fungi","floor":31,"turns":5},{"damage":163,"enemies":"Champ","floor":33,"turns":12},{"damage":12,"enemies":"3 Shapes","floor":35,"turns":1},{"damage":50,"enemies":"Mind Bloom Boss Battle","floor":37,"turns":7},{"damage":17,"enemies":"3 Darklings","floor":38,"turns":3},{"damage":26,"enemies":"Spire Growth","floor":39,"turns":4},{"damage":53,"enemies":"Writhing Mass","floor":44,"turns":3},{"damage":29,"enemies":"Reptomancer","floor":45,"turns":3},{"damage":29,"enemies":"Maw","floor":48,"turns":5},{"damage":116,"enemies":"Awakened One","floor":50,"turns":7}],"seed_played":"7982343290599772324","potions_obtained":[{"floor":1,"key":"Strength Potion"},{"floor":2,"key":"Block Potion"},{"floor":16,"key":"Explosive Potion"},{"floor":18,"key":"Strength Potion"},{"floor":25,"key":"Ancient Potion"},{"floor":27,"key":"Dexterity Potion"},{"floor":37,"key":"LiquidBronze"},{"floor":44,"key":"AttackPotion"},{"floor":48,"key":"PowerPotion"}],"is_trial":false,"path_per_floor":["M","M","?","$","?","E","R","M","T","M","$","R","?","$","R","B",null,"M","?","M","$","?","E","R","M","T","M","$","R","$","M","R","B",null,"M","$","?","M","M","R","?","$","T","M","E","R","?","M","R","B"],"character_chosen":"IRONCLAD","items_purchased":["The Bomb","Lee\u0027s Waffle","Uppercut","Paper Frog","Poison Potion","Perfected Strike","Whirlwind","Dream Catcher","Cleave","Brimstone","Cleave","Perfected Strike","Rage","Flex","Gremlin Horn","Blood Vial"],"campfire_rested":9,"item_purchase_floors":[4,11,11,21,21,21,21,28,28,36,36,36,36,42,42,42],"current_hp_per_floor":[87,85,68,68,68,38,79,85,85,78,94,94,87,87,94,88,94,84,84,101,101,101,81,108,81,81,60,60,107,107,68,108,11,108,102,102,58,47,27,74,74,74,74,29,8,55,88,67,114,0],"gold":182,"neow_bonus":"","is_prod":false,"is_daily":true,"chose_seed":false,"campfire_upgraded":0,"win_rate":0,"timestamp":1566050280,"path_taken":["M","M","?","$","?","E","R","M","T","M","$","R","?","?","R","BOSS","M","?","M","$","?","E","R","M","T","?","$","R","?","M","R","BOSS","M","$","?","M","M","R","?","$","T","M","E","R","?","M","R","BOSS"],"build_version":"2019-07-17","purchased_purges":0,"victory":false,"max_hp_per_floor":[87,87,87,87,87,87,87,87,87,87,94,94,94,94,94,94,94,94,94,108,108,108,108,108,108,108,108,108,108,108,108,108,108,108,108,108,108,108,108,108,108,108,108,108,108,108,114,114,114,114],"card_choices":[{"not_picked":["Headbutt","Clothesline"],"picked":"Wild Strike","floor":6},{"not_picked":["Barricade","Impervious"],"picked":"Immolate","floor":16},{"not_picked":["Pommel Strike+1","Sword Boomerang"],"picked":"Flex","floor":23},{"not_picked":["Flex","Clash"],"picked":"Thunderclap+1","floor":29},{"not_picked":["Shockwave","Armaments"],"picked":"Searing Blow","floor":32},{"not_picked":["Berserk+1","Impervious"],"picked":"Bludgeon","floor":33},{"not_picked":["Body Slam+1","Sentinel"],"picked":"Fire Breathing+1","floor":37},{"not_picked":["Entrench+1","Battle Trance+1"],"picked":"Heavy Blade+1","floor":40},{"not_picked":["Spot Weakness","True Grit"],"picked":"Pommel Strike+1","floor":45},{"not_picked":["Body Slam+1","Clothesline"],"picked":"Anger+1","floor":46},{"not_picked":["Entrench+1","Clash"],"picked":"Flex","floor":49}],"player_experience":324691,"relics_obtained":[{"floor":1,"key":"Strawberry"},{"floor":2,"key":"Regal Pillow"},{"floor":6,"key":"MawBank"},{"floor":8,"key":"Mercury Hourglass"},{"floor":9,"key":"Oddly Smooth Stone"},{"floor":10,"key":"Lantern"},{"floor":18,"key":"Potion Belt"},{"floor":20,"key":"Mango"},{"floor":23,"key":"Ornamental Fan"},{"floor":25,"key":"Frozen Egg 2"},{"floor":26,"key":"Happy Flower"},{"floor":27,"key":"Darkstone Periapt"},{"floor":31,"key":"Bag of Marbles"},{"floor":35,"key":"Whetstone"},{"floor":37,"key":"Calipers"},{"floor":38,"key":"Sundial"},{"floor":39,"key":"Art of War"},{"floor":43,"key":"Letter Opener"},{"floor":44,"key":"Self Forming Clay"},{"floor":45,"key":"Pen Nib"},{"floor":48,"key":"The Courier"}],"event_choices":[{"damage_healed":0,"gold_gain":0,"player_choice":"Entered Light","damage_taken":17,"max_hp_gain":0,"max_hp_loss":0,"event_name":"Shining Light","floor":3,"gold_loss":0,"cards_upgraded":["Evolve","Strike_R"]},{"damage_healed":0,"gold_gain":0,"player_choice":"Ignored","damage_taken":0,"max_hp_gain":0,"max_hp_loss":0,"event_name":"Golden Wing","floor":5,"gold_loss":0},{"damage_healed":0,"gold_gain":0,"player_choice":"Success","damage_taken":7,"relics_obtained":["Orichalcum"],"max_hp_gain":0,"max_hp_loss":0,"event_name":"Scrap Ooze","floor":13,"gold_loss":0},{"damage_healed":0,"gold_gain":0,"player_choice":"Obtain J.A.X.","damage_taken":0,"max_hp_gain":0,"max_hp_loss":0,"event_name":"Drug Dealer","floor":19,"gold_loss":0,"cards_obtained":["J.A.X."]},{"damage_healed":0,"gold_gain":0,"player_choice":"Copied","damage_taken":0,"max_hp_gain":0,"max_hp_loss":0,"event_name":"Duplicator","floor":22,"gold_loss":0,"cards_obtained":["Immolate"]},{"damage_healed":0,"gold_gain":0,"player_choice":"Fight","damage_taken":0,"max_hp_gain":0,"max_hp_loss":0,"event_name":"MindBloom","floor":37,"gold_loss":0},{"damage_healed":0,"gold_gain":0,"player_choice":"Ignored","damage_taken":0,"max_hp_gain":0,"max_hp_loss":0,"event_name":"Mysterious Sphere","floor":41,"gold_loss":0},{"damage_healed":27,"gold_gain":0,"player_choice":"Writhe","damage_taken":0,"max_hp_gain":0,"max_hp_loss":0,"event_name":"Winding Halls","floor":47,"gold_loss":0,"cards_obtained":["Writhe"]}],"is_beta":false,"boss_relics":[{"not_picked":["Astrolabe","Snecko Eye"],"picked":"Lizard Tail"},{"not_picked":["Cursed Key","Eternal Feather"],"picked":"Runic Pyramid"}],"items_purged_floors":[],"is_endless":false,"potions_floor_spawned":[1,2,16,18,25,27,37,44,48],"killed_by":"Awakened One","ascension_level":0}