{"gold_per_floor":[113,133,3,19,35,35,48,48,103,115,115,134,152,170,170,272,272,284,297,317,317,13,26,37,37],"floor_reached":25,"playtime":3798,"items_purged":[],"score":203,"play_id":"449f844d-1a46-4431-9f43-ef9ddee5d179","local_time":"20190703162138","is_ascension_mode":false,"campfire_choices":[{"floor":6,"key":"REST"},{"floor":11,"key":"REST"},{"floor":15,"key":"REST"}],"neow_cost":"NONE","seed_source_timestamp":784467881043402,"circlet_count":0,"master_deck":["Strike_B","Strike_B","Strike_B","Strike_B","Defend_B","Defend_B","Defend_B","Defend_B","Zap","Dualcast","Sweeping Beam","BootSequence","Leap","Hello World","Rebound","Recycle","Lockon","Rebound","Turbo","Auto Shields","Rebound","Turbo","Doom and Gloom","BootSequence","All For One","Turbo+1","BootSequence+1","Aggregate","Coolheaded","Streamline","FTL"],"relics":["Cracked Core","Dream Catcher","Lizard Tail","Pantograph"],"potions_floor_usage":[18,20,20,20,24,24],"damage_taken":[{"damage":6,"enemies":"Cultist","floor":1,"turns":3},{"damage":11,"enemies":"Jaw Worm","floor":2,"turns":3},{"damage":3,"enemies":"2 Louse","floor":4,"turns":3},{"damage":12,"enemies":"Blue Slaver","floor":5,"turns":5},{"damage":17,"enemies":"Exordium Wildlife","floor":7,"turns":4},{"damage":8,"enemies":"3 Louse","floor":10,"turns":4},{"damage":2,"enemies":"2 Fungi Beasts","floor":12,"turns":2},{"damage":0,"enemies":"Blue Slaver","floor":13,"turns":2},{"damage":8,"enemies":"Exordium Thugs","floor":14,"turns":4},{"damage":45,"enemies":"Slime Boss","floor":16,"turns":12},{"damage":5,"enemies":"Chosen","floor":18,"turns":4},{"damage":50,"enemies":"Shell Parasite","floor":19,"turns":8},{"damage":25,"enemies":"Snecko","floor":20,"turns":6},{"damage":15,"enemies":"Centurion and Healer","floor":23,"turns":8},{"damage":29,"enemies":"Snake Plant","floor":24,"turns":8},{"damage":43,"enemies":"Sentry and Sphere","floor":25,"turns":5}],"seed_played":"1139753967080669620","potions_obtained":[{"floor":2,"key":"Energy Potion"},{"floor":4,"key":"Fire Potion"},{"floor":5,"key":"AttackPotion"},{"floor":18,"key":"Dexterity Potion"},{"floor":20,"key":"Block Potion"},{"floor":23,"key":"Regen Potion"}],"is_trial":false,"path_per_floor":["M","M","$","M","M","R","M","?","T","M","R","M","M","M","R","B",null,"M","M","M","?","$","M","M","M"],"character_chosen":"DEFECT","items_purchased":["Leap","Hello World","Rebound","Pantograph","Coolheaded"],"campfire_rested":3,"item_purchase_floors":[3,3,3,22,22],"current_hp_per_floor":[76,65,65,62,50,74,57,57,57,49,73,71,71,63,82,37,82,77,27,2,29,29,14,41,0],"gold":37,"neow_bonus":"TEN_PERCENT_HP_BONUS","is_prod":false,"is_daily":false,"chose_seed":false,"campfire_upgraded":0,"win_rate":0.0,"timestamp":1562181698,"path_taken":["M","M","?","M","M","R","M","?","T","M","R","M","M","M","R","BOSS","M","M","M","?","$","M","M","M"],"build_version":"2019-07-01","purchased_purges":0,"victory":false,"max_hp_per_floor":[82,82,82,82,82,82,82,82,82,82,82,82,82,82,82,82,82,82,82,82,82,82,82,82,82],"card_choices":[{"not_picked":["Stack","Compile Driver"],"picked":"Sweeping Beam","floor":1},{"not_picked":["Self Repair","FTL"],"picked":"BootSequence","floor":2},{"not_picked":["Hologram","Barrage"],"picked":"Recycle","floor":4},{"not_picked":["Sweeping Beam","Loop"],"picked":"Lockon","floor":5},{"not_picked":["Conserve Battery","Beam Cell"],"picked":"Rebound","floor":7},{"not_picked":["Barrage","Stack"],"picked":"Turbo","floor":10},{"not_picked":["Compile Driver","Ball Lightning"],"picked":"Auto Shields","floor":11},{"not_picked":["Storm","Chaos"],"picked":"Rebound","floor":12},{"not_picked":["Lockon","Undo"],"picked":"Turbo","floor":13},{"not_picked":["Hologram","Steam"],"picked":"Doom and Gloom","floor":14},{"not_picked":["Loop","Ball Lightning"],"picked":"BootSequence","floor":15},{"not_picked":["Machine Learning","Reboot"],"picked":"All For One","floor":16},{"not_picked":["Steam","Steam Power"],"picked":"Turbo+1","floor":18},{"not_picked":["Ball Lightning+1","Cold Snap"],"picked":"BootSequence+1","floor":19},{"not_picked":["Coolheaded+1","Steam Power"],"picked":"Aggregate","floor":20},{"not_picked":["Glacier","Hologram"],"picked":"Streamline","floor":23},{"not_picked":["Turbo","Doom and Gloom"],"picked":"FTL","floor":24}],"player_experience":75327,"relics_obtained":[{"floor":9,"key":"Dream Catcher"}],"event_choices":[{"damage_healed":0,"gold_gain":0,"player_choice":"Ignored","damage_taken":0,"max_hp_gain":0,"max_hp_loss":0,"event_name":"Liars Game","floor":8,"gold_loss":0},{"damage_healed":27,"gold_gain":0,"player_choice":"Heal","damage_taken":0,"max_hp_gain":0,"max_hp_loss":0,"event_name":"The Library","floor":21,"gold_loss":0}],"is_beta":false,"boss_relics":[{"not_picked":["Runic Pyramid","Fusion Hammer"],"picked":"Lizard Tail"}],"items_purged_floors":[],"is_endless":false,"potions_floor_spawned":[2,4,5,13,16,18,20,23],"killed_by":"Sentry and Sphere","ascension_level":0}