{"gold_per_floor":[16,34,46,46,62,62,62,93,93,93,109,128,148,148],"floor_reached":14,"playtime":1101,"items_purged":[],"score":188,"play_id":"ce16f757-a18d-4402-a9b9-a081ec1d732c","local_time":"20190812005043","is_ascension_mode":true,"campfire_choices":[{"data":"Strike_R","floor":6,"key":"PURGE"},{"floor":10,"key":"REST"}],"neow_cost":"NO_GOLD","seed_source_timestamp":596350951075238,"circlet_count":0,"master_deck":["AscendersBane","Strike_R","Strike_R","Strike_R","Defend_R","Defend_R","Defend_R","Defend_R","Bash","Metallicize","Clothesline","Heavy Blade","Disarm","Hemokinesis","Whirlwind","Shockwave","Twin Strike"],"relics":["Burning Blood","Peace Pipe","Anchor","Sundial","Lantern"],"potions_floor_usage":[8,8],"damage_taken":[{"damage":6,"enemies":"Jaw Worm","floor":1,"turns":5},{"damage":4,"enemies":"Small Slimes","floor":2,"turns":4},{"damage":3,"enemies":"Cultist","floor":3,"turns":3},{"damage":6,"enemies":"Exordium Wildlife","floor":5,"turns":5},{"damage":33,"enemies":"Lagavulin","floor":8,"turns":11},{"damage":16,"enemies":"2 Fungi Beasts","floor":11,"turns":3},{"damage":9,"enemies":"3 Louse","floor":12,"turns":6},{"damage":18,"enemies":"Exordium Wildlife","floor":13,"turns":4},{"damage":36,"enemies":"Lagavulin Event","floor":14,"turns":5}],"seed_played":"-1056665262839721275","potions_obtained":[{"floor":1,"key":"Swift Potion"},{"floor":2,"key":"Strength Potion"},{"floor":5,"key":"EssenceOfSteel"}],"is_trial":false,"path_per_floor":["M","M","M","?","M","R","?","E","T","R","M","M","M","?"],"character_chosen":"IRONCLAD","items_purchased":[],"campfire_rested":1,"item_purchase_floors":[],"current_hp_per_floor":[68,70,73,62,62,62,62,35,35,57,47,44,32,0],"gold":148,"neow_bonus":"ONE_RARE_RELIC","is_prod":false,"is_daily":false,"chose_seed":false,"campfire_upgraded":0,"win_rate":0,"timestamp":1565585443,"path_taken":["M","M","M","?","M","R","?","E","T","R","M","M","?","?"],"build_version":"2019-01-23","purchased_purges":0,"victory":false,"max_hp_per_floor":[75,75,75,75,75,75,75,75,75,75,75,75,75,75],"card_choices":[{"not_picked":["Ghostly Armor","Twin Strike"],"picked":"Metallicize","floor":1},{"not_picked":["True Grit","Sword Boomerang"],"picked":"Clothesline","floor":2},{"not_picked":["Warcry","Perfected Strike"],"picked":"Heavy Blade","floor":3},{"not_picked":["True Grit","Thunderclap"],"picked":"Disarm","floor":5},{"not_picked":["Shrug It Off","Pommel Strike"],"picked":"Hemokinesis","floor":8},{"not_picked":["Perfected Strike","Headbutt"],"picked":"Whirlwind","floor":11},{"not_picked":["Offering","Warcry"],"picked":"Shockwave","floor":12},{"not_picked":["Pommel Strike","Wild Strike"],"picked":"Twin Strike","floor":13}],"player_experience":2784503,"relics_obtained":[{"floor":8,"key":"Sundial"},{"floor":9,"key":"Lantern"}],"event_choices":[{"damage_healed":0,"gold_gain":0,"player_choice":"Success","damage_taken":11,"relics_obtained":["Anchor"],"max_hp_gain":0,"max_hp_loss":0,"event_name":"Scrap Ooze","floor":4,"gold_loss":0},{"cards_removed":["Strike_R"],"damage_healed":0,"gold_gain":0,"player_choice":"Offered Basic","damage_taken":0,"max_hp_gain":0,"max_hp_loss":0,"event_name":"Bonfire Elementals","floor":7,"gold_loss":0},{"damage_healed":0,"gold_gain":0,"player_choice":"Searched \u00271\u0027 times","damage_taken":0,"max_hp_gain":0,"max_hp_loss":0,"event_name":"Dead Adventurer","floor":14,"gold_loss":0}],"is_beta":false,"boss_relics":[],"items_purged_floors":[],"is_endless":false,"potions_floor_spawned":[1,2,5],"killed_by":"Lagavulin Event","ascension_level":20}