{"gold_per_floor":[117,127,202,202,202,202,377,390,390,409,409,37,37,50,50,151,151,170,185,202,202,215,215,32,51,51,85,85,85,85,95,95,192,192,205,205,205],"floor_reached":37,"playtime":4097,"items_purged":["Doubt"],"score":601,"play_id":"3bd8b151-80e8-4974-8b3a-078279903247","local_time":"20180908023649","is_ascension_mode":true,"campfire_choices":[{"floor":6,"key":"REST"},{"data":"Hologram","floor":15,"key":"SMITH"},{"floor":23,"key":"REST"},{"floor":28,"key":"REST"},{"data":"Go for the Eyes","floor":30,"key":"SMITH"},{"floor":32,"key":"REST"}],"neow_cost":"NONE","seed_source_timestamp":31984916263771,"circlet_count":0,"master_deck":["Strike_B","Strike_B+1","Strike_B","Defend_B","Defend_B","Defend_B","Zap+1","Dualcast","Cold Snap","Rebound","Chill","Ball Lightning","Gash+1","Defragment","Hologram+1","All For One","Doom and Gloom","Turbo","Glacier","Gash","Turbo","Scrape","Static Discharge","Go for the Eyes+1","Gash","J.A.X.","Rebound","Echo Form","Beam Cell"],"relics":["Cracked Core","Pantograph","Blue Candle","Kunai","Pen Nib","Inserter","Darkstone Periapt","Sundial","Sozu"],"potions_floor_usage":[18,19,20,27,33,33,35],"damage_taken":[{"damage":0,"enemies":"2 Louse","floor":1,"turns":2},{"damage":7,"enemies":"Jaw Worm","floor":2,"turns":2},{"damage":0,"enemies":"Cultist","floor":8,"turns":4},{"damage":1,"enemies":"Blue Slaver","floor":10,"turns":3},{"damage":0,"enemies":"2 Fungi Beasts","floor":14,"turns":3},{"damage":0,"enemies":"Slime Boss","floor":16,"turns":7},{"damage":7,"enemies":"Chosen","floor":18,"turns":3},{"damage":0,"enemies":"Spheric Guardian","floor":19,"turns":3},{"damage":19,"enemies":"Snecko","floor":20,"turns":5},{"damage":7,"enemies":"Chosen and Byrds","floor":22,"turns":7},{"damage":9,"enemies":"Cultist and Chosen","floor":25,"turns":7},{"damage":15,"enemies":"Book of Stabbing","floor":27,"turns":5},{"damage":16,"enemies":"3 Cultists","floor":31,"turns":4},{"damage":46,"enemies":"Champ","floor":33,"turns":9},{"damage":58,"enemies":"3 Darklings","floor":35,"turns":6},{"damage":17,"enemies":"Flame Bruiser 1 Orb","floor":37,"turns":2}],"seed_played":"5331576800985381203","potions_obtained":[{"floor":2,"key":"Poison Potion"},{"floor":10,"key":"GamblersBrew"},{"floor":14,"key":"LiquidBronze"},{"floor":19,"key":"Fruit Juice"},{"floor":20,"key":"FocusPotion"},{"floor":27,"key":"SteroidPotion"},{"floor":31,"key":"Poison Potion"},{"floor":33,"key":"SteroidPotion"}],"is_trial":false,"path_per_floor":["M","M","?","?","?","R","?","M","T","M","?","$","?","M","R","B",null,"M","M","M","?","M","R","$","M","T","E","R","?","R","M","R","B",null,"M","?"],"character_chosen":"DEFECT","items_purchased":["Kunai","Defragment","Turbo","Scrape","Static Discharge"],"campfire_rested":4,"item_purchase_floors":[12,12,24,24,24],"current_hp_per_floor":[68,61,50,47,47,69,69,69,69,68,53,53,53,53,53,75,75,68,73,54,54,47,71,71,62,62,47,71,71,71,55,79,34,69,11,11,0],"gold":205,"neow_bonus":"UPGRADE_CARD","is_prod":false,"is_daily":false,"chose_seed":false,"campfire_upgraded":2,"win_rate":0,"timestamp":1536388609,"path_taken":["M","M","?","?","?","R","?","?","T","M","?","$","?","M","R","BOSS","M","M","M","?","?","R","$","M","T","E","R","?","R","M","R","BOSS","M","?","M"],"build_version":"2018-08-23v2","purchased_purges":1,"victory":false,"max_hp_per_floor":[75,75,75,75,75,75,75,75,75,75,75,75,75,75,75,75,75,75,80,80,80,80,80,80,80,80,80,80,80,80,80,80,80,80,80,80,80],"card_choices":[{"not_picked":["Coolheaded","Glacier"],"picked":"Cold Snap","floor":1},{"not_picked":["Loop","Coolheaded"],"picked":"Rebound","floor":2},{"not_picked":["Hologram","Conserve Battery"],"picked":"Ball Lightning","floor":8},{"not_picked":["Go for the Eyes","Streamline"],"picked":"Gash","floor":10},{"not_picked":["Coolheaded","BootSequence"],"picked":"Hologram","floor":14},{"not_picked":["Machine Learning","Hyperbeam"],"picked":"All For One","floor":16},{"not_picked":["Barrage+1","Lockon+1"],"picked":"Doom and Gloom","floor":18},{"not_picked":["Ball Lightning","Compile Driver"],"picked":"Turbo","floor":19},{"not_picked":["Darkness","Force Field"],"picked":"Glacier","floor":20},{"not_picked":["Reinforced Body","Go for the Eyes"],"picked":"Gash","floor":22},{"not_picked":["Steam+1","Compile Driver"],"picked":"Go for the Eyes","floor":25},{"not_picked":["Undo","Melter"],"picked":"Gash","floor":27},{"not_picked":["Cold Snap","Ball Lightning+1"],"picked":"Rebound","floor":31},{"not_picked":["Rainbow","Amplify"],"picked":"Echo Form","floor":33},{"not_picked":["Coolheaded+1","Double Energy+1"],"picked":"Beam Cell","floor":35}],"player_experience":1675140,"relics_obtained":[{"floor":9,"key":"Blue Candle"},{"floor":26,"key":"Darkstone Periapt"},{"floor":27,"key":"Sundial"}],"event_choices":[{"event_name":"World of Goop","player_choice":"Gather Gold","floor":3,"damage_taken":0},{"event_name":"Scrap Ooze","player_choice":"success","floor":4,"damage_taken":3},{"event_name":"Transmorgrifier","player_choice":"Transform","floor":5,"damage_taken":0},{"event_name":"Liars Game","player_choice":"agreed","floor":7,"damage_taken":0},{"event_name":"Shining Light","player_choice":"Entered Light","floor":11,"damage_taken":0},{"event_name":"Dead Adventurer","player_choice":"Searched \u00271\u0027 times","floor":13,"damage_taken":0},{"event_name":"Ghosts","player_choice":"Ignored","floor":21,"damage_taken":0},{"event_name":"Drug Dealer","player_choice":"Got JAX","floor":29,"damage_taken":0},{"event_name":"Falling","player_choice":"Removed Skill","floor":36,"damage_taken":0}],"is_beta":false,"boss_relics":[{"not_picked":["FrozenCore","Lizard Tail"],"picked":"Inserter"},{"not_picked":["Pandora\u0027s Box","Astrolabe"],"picked":"Sozu"}],"items_purged_floors":[12],"is_endless":false,"potions_floor_spawned":[2,10,14,19,20,27,31,33],"killed_by":"Flame Bruiser 1 Orb","ascension_level":8}