{"gold_per_floor":[361,45,45,45,95,95,105,105,130,130,165,165,181,200,200,274,274,291,306,306,306,306,339,22,32,32,32,32,32],"floor_reached":29,"playtime":1468,"items_purged":[],"score":603,"play_id":"e60f098f-b418-4f14-a65f-1c16c2639ef8","local_time":"20190921212305","is_ascension_mode":true,"campfire_choices":[{"data":"Eruption","floor":6,"key":"SMITH"},{"data":"Consecrate","floor":8,"key":"SMITH"},{"data":"DeceiveReality","floor":10,"key":"SMITH"},{"data":"CrushJoints","floor":12,"key":"SMITH"},{"data":"Crescendo","floor":15,"key":"SMITH"},{"data":"TalkToTheHand","floor":28,"key":"SMITH"}],"neow_cost":"PERCENT_DAMAGE","seed_source_timestamp":34180368170126,"circlet_count":0,"master_deck":["AscendersBane","Defend_P","Defend_P","Defend_P","Defend_P","Eruption+1","Vigilance","DeceiveReality+1","Consecrate+1","CrushJoints+1","Crescendo+1","CutThroughFate","Blasphemy","FollowUp","Devotion+1","Bite","Bite","Bite","Bite","Bite","BowlingBash","EmptyFist+1","Protect+1","TalkToTheHand+1"],"relics":["PureWater","CaptainsWheel","Pen Nib","Happy Flower","Sozu","Blood Vial","Toxic Egg 2","Molten Egg 2"],"potions_floor_usage":[11,19],"damage_taken":[{"damage":0,"enemies":"2 Louse","floor":1,"turns":2},{"damage":0,"enemies":"Jaw Worm","floor":7,"turns":4},{"damage":31,"enemies":"Gremlin Nob","floor":11,"turns":4},{"damage":0,"enemies":"Cultist","floor":13,"turns":2},{"damage":3,"enemies":"Blue Slaver","floor":14,"turns":3},{"damage":0,"enemies":"Slime Boss","floor":16,"turns":4},{"damage":11,"enemies":"3 Byrds","floor":18,"turns":5},{"damage":6,"enemies":"Shell Parasite","floor":19,"turns":3},{"damage":36,"enemies":"Slavers","floor":23,"turns":6},{"damage":0,"enemies":"Centurion and Healer","floor":25,"turns":2},{"damage":25,"enemies":"Gremlin Leader","floor":29,"turns":2}],"seed_played":"2856491381467590111","potions_obtained":[{"floor":1,"key":"Block Potion"},{"floor":14,"key":"SteroidPotion"}],"is_trial":false,"path_per_floor":["M","$","?","$","?","R","M","R","T","R","E","R","M","M","R","B",null,"M","M","?","?","?","E","$","M","T","$","R","E"],"character_chosen":"WATCHER","items_purchased":["CaptainsWheel","Toxic Egg 2","Protect+1"],"campfire_rested":0,"item_purchase_floors":[2,24,24],"current_hp_per_floor":[40,40,40,40,40,40,40,40,40,40,9,9,9,6,6,6,47,36,30,30,30,30,6,6,12,12,12,12,0],"gold":32,"neow_bonus":"TWO_FIFTY_GOLD","is_prod":false,"is_daily":false,"chose_seed":false,"campfire_upgraded":6,"win_rate":0,"timestamp":1569057785,"path_taken":["M","$","?","$","?","R","?","R","T","R","E","R","M","M","R","BOSS","M","M","?","?","?","E","$","M","T","?","R","E"],"build_version":"2019-09-20","purchased_purges":0,"victory":false,"max_hp_per_floor":[61,61,61,61,61,61,61,61,61,61,61,61,61,61,61,61,61,61,61,42,42,42,42,42,42,42,42,42,42],"card_choices":[{"not_picked":["SpiritShield","Establishment"],"picked":"DeceiveReality","floor":1},{"not_picked":["Protect","JustLucky"],"picked":"Consecrate","floor":7},{"not_picked":["FlyingSleeves","Protect"],"picked":"CrushJoints","floor":11},{"not_picked":["WreathOfFlame","EmptyFist"],"picked":"Crescendo","floor":13},{"not_picked":["WindmillStrike","Crescendo"],"picked":"CutThroughFate","floor":14},{"not_picked":["Nirvana","SignatureMove"],"picked":"Blasphemy","floor":16},{"not_picked":["JustLucky","Conclude"],"picked":"FollowUp","floor":18},{"not_picked":["Weave","FollowUp"],"picked":"Devotion+1","floor":19},{"not_picked":["CrushJoints+1","WaveOfTheHand"],"picked":"EmptyFist+1","floor":23},{"not_picked":["Consecrate","FollowUp"],"picked":"TalkToTheHand","floor":25}],"player_experience":1168178,"relics_obtained":[{"floor":9,"key":"Pen Nib"},{"floor":11,"key":"Happy Flower"},{"floor":23,"key":"Blood Vial"},{"floor":26,"key":"Molten Egg 2"}],"event_choices":[{"damage_healed":0,"gold_gain":0,"player_choice":"Leave","damage_taken":0,"max_hp_gain":0,"max_hp_loss":0,"event_name":"The Cleric","floor":3,"gold_loss":0},{"damage_healed":0,"gold_gain":50,"player_choice":"Pray","damage_taken":0,"max_hp_gain":0,"max_hp_loss":0,"event_name":"Golden Shrine","floor":5,"gold_loss":0},{"damage_healed":0,"gold_gain":0,"player_choice":"Became a vampire","damage_taken":0,"max_hp_gain":0,"max_hp_loss":19,"event_name":"Vampires","floor":20,"gold_loss":0,"cards_obtained":["Bite","Bite","Bite","Bite","Bite"]},{"damage_healed":0,"gold_gain":0,"player_choice":"Ignored","damage_taken":0,"max_hp_gain":0,"max_hp_loss":0,"event_name":"Ghosts","floor":21,"gold_loss":0},{"damage_healed":0,"gold_gain":0,"player_choice":"Read","damage_taken":0,"max_hp_gain":0,"max_hp_loss":0,"event_name":"The Library","floor":22,"gold_loss":0,"cards_obtained":["BowlingBash"]}],"is_beta":true,"boss_relics":[{"not_picked":["Tiny House","Cursed Key"],"picked":"Sozu"}],"items_purged_floors":[],"is_endless":false,"potions_floor_spawned":[1,14,25],"killed_by":"Gremlin Leader","ascension_level":20}