{"gold_per_floor":[110,128,303,322,91,123,134,165,165,165,177,177,191,191,191,294,294,309,321,321,339,356,356,16,16,96,96,115,115,115],"floor_reached":30,"playtime":1465,"items_purged":["Doubt","Strike_G"],"score":254,"play_id":"54b8571d-82d0-43d5-893a-01566998f35c","local_time":"20191027200512","is_ascension_mode":true,"campfire_choices":[{"data":"Footwork","floor":10,"key":"SMITH"},{"data":"Neutralize","floor":12,"key":"SMITH"},{"floor":15,"key":"REST"},{"data":"Well Laid Plans","floor":23,"key":"SMITH"},{"data":"Malaise","floor":25,"key":"SMITH"},{"data":"Distraction","floor":27,"key":"SMITH"},{"data":"Sucker Punch","floor":29,"key":"SMITH"}],"neow_cost":"NONE","seed_source_timestamp":1292694230046100,"circlet_count":0,"master_deck":["Strike_G","Strike_G","Strike_G","Strike_G","Defend_G","Defend_G","Defend_G","Defend_G","Defend_G","Survivor","Neutralize+1","Poisoned Stab","Terror","Deadly Poison","Footwork+1","Sucker Punch","Bane","Dash","Quick Slash","Corpse Explosion","Burst","Malaise+1","Sucker Punch+1","PiercingWail+1","Well Laid Plans+1","Distraction+1","PiercingWail+1","Dodge and Roll+1"],"relics":["Ring of the Snake","NeowsBlessing","Omamori","Paper Crane","StoneCalendar","Lizard Tail","Toxic Egg 2"],"potions_floor_usage":[7,8,16,16,16,16,21,28],"damage_taken":[{"damage":0,"enemies":"Jaw Worm","floor":1,"turns":1},{"damage":0,"enemies":"2 Louse","floor":2,"turns":1},{"damage":0,"enemies":"Small Slimes","floor":4,"turns":1},{"damage":28,"enemies":"3 Sentries","floor":6,"turns":12},{"damage":7,"enemies":"2 Fungi Beasts","floor":7,"turns":4},{"damage":18,"enemies":"Gremlin Nob","floor":8,"turns":5},{"damage":3,"enemies":"Looter","floor":11,"turns":4},{"damage":3,"enemies":"3 Louse","floor":13,"turns":2},{"damage":23,"enemies":"Slime Boss","floor":16,"turns":7},{"damage":24,"enemies":"2 Thieves","floor":18,"turns":4},{"damage":22,"enemies":"Spheric Guardian","floor":19,"turns":6},{"damage":10,"enemies":"Centurion and Healer","floor":21,"turns":7},{"damage":18,"enemies":"Snake Plant","floor":22,"turns":7},{"damage":11,"enemies":"Cultist and Chosen","floor":28,"turns":5},{"damage":21,"enemies":"Gremlin Leader","floor":30,"turns":1}],"seed_played":"3970265882234747688","potions_obtained":[{"floor":1,"key":"Weak Potion"},{"floor":6,"key":"EssenceOfSteel"},{"floor":8,"key":"EntropicBrew"},{"floor":11,"key":"Regen Potion"},{"floor":19,"key":"PowerPotion"},{"floor":22,"key":"Energy Potion"},{"floor":28,"key":"SteroidPotion"}],"is_trial":false,"path_per_floor":["M","M","?","M","$","E","M","E","T","R","M","R","M","?","R","B",null,"M","M","?","M","M","R","$","R","T","R","M","R","E"],"character_chosen":"THE_SILENT","items_purchased":["Footwork","Sucker Punch","Bane","Toxic Egg 2"],"campfire_rested":1,"item_purchase_floors":[5,5,5,24],"current_hp_per_floor":[70,70,70,70,70,42,35,17,17,17,14,14,11,11,32,24,70,46,24,24,14,32,32,32,32,32,32,21,21,0],"gold":115,"neow_bonus":"THREE_ENEMY_KILL","is_prod":false,"is_daily":false,"chose_seed":false,"campfire_upgraded":6,"win_rate":0,"timestamp":1572177912,"path_taken":["M","M","?","M","$","E","M","E","T","R","M","R","M","?","R","BOSS","M","M","?","M","M","R","$","R","T","R","M","R","E"],"build_version":"2019-07-17","purchased_purges":2,"victory":false,"max_hp_per_floor":[70,70,70,70,70,70,70,70,70,70,70,70,70,70,70,70,70,70,70,70,70,70,70,70,70,70,70,70,70,70],"card_choices":[{"not_picked":["Distraction","Dagger Spray"],"picked":"Poisoned Stab","floor":1},{"not_picked":["Infinite Blades","Blade Dance"],"picked":"Terror","floor":2},{"not_picked":["Blade Dance","Backflip"],"picked":"Deadly Poison","floor":4},{"not_picked":["Eviscerate","Expertise"],"picked":"Dash","floor":6},{"not_picked":["Deflect","Slice"],"picked":"Quick Slash","floor":7},{"not_picked":["Bane","Dodge and Roll"],"picked":"Corpse Explosion","floor":8},{"not_picked":["Deadly Poison","Slice","Blade Dance"],"picked":"SKIP","floor":11},{"not_picked":["Backflip","Blade Dance"],"picked":"Burst","floor":13},{"not_picked":["Die Die Die","Doppelganger"],"picked":"Malaise","floor":16},{"not_picked":["Terror+1","Calculated Gamble+1"],"picked":"Sucker Punch","floor":18},{"not_picked":["Prepared","Crippling Poison"],"picked":"PiercingWail+1","floor":19},{"not_picked":["Bouncing Flask+1","Slice+1"],"picked":"Distraction","floor":21},{"not_picked":["Outmaneuver","Dagger Throw"],"picked":"PiercingWail+1","floor":22},{"not_picked":["Backflip+1","Die Die Die"],"picked":"Dodge and Roll+1","floor":28}],"player_experience":231915,"relics_obtained":[{"floor":6,"key":"Omamori"},{"floor":8,"key":"Paper Crane"},{"floor":9,"key":"StoneCalendar"}],"event_choices":[{"damage_healed":0,"gold_gain":175,"player_choice":"AGREE","damage_taken":0,"max_hp_gain":0,"max_hp_loss":0,"event_name":"Liars Game","floor":3,"gold_loss":0,"cards_obtained":["Doubt"]},{"damage_healed":0,"gold_gain":0,"player_choice":"Ignored","damage_taken":0,"max_hp_gain":0,"max_hp_loss":0,"event_name":"Shining Light","floor":14,"gold_loss":0},{"damage_healed":0,"gold_gain":0,"player_choice":"Read","damage_taken":0,"max_hp_gain":0,"max_hp_loss":0,"event_name":"The Library","floor":20,"gold_loss":0,"cards_obtained":["Well Laid Plans"]}],"is_beta":false,"boss_relics":[{"not_picked":["Runic Dome","Velvet Choker"],"picked":"Lizard Tail"}],"items_purged_floors":[5,24],"is_endless":false,"potions_floor_spawned":[1,6,8,11,19,22,28],"killed_by":"Gremlin Leader","ascension_level":1}