{"gold_per_floor":[11,23,23,43,43,76,31,31,31,31,46,46,46,46,46,46],"floor_reached":16,"playtime":911,"items_purged":[],"score":123,"play_id":"10f2e1b6-88fd-467e-a9af-c0d7903da74d","local_time":"20180812170006","is_ascension_mode":true,"campfire_choices":[{"floor":8,"key":"REST"},{"floor":12,"key":"REST"},{"floor":15,"key":"REST"}],"neow_cost":"NO_GOLD","seed_source_timestamp":32747515702796,"circlet_count":0,"master_deck":["Defend_G","Defend_G+1","Defend_G","Defend_G","Defend_G","Strike_G","Strike_G","Strike_G","Strike_G","Strike_G","Survivor","Neutralize","Bouncing Flask","Quick Slash","Outmaneuver+1","Wraith Form v2","PiercingWail","Leg Sweep"],"relics":["Ring of the Snake","Du-Vu Doll","Oddly Smooth Stone","Incense Burner","Kunai","Thread and Needle"],"potions_floor_usage":[16],"damage_taken":[{"damage":8,"enemies":"Cultist","floor":1,"turns":5},{"damage":0,"enemies":"Small Slimes","floor":2,"turns":3},{"damage":0,"enemies":"2 Louse","floor":4,"turns":4},{"damage":57,"enemies":"Gremlin Nob","floor":6,"turns":6},{"damage":10,"enemies":"Exordium Wildlife","floor":11,"turns":7},{"damage":65,"enemies":"Slime Boss","floor":16,"turns":14}],"seed_played":"-1703627399832285945","potions_obtained":[{"floor":1,"key":"Energy Potion"},{"floor":11,"key":"Ancient Potion"}],"is_trial":false,"path_per_floor":["M","M","?","M","?","E","$","R","T","$","M","R","T","?","R"],"character_chosen":"THE_SILENT","items_purchased":["PiercingWail"],"campfire_rested":3,"item_purchase_floors":[7],"current_hp_per_floor":[76,76,76,76,59,2,2,27,27,27,17,42,42,30,55,0],"gold":46,"neow_bonus":"TWENTY_PERCENT_HP_BONUS","is_prod":false,"is_daily":false,"chose_seed":false,"campfire_upgraded":0,"win_rate":0,"timestamp":1534107606,"path_taken":["M","M","?","?","?","E","$","R","T","?","M","R","?","?","R","BOSS"],"build_version":"2018-08-09","purchased_purges":0,"victory":false,"max_hp_per_floor":[84,84,84,84,84,84,84,84,84,84,84,84,84,84,84,84],"card_choices":[{"not_picked":["PiercingWail","Deflect"],"picked":"Bouncing Flask","floor":1},{"not_picked":["Outmaneuver","Concentrate"],"picked":"Quick Slash","floor":2},{"not_picked":["Slice","Dagger Spray"],"picked":"Outmaneuver","floor":4},{"not_picked":["Dagger Throw","Deadly Poison"],"picked":"Wraith Form v2","floor":6},{"not_picked":["Blade Dance","Backflip"],"picked":"Leg Sweep","floor":11}],"player_experience":1513217,"relics_obtained":[{"floor":6,"key":"Oddly Smooth Stone"},{"floor":9,"key":"Incense Burner"},{"floor":13,"key":"Kunai"}],"event_choices":[{"event_name":"WeMeetAgain","player_choice":"Potion","floor":3,"damage_taken":0},{"event_name":"Shining Light","player_choice":"Entered Light","floor":5,"damage_taken":0},{"event_name":"Scrap Ooze","player_choice":"success","floor":14,"damage_taken":12}],"is_beta":false,"boss_relics":[],"items_purged_floors":[],"is_endless":false,"potions_floor_spawned":[1,11],"killed_by":"Slime Boss","ascension_level":5}