{"gold_per_floor":[110,185,185,210,210,254,254,294,294,338,338,353,366,391,391,391],"floor_reached":16,"playtime":620,"items_purged":[],"score":160,"play_id":"c099e924-ef09-4888-8444-b70dea1d7d7f","local_time":"20191016084041","is_ascension_mode":true,"campfire_choices":[{"floor":11,"key":"REST"},{"floor":15,"key":"REST"}],"neow_cost":"NONE","seed_source_timestamp":237557196956644,"circlet_count":0,"master_deck":["Strike_G","Strike_G","Strike_G","Strike_G","Strike_G","Defend_G+1","Defend_G","Defend_G","Defend_G","Defend_G+1","Survivor","Neutralize","Riddle With Holes","Injury","Accuracy","Dash","Deflect","Catalyst","Blade Dance","Bouncing Flask","Deadly Poison"],"relics":["Ring of the Snake","NeowsBlessing","Golden Idol","Smiling Mask","Oddly Smooth Stone","War Paint","Sundial"],"potions_floor_usage":[8,10,14,16],"damage_taken":[{"damage":0,"enemies":"Cultist","floor":1,"turns":1},{"damage":0,"enemies":"Small Slimes","floor":4,"turns":1},{"damage":0,"enemies":"Gremlin Nob","floor":6,"turns":1},{"damage":41,"enemies":"3 Sentries","floor":8,"turns":10},{"damage":21,"enemies":"Gremlin Nob","floor":10,"turns":5},{"damage":5,"enemies":"2 Louse","floor":12,"turns":3},{"damage":13,"enemies":"Lots of Slimes","floor":13,"turns":6},{"damage":6,"enemies":"Gremlin Gang","floor":14,"turns":5},{"damage":28,"enemies":"The Guardian","floor":16,"turns":7}],"seed_played":"6289110076537015411","potions_obtained":[{"floor":1,"key":"LiquidBronze"},{"floor":6,"key":"FearPotion"},{"floor":10,"key":"SteroidPotion"},{"floor":13,"key":"LiquidMemories"}],"is_trial":false,"path_per_floor":["M","?","?","M","?","E","T","E","T","E","R","M","M","M","R","B"],"character_chosen":"THE_SILENT","items_purchased":[],"campfire_rested":2,"item_purchase_floors":[],"current_hp_per_floor":[70,59,59,59,70,70,70,29,29,8,29,24,11,5,26,0],"gold":391,"neow_bonus":"THREE_ENEMY_KILL","is_prod":false,"is_daily":false,"chose_seed":false,"campfire_upgraded":0,"win_rate":0,"timestamp":1571226041,"path_taken":["M","?","?","M","?","E","?","E","T","E","R","M","M","?","R","BOSS"],"build_version":"2019-10-15","purchased_purges":0,"victory":false,"max_hp_per_floor":[70,70,70,70,70,70,70,70,70,70,70,70,70,70,70,70],"card_choices":[{"not_picked":["Dagger Throw","Acrobatics"],"picked":"Riddle With Holes","floor":1},{"not_picked":["Crippling Poison","Dash"],"picked":"Accuracy","floor":4},{"not_picked":["Sucker Punch","Skewer"],"picked":"Dash","floor":6},{"not_picked":["Well Laid Plans","Concentrate"],"picked":"Deflect","floor":8},{"not_picked":["Flechettes","Endless Agony"],"picked":"Catalyst","floor":10},{"not_picked":["Expertise","Bouncing Flask"],"picked":"Blade Dance","floor":12},{"not_picked":["Dagger Spray","Crippling Poison"],"picked":"Bouncing Flask","floor":13},{"not_picked":["Choke","Grand Finale"],"picked":"Deadly Poison","floor":14}],"player_experience":456731,"relics_obtained":[{"floor":6,"key":"Smiling Mask"},{"floor":8,"key":"Oddly Smooth Stone"},{"floor":9,"key":"War Paint"},{"floor":10,"key":"Sundial"}],"event_choices":[{"damage_healed":0,"gold_gain":75,"player_choice":"Gather Gold","damage_taken":11,"max_hp_gain":0,"max_hp_loss":0,"event_name":"World of Goop","floor":2,"gold_loss":0},{"damage_healed":0,"gold_gain":0,"player_choice":"Take Wound","damage_taken":0,"relics_obtained":["Golden Idol"],"max_hp_gain":0,"max_hp_loss":0,"event_name":"Golden Idol","floor":3,"gold_loss":0,"cards_obtained":["Injury"]},{"damage_healed":23,"gold_gain":0,"player_choice":"Banana","damage_taken":0,"max_hp_gain":0,"max_hp_loss":0,"event_name":"Big Fish","floor":5,"gold_loss":0}],"is_beta":true,"boss_relics":[],"items_purged_floors":[],"is_endless":false,"potions_floor_spawned":[1,6,10,13],"killed_by":"The Guardian","ascension_level":2}