{"gold_per_floor":[113,113,124,124,143,143,159,159,159,159,159,179,25,37,37,136,136,154,169,45,45,21,21,40,59,59,59,73,73,105,105,105,203,203,219,64,76,1075,190,190,215,232,314,326,326,379,379,0,0,0],"floor_reached":51,"playtime":6561,"items_purged":["Defend_G","Normality"],"score":901,"play_id":"0cca38f5-458e-45f9-9206-35844a8f4f05","local_time":"20180825131739","is_ascension_mode":true,"campfire_choices":[{"data":"Burst","floor":6.0,"key":"SMITH"},{"data":"Neutralize","floor":8.0,"key":"SMITH"},{"data":"Quick Slash","floor":11.0,"key":"SMITH"},{"floor":15.0,"key":"REST"},{"data":"Phantasmal Killer","floor":23,"key":"SMITH"},{"floor":27,"key":"REST"},{"floor":29,"key":"REST"},{"floor":32,"key":"REST"},{"floor":40,"key":"REST"},{"floor":47,"key":"REST"},{"floor":49,"key":"REST"}],"neow_cost":"NONE","seed_source_timestamp":0,"circlet_count":0,"master_deck":["Defend_G","Defend_G","Defend_G","Defend_G","Strike_G","Strike_G","Strike_G","Strike_G","Survivor","Neutralize+1","Burst+1","Quick Slash+1","Deadly Poison","Acrobatics","Footwork","Dagger Throw","Crippling Poison","Glass Knife","Phantasmal Killer+1","Deflect+1","Slice+1","Outmaneuver","Cloak And Dagger","Deflect","Outmaneuver","Riddle With Holes+1","Terror","Flash of Steel+1","Heel Hook+1","Malaise","Skewer+1","Bane+1","Normality","Deflect","Noxious Fumes","Sadistic Nature","Bane+1","Flying Knee+1","Prepared","Prepared"],"special_seed":0,"relics":["Ring of the Snake","Pear","Snake Skull","Runic Pyramid","Molten Egg 2","Bottled Tornado","Bag of Preparation","Sozu","Happy Flower","Gremlin Horn","Vajra","Orichalcum","Matryoshka","Darkstone Periapt","Lantern","Red Mask"],"potions_floor_usage":[18,18,33,50],"damage_taken":[{"damage":9.0,"enemies":"Small Slimes","floor":1.0,"turns":6.0},{"damage":1.0,"enemies":"Jaw Worm","floor":3.0,"turns":3.0},{"damage":0.0,"enemies":"2 Louse","floor":5.0,"turns":4.0},{"damage":3.0,"enemies":"2 Fungi Beasts","floor":7.0,"turns":6.0},{"damage":33.0,"enemies":"Gremlin Gang","floor":12.0,"turns":4.0},{"damage":0.0,"enemies":"Large Slime","floor":14.0,"turns":5.0},{"damage":9.0,"enemies":"The Guardian","floor":16.0,"turns":13.0},{"damage":25,"enemies":"2 Thieves","floor":18,"turns":5},{"damage":14,"enemies":"Spheric Guardian","floor":19,"turns":5},{"damage":8,"enemies":"Snake Plant","floor":24,"turns":5},{"damage":15,"enemies":"Cultist and Chosen","floor":25,"turns":5},{"damage":0,"enemies":"Chosen and Byrds","floor":28,"turns":6},{"damage":26,"enemies":"Book of Stabbing","floor":30,"turns":8},{"damage":27,"enemies":"Automaton","floor":33,"turns":11},{"damage":22,"enemies":"3 Darklings","floor":35,"turns":6},{"damage":0,"enemies":"3 Shapes","floor":37,"turns":5},{"damage":29,"enemies":"Giant Head","floor":41,"turns":8},{"damage":23,"enemies":"Spire Growth","floor":42,"turns":5},{"damage":20,"enemies":"Sphere and 2 Shapes","floor":44,"turns":6},{"damage":46,"enemies":"Donu and Deca","floor":50,"turns":11}],"seed_played":"4713547897794440517","potions_obtained":[{"floor":1.0,"key":"Block Potion"},{"floor":7.0,"key":"Explosive Potion"},{"floor":12.0,"key":"SpeedPotion"},{"floor":16.0,"key":"Energy Potion"},{"floor":18,"key":"Fruit Juice"},{"floor":25,"key":"Poison Potion"},{"floor":33,"key":"GamblersBrew"}],"is_trial":false,"path_per_floor":["M","?","M","?","M","R","M","R","T","?","R","M","$","M","R","B",null,"M","M","$","?","$","R","M","M","T","R","M","R","E","?","R","B",null,"M","$","M","?","$","R","E","M","T","M","?","T","R","?","R","B"],"character_chosen":"THE_SILENT","items_purchased":["Snake Skull","Outmaneuver","Cloak And Dagger","Happy Flower","Deflect","Noxious Fumes","Sadistic Nature","Bane+1","Gremlin Horn","Vajra","Flying Knee+1"],"campfire_rested":7,"item_purchase_floors":[13,20,22,36,39,39,39,39,39,39,39],"current_hp_per_floor":[54,54,53,53,53,53,50,50,60,80,80,47,47,47,71,62,76,56,42,42,42,42,42,34,19,19,44,44,69,43,43,68,41,74,52,52,52,52,52,77,48,25,25,5,5,5,30,30,55,9],"gold":0,"neow_bonus":"ONE_RANDOM_RARE_CARD","is_prod":false,"is_daily":false,"chose_seed":false,"campfire_upgraded":4,"win_rate":0,"timestamp":1535195859,"path_taken":["M","?","M","?","M","R","M","R","T","?","R","M","$","M","R","BOSS","M","M","$","?","$","R","M","M","T","R","M","R","E","?","R","BOSS","M","$","M","?","$","R","E","M","T","M","?","?","R","?","R","BOSS"],"build_version":"2018-08-16","purchased_purges":2,"victory":true,"max_hp_per_floor":[70,70,70,70,70,70,70,70,80,80,80,80,80,80,80,80,80,85,85,85,85,85,85,85,85,85,85,85,85,85,85,85,85,85,85,85,85,85,85,85,85,85,85,85,85,85,85,85,85,85],"card_choices":[{"not_picked":["Backstab","Accuracy"],"picked":"Quick Slash","floor":1.0},{"not_picked":["Dodge and Roll","Blur"],"picked":"Deadly Poison","floor":3.0},{"not_picked":["Outmaneuver","Escape Plan"],"picked":"Footwork","floor":5.0},{"not_picked":["Escape Plan","PiercingWail"],"picked":"Dagger Throw","floor":7.0},{"not_picked":["Dagger Spray","Tactician"],"picked":"Crippling Poison","floor":12.0},{"not_picked":["Flying Knee","Underhanded Strike"],"picked":"Glass Knife","floor":14.0},{"not_picked":["Venomology","A Thousand Cuts"],"picked":"Phantasmal Killer","floor":16.0},{"not_picked":["Underhanded Strike","Masterful Stab+1"],"picked":"Deflect+1","floor":18},{"not_picked":["Accuracy+1","Distraction"],"picked":"Slice+1","floor":19},{"not_picked":["Sucker Punch+1","Choke+1"],"picked":"Deflect","floor":24},{"not_picked":["Dagger Spray+1","Blade Dance"],"picked":"Outmaneuver","floor":25},{"not_picked":["Footwork","Deadly Poison"],"picked":"Riddle With Holes+1","floor":28},{"not_picked":["Leg Sweep+1","Escape Plan"],"picked":"Terror","floor":30},{"not_picked":["Tools of the Trade","Venomology"],"picked":"Malaise","floor":33},{"not_picked":["Backstab+1","Deflect"],"picked":"Skewer+1","floor":35},{"not_picked":["Distraction+1","Leg Sweep+1"],"picked":"Bane+1","floor":37},{"not_picked":["Dodge and Roll","Predator+1","Accuracy"],"picked":"SKIP","floor":41},{"not_picked":["Backflip","Slice+1"],"picked":"Prepared","floor":42},{"not_picked":["Dagger Throw+1","Backflip"],"picked":"Prepared","floor":44}],"player_experience":1570082,"relics_obtained":[{"floor":9.0,"key":"Pear"},{"floor":26,"key":"Bottled Tornado"},{"floor":30,"key":"Bag of Preparation"},{"floor":41,"key":"Orichalcum"},{"floor":43,"key":"Matryoshka"},{"floor":46,"key":"Darkstone Periapt"},{"floor":46,"key":"Lantern"}],"event_choices":[{"event_name":"Liars Game","player_choice":"disagreed","floor":2.0,"damage_taken":0.0},{"event_name":"Living Wall","player_choice":"Change","floor":4.0,"damage_taken":0.0},{"event_name":"Wheel of Change","player_choice":"Full Heal","floor":10.0,"damage_taken":0.0},{"event_name":"Wheel of Change","player_choice":"Relic","floor":21,"damage_taken":0},{"event_name":"Match and Keep!","player_choice":"2 cards matched","floor":31,"damage_taken":0},{"event_name":"MindBloom","player_choice":"Gold","floor":38,"damage_taken":0},{"event_name":"Mysterious Sphere","player_choice":"Ignore","floor":45,"damage_taken":0},{"event_name":"Tomb of Lord Red Mask","player_choice":"Paid","floor":48,"damage_taken":0}],"is_beta":false,"boss_relics":[{"not_picked":["Calling Bell","WristBlade"],"picked":"Runic Pyramid"},{"not_picked":["White Beast Statue","Eternal Feather"],"picked":"Sozu"}],"items_purged_floors":[20,39],"is_endless":false,"potions_floor_spawned":[1,7,12,16,18,25,33,37,44],"ascension_level":6}