{"gold_per_floor":[19,37,57,67,79,79,94,94,94,119,119,119,119,152,152,223,223,241,166,193,36,52,86,86,86],"floor_reached":25,"playtime":2715,"items_purged":[],"score":487,"play_id":"174e69d5-ea03-4530-ae75-ac7b535825ca","local_time":"20190903235845","is_ascension_mode":true,"campfire_choices":[{"data":"Armaments","floor":6,"key":"SMITH"},{"floor":8,"key":"REST"},{"floor":13,"key":"REST"},{"floor":15,"key":"REST"},{"floor":24,"key":"REST"}],"neow_cost":"NO_GOLD","seed_source_timestamp":978962238735207,"circlet_count":0,"master_deck":["AscendersBane","Strike_R","Strike_R","Strike_R","Strike_R","Defend_R","Defend_R","Defend_R","Defend_R","Bash","Thunderclap","Armaments+1","Uppercut","Hemokinesis","Spot Weakness","Reaper","Immolate","Pommel Strike","Brutality","Twin Strike","Heavy Blade","Inflame","Iron Wave","Impervious","Dropkick+1"],"relics":["Burning Blood","Champion Belt","Pocketwatch","Ice Cream","Orrery","Regal Pillow","Mango"],"potions_floor_usage":[10,14,16,18,23],"damage_taken":[{"damage":21,"enemies":"Jaw Worm","floor":1,"turns":5},{"damage":8,"enemies":"2 Louse","floor":2,"turns":3},{"damage":18,"enemies":"Cultist","floor":3,"turns":5},{"damage":7,"enemies":"2 Fungi Beasts","floor":4,"turns":5},{"damage":12,"enemies":"Looter","floor":5,"turns":3},{"damage":11,"enemies":"Blue Slaver","floor":7,"turns":3},{"damage":64,"enemies":"Gremlin Nob","floor":10,"turns":6},{"damage":13,"enemies":"Lagavulin","floor":14,"turns":6},{"damage":15,"enemies":"The Guardian","floor":16,"turns":12},{"damage":16,"enemies":"3 Byrds","floor":18,"turns":4},{"damage":33,"enemies":"Spheric Guardian","floor":22,"turns":6},{"damage":68,"enemies":"Gremlin Leader","floor":23,"turns":8},{"damage":99,"enemies":"Slavers","floor":25,"turns":4}],"seed_played":"-5136603170315068183","potions_obtained":[{"floor":3,"key":"Dexterity Potion"},{"floor":10,"key":"Block Potion"},{"floor":14,"key":"LiquidBronze"},{"floor":16,"key":"Fire Potion"},{"floor":22,"key":"Block Potion"}],"is_trial":false,"path_per_floor":["M","M","M","M","M","R","M","R","T","E","?","?","R","E","R","B",null,"M","?","T","$","M","E","R","E"],"character_chosen":"IRONCLAD","items_purchased":["Impervious"],"campfire_rested":4,"item_purchase_floors":[21],"current_hp_per_floor":[67,65,53,52,46,46,41,67,67,15,15,15,41,44,70,82,87,77,77,77,77,50,25,70,0],"gold":86,"neow_bonus":"TWENTY_PERCENT_HP_BONUS","is_prod":false,"is_daily":false,"chose_seed":false,"campfire_upgraded":1,"win_rate":0,"timestamp":1567569525,"path_taken":["M","M","M","M","M","R","M","R","T","E","?","?","R","E","R","BOSS","M","?","?","$","M","E","R","E"],"build_version":"2019-01-23","purchased_purges":0,"victory":false,"max_hp_per_floor":[89,89,89,89,89,89,89,89,89,89,89,89,89,89,89,89,89,89,89,89,89,89,103,103,103],"card_choices":[{"not_picked":["True Grit","Clash"],"picked":"Thunderclap","floor":1},{"not_picked":["Wild Strike","Seeing Red"],"picked":"Armaments","floor":2},{"not_picked":["Ghostly Armor","Perfected Strike"],"picked":"Uppercut","floor":3},{"not_picked":["Whirlwind","Thunderclap"],"picked":"Hemokinesis","floor":4},{"not_picked":["Havoc","Headbutt"],"picked":"Spot Weakness","floor":5},{"not_picked":["Thunderclap","Anger"],"picked":"Reaper","floor":7},{"not_picked":["Havoc","Thunderclap"],"picked":"Immolate","floor":10},{"not_picked":["Clothesline","Rampage"],"picked":"Pommel Strike","floor":14},{"not_picked":["Exhume","Juggernaut"],"picked":"Brutality","floor":16},{"not_picked":["Cleave","Warcry"],"picked":"Twin Strike","floor":17},{"not_picked":["Rampage","Berserk"],"picked":"Heavy Blade","floor":17},{"not_picked":["Iron Wave","Anger"],"picked":"Inflame","floor":17},{"not_picked":["Havoc","Cleave"],"picked":"Iron Wave","floor":18},{"not_picked":["Havoc","Anger","Dual Wield+1"],"picked":"SKIP","floor":22},{"not_picked":["Body Slam","Armaments"],"picked":"Dropkick+1","floor":23}],"player_experience":2900835,"relics_obtained":[{"floor":9,"key":"Champion Belt"},{"floor":10,"key":"Pocketwatch"},{"floor":14,"key":"Ice Cream"},{"floor":20,"key":"Regal Pillow"},{"floor":23,"key":"Mango"}],"event_choices":[{"damage_healed":0,"gold_gain":0,"player_choice":"Ignored","damage_taken":0,"max_hp_gain":0,"max_hp_loss":0,"event_name":"Shining Light","floor":11,"gold_loss":0},{"damage_healed":0,"gold_gain":0,"player_choice":"Fled","damage_taken":0,"max_hp_gain":0,"max_hp_loss":0,"event_name":"Scrap Ooze","floor":12,"gold_loss":0},{"cards_removed":["Strike_R"],"damage_healed":0,"gold_gain":0,"player_choice":"Gave Gold","damage_taken":0,"max_hp_gain":0,"max_hp_loss":0,"event_name":"Beggar","floor":19,"gold_loss":75}],"is_beta":false,"boss_relics":[{"not_picked":["Black Star","Busted Crown"],"picked":"Orrery"}],"items_purged_floors":[],"is_endless":false,"potions_floor_spawned":[3,10,14,16,22],"killed_by":"Slavers","ascension_level":20}