{"gold_per_floor":[109,109,8,0,19,19,33,48,74,104,69,89,117,135,135,209,209,220,145,19,19,32,32,32,32,101,101],"floor_reached":27,"playtime":1941,"items_purged":[],"score":422,"play_id":"f217b9d8-157e-442b-98c6-02f24e750d0f","local_time":"20190812204603","is_ascension_mode":true,"campfire_choices":[{"floor":6,"key":"REST"},{"data":"Disarm","floor":15,"key":"SMITH"},{"floor":23,"key":"REST"}],"neow_cost":"PERCENT_DAMAGE","seed_source_timestamp":600050141586522,"circlet_count":0,"master_deck":["AscendersBane","Strike_R","Strike_R","Strike_R","Defend_R","Defend_R","Defend_R","Bash","Anger","Carnage","Cleave","Thunderclap","Rampage","Fiend Fire","Bloodletting","Shrug It Off","Pommel Strike","Disarm+1","Demon Form","Headbutt","Bandage Up","Shrug It Off","Decay","Rupture"],"relics":["Burning Blood","Orichalcum","Odd Mushroom","Bag of Marbles","Nilry\u0027s Codex","Dodecahedron"],"potions_floor_usage":[7,13,13,14,27],"damage_taken":[{"damage":13,"enemies":"Small Slimes","floor":1,"turns":4},{"damage":7,"enemies":"Jaw Worm","floor":5,"turns":4},{"damage":6,"enemies":"2 Louse","floor":7,"turns":2},{"damage":16,"enemies":"Blue Slaver","floor":8,"turns":4},{"damage":37,"enemies":"The Mushroom Lair","floor":10,"turns":4},{"damage":3,"enemies":"3 Louse","floor":12,"turns":2},{"damage":6,"enemies":"3 Sentries","floor":13,"turns":4},{"damage":21,"enemies":"Large Slime","floor":14,"turns":5},{"damage":23,"enemies":"Hexaghost","floor":16,"turns":11},{"damage":28,"enemies":"3 Byrds","floor":18,"turns":6},{"damage":22,"enemies":"Shell Parasite","floor":22,"turns":6},{"damage":31,"enemies":"Cultist and Chosen","floor":27,"turns":5}],"seed_played":"-8362574387875620797","potions_obtained":[{"floor":5,"key":"BloodPotion"},{"floor":10,"key":"LiquidBronze"},{"floor":12,"key":"Poison Potion"},{"floor":13,"key":"BloodPotion"},{"floor":22,"key":"AttackPotion"}],"is_trial":false,"path_per_floor":["M","?","$","?","M","R","M","M","T","?","?","M","E","M","R","B",null,"M","?","$","?","M","R","?","?","T","M"],"character_chosen":"IRONCLAD","items_purchased":["Carnage","Cleave","Bandage Up","Shrug It Off"],"campfire_rested":2,"item_purchase_floors":[3,3,20,20],"current_hp_per_floor":[43,32,32,32,31,53,60,50,50,19,37,40,40,32,32,15,60,38,38,38,38,26,48,48,27,27,0],"gold":101,"neow_bonus":"REMOVE_TWO","is_prod":false,"is_daily":false,"chose_seed":false,"campfire_upgraded":1,"win_rate":0,"timestamp":1565657163,"path_taken":["M","?","$","?","M","R","M","M","T","?","?","?","E","M","R","BOSS","M","?","$","?","?","R","?","?","T","M"],"build_version":"2019-01-23","purchased_purges":0,"victory":false,"max_hp_per_floor":[75,75,75,75,75,75,75,75,75,75,75,75,75,75,75,75,75,75,75,75,75,75,75,75,75,75,75],"card_choices":[{"not_picked":["Clothesline","Reckless Charge"],"picked":"Anger","floor":1},{"not_picked":["Anger","Sword Boomerang"],"picked":"Thunderclap","floor":5},{"not_picked":["Sentinel","Twin Strike"],"picked":"Rampage","floor":7},{"not_picked":["Perfected Strike","Flex"],"picked":"Fiend Fire","floor":8},{"not_picked":["Body Slam","Rampage"],"picked":"Bloodletting","floor":10},{"not_picked":["Clash","Ghostly Armor"],"picked":"Shrug It Off","floor":12},{"not_picked":["Twin Strike","Warcry"],"picked":"Pommel Strike","floor":13},{"not_picked":["Twin Strike","Feel No Pain"],"picked":"Disarm","floor":14},{"not_picked":["Exhume","Fiend Fire"],"picked":"Demon Form","floor":16},{"not_picked":["Pommel Strike","Hemokinesis"],"picked":"Headbutt","floor":18},{"not_picked":["Dual Wield","Perfected Strike"],"picked":"Rupture","floor":22}],"player_experience":2787405,"relics_obtained":[{"floor":9,"key":"Orichalcum"},{"floor":10,"key":"Odd Mushroom"},{"floor":13,"key":"Bag of Marbles"},{"floor":25,"key":"Nilry\u0027s Codex"},{"floor":26,"key":"Dodecahedron"}],"event_choices":[{"damage_healed":0,"gold_gain":0,"player_choice":"Fled","damage_taken":11,"max_hp_gain":0,"max_hp_loss":0,"event_name":"Scrap Ooze","floor":2,"gold_loss":0},{"damage_healed":0,"gold_gain":0,"player_choice":"Left Gold","damage_taken":0,"max_hp_gain":0,"max_hp_loss":0,"event_name":"World of Goop","floor":4,"gold_loss":8},{"damage_healed":0,"gold_gain":0,"player_choice":"Fought Mushrooms","damage_taken":0,"max_hp_gain":0,"max_hp_loss":0,"event_name":"Mushrooms","floor":10,"gold_loss":0},{"damage_healed":18,"gold_gain":0,"player_choice":"Healed","damage_taken":0,"max_hp_gain":0,"max_hp_loss":0,"event_name":"The Cleric","floor":11,"gold_loss":35},{"cards_removed":["Strike_R"],"damage_healed":0,"gold_gain":0,"player_choice":"Gave Gold","damage_taken":0,"max_hp_gain":0,"max_hp_loss":0,"event_name":"Beggar","floor":19,"gold_loss":75},{"damage_healed":0,"gold_gain":0,"player_choice":"Cursed","damage_taken":0,"max_hp_gain":0,"max_hp_loss":0,"event_name":"Wheel of Change","floor":21,"gold_loss":0,"cards_obtained":["Decay"]},{"damage_healed":0,"gold_gain":0,"player_choice":"Ignored","damage_taken":0,"max_hp_gain":0,"max_hp_loss":0,"event_name":"Vampires","floor":24,"gold_loss":0},{"damage_healed":0,"gold_gain":0,"player_choice":"Obtained Book","damage_taken":21,"max_hp_gain":0,"max_hp_loss":0,"event_name":"Cursed Tome","floor":25,"gold_loss":0}],"is_beta":false,"boss_relics":[{"not_picked":["Coffee Dripper","Runic Pyramid","Pandora\u0027s Box"]}],"items_purged_floors":[],"is_endless":false,"potions_floor_spawned":[5,10,12,13,22],"killed_by":"Cultist and Chosen","ascension_level":20}