{"gold_per_floor":[115,131,55,73,5,34,109,109,154,174,174,185,217,232,232,337,337,348,364,375,375,375,375,408,408,431,80,80,80,94,114,114,114],"floor_reached":33,"playtime":2469,"items_purged":[],"score":277,"play_id":"9e0452ca-7b6a-460e-8f7d-4339ab662560","local_time":"20191025121556","is_ascension_mode":false,"campfire_choices":[{"floor":8.0,"key":"REST"},{"floor":15.0,"key":"REST"},{"floor":23,"key":"REST"},{"floor":25,"key":"REST"},{"floor":28,"key":"REST"},{"floor":32,"key":"REST"}],"neow_cost":"NONE","seed_source_timestamp":0,"circlet_count":0,"master_deck":["Strike_P","Strike_P","Strike_P","Strike_P","Defend_P","Defend_P","Defend_P","Defend_P","Eruption","Vigilance","ReachHeaven","Protect","EmptyFist","FollowUp","WaveOfTheHand","ReachHeaven","WindmillStrike","ThirdEye","TalkToTheHand","BowlingBash","Brilliance","FollowUp","Vault","SashWhip+1","CrushJoints","ClearTheMind+1","Writhe","Fasting2","Protect","Pain","CrushJoints","Protect"],"special_seed":0,"relics":["PureWater","Potion Belt","Tiny Chest","Velvet Choker","Oddly Smooth Stone","Anchor","Nunchaku","Torii","WarpedTongs"],"potions_floor_usage":[24,33,33],"damage_taken":[{"damage":8.0,"enemies":"2 Louse","floor":1.0,"turns":3.0},{"damage":0.0,"enemies":"Cultist","floor":2.0,"turns":3.0},{"damage":0.0,"enemies":"Jaw Worm","floor":4.0,"turns":3.0},{"damage":10.0,"enemies":"3 Sentries","floor":6.0,"turns":4.0},{"damage":10.0,"enemies":"Looter","floor":10.0,"turns":3.0},{"damage":9.0,"enemies":"Gremlin Gang","floor":12.0,"turns":6.0},{"damage":12.0,"enemies":"Gremlin Nob","floor":13.0,"turns":5.0},{"damage":12.0,"enemies":"2 Fungi Beasts","floor":14.0,"turns":3.0},{"damage":42.0,"enemies":"Slime Boss","floor":16.0,"turns":9.0},{"damage":0,"enemies":"Chosen","floor":18,"turns":7},{"damage":12,"enemies":"2 Thieves","floor":19,"turns":4},{"damage":5,"enemies":"Snecko","floor":20,"turns":5},{"damage":43,"enemies":"Slavers","floor":24,"turns":7},{"damage":37,"enemies":"Centurion and Healer","floor":30,"turns":8},{"damage":34,"enemies":"3 Cultists","floor":31,"turns":7},{"damage":38,"enemies":"Automaton","floor":33,"turns":7}],"seed_played":"-2906713843868017818","potions_obtained":[{"floor":1.0,"key":"ColorlessPotion"},{"floor":6.0,"key":"Ancient Potion"},{"floor":12.0,"key":"AttackPotion"},{"floor":18,"key":"Energy Potion"},{"floor":24,"key":"Weak Potion"}],"is_trial":false,"path_per_floor":["M","M","$","M","$","E","?","R","T","M","?","M","E","M","R","B",null,"M","M","M","?","?","R","E","R","T","$","R","?","M","M","R","B"],"character_chosen":"WATCHER","items_purchased":["EmptyFist","FollowUp","ReachHeaven","Torii","Protect"],"campfire_rested":6,"item_purchase_floors":[3,3,5,27,27],"current_hp_per_floor":[71,71,71,71,71,61,50,73,73,63,63,54,42,36,59,17,79,79,67,62,47,47,72,35,60,60,60,84,84,47,13,38,0],"gold":114,"neow_bonus":"TEN_PERCENT_HP_BONUS","is_prod":false,"is_daily":false,"chose_seed":false,"campfire_upgraded":0,"win_rate":0.0,"timestamp":1572016556,"path_taken":["M","M","$","M","$","E","?","R","T","M","?","?","E","M","R","BOSS","M","M","M","?","?","R","E","R","T","$","R","?","M","M","R","BOSS"],"build_version":"2019-10-25","purchased_purges":0,"victory":false,"max_hp_per_floor":[79,79,79,79,79,79,79,79,79,79,79,79,79,79,79,79,79,79,79,79,84,84,84,84,84,84,84,84,84,84,84,84,84],"card_choices":[{"not_picked":["ClearTheMind","CrushJoints"],"picked":"ReachHeaven","floor":1.0},{"not_picked":["SashWhip","EmptyBody"],"picked":"Protect","floor":2.0},{"not_picked":["Worship","CutThroughFate"],"picked":"WaveOfTheHand","floor":4.0},{"not_picked":["ForeignInfluence","TalkToTheHand"],"picked":"WindmillStrike","floor":6.0},{"not_picked":["SandsOfTime","Halt"],"picked":"ThirdEye","floor":10.0},{"not_picked":["EmptyBody","EmptyFist"],"picked":"BowlingBash","floor":12.0},{"not_picked":["Halt","CrushJoints"],"picked":"Brilliance","floor":13.0},{"not_picked":["InnerPeace","ThirdEye"],"picked":"FollowUp","floor":14.0},{"not_picked":["DevaForm","Scrawl"],"picked":"Vault","floor":16.0},{"not_picked":["Indignation","FlurryOfBlows"],"picked":"SashWhip+1","floor":18},{"not_picked":["Weave+1","CutThroughFate"],"picked":"CrushJoints","floor":19},{"not_picked":["Meditate","CrushJoints"],"picked":"ClearTheMind+1","floor":20},{"not_picked":["Crescendo","Weave+1"],"picked":"Fasting2","floor":24},{"not_picked":["Evaluate","Nirvana"],"picked":"CrushJoints","floor":30},{"not_picked":["Consecrate+1","LikeWater"],"picked":"Protect","floor":31}],"player_experience":478695,"relics_obtained":[{"floor":6.0,"key":"Potion Belt"},{"floor":13.0,"key":"Tiny Chest"},{"floor":24,"key":"Anchor"},{"floor":26,"key":"Nunchaku"}],"event_choices":[{"damage_healed":0.0,"max_hp_gain":0.0,"max_hp_loss":0.0,"gold_gain":75.0,"event_name":"World of Goop","player_choice":"Gather Gold","floor":7.0,"gold_loss":0.0,"damage_taken":11.0},{"damage_healed":0.0,"max_hp_gain":0.0,"max_hp_loss":0.0,"gold_gain":0.0,"event_name":"Match and Keep!","player_choice":"1 cards matched","floor":11.0,"gold_loss":0.0,"damage_taken":0.0,"cards_obtained":["TalkToTheHand"]},{"damage_healed":0,"gold_gain":0,"player_choice":"Shed Blood","damage_taken":20,"max_hp_gain":5,"max_hp_loss":0,"event_name":"Forgotten Altar","floor":21,"gold_loss":0},{"damage_healed":0,"gold_gain":0,"player_choice":"Opened","damage_taken":0,"relics_obtained":["Oddly Smooth Stone"],"max_hp_gain":0,"max_hp_loss":0,"event_name":"The Mausoleum","floor":22,"gold_loss":0,"cards_obtained":["Writhe"]},{"damage_healed":0,"gold_gain":0,"player_choice":"Rummage","damage_taken":0,"relics_obtained":["WarpedTongs"],"max_hp_gain":0,"max_hp_loss":0,"event_name":"Accursed Blacksmith","floor":29,"gold_loss":0,"cards_obtained":["Pain"]}],"is_beta":true,"boss_relics":[{"not_picked":["Runic Dome","Ectoplasm"],"picked":"Velvet Choker"}],"items_purged_floors":[],"is_endless":false,"potions_floor_spawned":[1,6,12,18,24],"killed_by":"Automaton","ascension_level":0}