{"gold_per_floor":[110,127,145,156,175,175,204,204,256,266,266,281,281,313,313,391,391,401,414,414,414,424,424,30,30,83,83,83,99,115,128,128,128],"floor_reached":33,"playtime":3012,"items_purged":["Strike_G"],"score":522,"play_id":"508f923d-256e-4ac6-bd35-3ab6bb1a03e8","local_time":"20191027214200","is_ascension_mode":true,"campfire_choices":[{"floor":6,"key":"REST"},{"data":"Neutralize","floor":8,"key":"SMITH"},{"data":"Poisoned Stab","floor":11,"key":"SMITH"},{"floor":15,"key":"REST"},{"floor":23,"key":"REST"},{"data":"Strike_G","floor":25,"key":"PURGE"},{"floor":28,"key":"REST"},{"floor":32,"key":"REST"}],"neow_cost":"NONE","seed_source_timestamp":2192539508467995,"circlet_count":0,"master_deck":["AscendersBane","Defend_G","Defend_G","Defend_G","Defend_G","Defend_G","Strike_G","Survivor","Neutralize+1","Grand Finale","Backstab","Poisoned Stab+1","Quick Slash","Dagger Spray","Dash","Concentrate+1","Bouncing Flask+1","Crippling Poison+1","Blur+1","Envenom+1","Deflect+1","Deflect+1","PiercingWail+1","Bouncing Flask+1","Leg Sweep+1","Riddle With Holes"],"relics":["Ring of the Snake","Toxic Egg 2","Oddly Smooth Stone","StoneCalendar","Singing Bowl","Empty Cage","Peace Pipe","Regal Pillow"],"potions_floor_usage":[7,16,19,19,20,30,33,33],"damage_taken":[{"damage":4,"enemies":"Cultist","floor":1,"turns":4},{"damage":1,"enemies":"2 Louse","floor":2,"turns":3},{"damage":0,"enemies":"Small Slimes","floor":3,"turns":3},{"damage":4,"enemies":"3 Louse","floor":4,"turns":5},{"damage":29,"enemies":"Large Slime","floor":5,"turns":7},{"damage":3,"enemies":"Gremlin Nob","floor":7,"turns":3},{"damage":2,"enemies":"Red Slaver","floor":10,"turns":3},{"damage":0,"enemies":"Looter","floor":12,"turns":3},{"damage":2,"enemies":"3 Sentries","floor":14,"turns":7},{"damage":26,"enemies":"The Guardian","floor":16,"turns":9},{"damage":15,"enemies":"3 Byrds","floor":18,"turns":5},{"damage":4,"enemies":"Shell Parasite","floor":19,"turns":6},{"damage":24,"enemies":"Masked Bandits","floor":20,"turns":3},{"damage":11,"enemies":"Centurion and Healer","floor":22,"turns":9},{"damage":14,"enemies":"Snake Plant","floor":29,"turns":5},{"damage":11,"enemies":"Shelled Parasite and Fungi","floor":30,"turns":5},{"damage":16,"enemies":"Sentry and Sphere","floor":31,"turns":5},{"damage":61,"enemies":"Automaton","floor":33,"turns":10}],"seed_played":"8795729357966279703","potions_obtained":[{"floor":1,"key":"SmokeBomb"},{"floor":2,"key":"Poison Potion"},{"floor":14,"key":"PowerPotion"},{"floor":16,"key":"Ancient Potion"},{"floor":19,"key":"Fruit Juice"},{"floor":22,"key":"PowerPotion"},{"floor":29,"key":"SkillPotion"},{"floor":31,"key":"Swift Potion"}],"is_trial":false,"path_per_floor":["M","M","M","M","M","R","E","R","T","M","R","M","T","E","R","B",null,"M","M","?","?","M","R","$","R","T","?","R","M","M","M","R","B"],"character_chosen":"THE_SILENT","items_purchased":["Peace Pipe"],"campfire_rested":5,"item_purchase_floors":[24],"current_hp_per_floor":[55,54,54,50,21,40,37,37,37,35,35,35,35,33,52,26,56,41,42,18,18,7,28,28,28,28,28,64,50,39,23,59,0],"gold":128,"neow_bonus":"ONE_RANDOM_RARE_CARD","is_prod":false,"is_daily":false,"chose_seed":false,"campfire_upgraded":2,"win_rate":0,"timestamp":1572226920,"path_taken":["M","M","M","M","M","R","E","R","T","M","R","M","?","E","R","BOSS","M","M","?","?","M","R","$","R","T","?","R","M","M","?","R","BOSS"],"build_version":"2019-01-23","purchased_purges":1,"victory":false,"max_hp_per_floor":[66,66,66,66,66,66,66,66,66,66,66,66,66,66,66,66,66,66,71,71,71,71,71,71,71,71,71,71,71,71,71,71,71],"card_choices":[{"not_picked":["Blur","Flechettes"],"picked":"Backstab","floor":1},{"not_picked":["Dagger Spray","Cloak And Dagger"],"picked":"Poisoned Stab","floor":2},{"not_picked":["Blur","Deflect"],"picked":"Quick Slash","floor":3},{"not_picked":["Eviscerate","Accuracy"],"picked":"Dagger Spray","floor":4},{"not_picked":["Deflect","Finisher"],"picked":"Dash","floor":5},{"not_picked":["Underhanded Strike","Endless Agony"],"picked":"Concentrate","floor":7},{"not_picked":["Sucker Punch","Reflex+1"],"picked":"Bouncing Flask+1","floor":10},{"not_picked":["Cloak And Dagger+1","Heel Hook"],"picked":"Crippling Poison+1","floor":12},{"not_picked":["Poisoned Stab","Caltrops"],"picked":"Blur+1","floor":14},{"not_picked":["Storm of Steel+1","Phantasmal Killer+1"],"picked":"Envenom","floor":16},{"not_picked":["Reflex+1","Deadly Poison+1"],"picked":"Deflect+1","floor":18},{"not_picked":["Quick Slash","Outmaneuver+1"],"picked":"Deflect+1","floor":19},{"not_picked":["Flying Knee+1","Quick Slash"],"picked":"PiercingWail+1","floor":22},{"not_picked":["Dagger Throw+1","Quick Slash"],"picked":"Bouncing Flask+1","floor":29},{"not_picked":["Unload","Slice"],"picked":"Leg Sweep+1","floor":30},{"not_picked":["Sucker Punch","Cloak And Dagger+1"],"picked":"Riddle With Holes","floor":31}],"player_experience":3079718,"relics_obtained":[{"floor":7,"key":"Toxic Egg 2"},{"floor":9,"key":"Oddly Smooth Stone"},{"floor":13,"key":"StoneCalendar"},{"floor":14,"key":"Singing Bowl"},{"floor":26,"key":"Regal Pillow"}],"event_choices":[{"damage_healed":0,"gold_gain":0,"player_choice":"Fought Bandits","damage_taken":0,"max_hp_gain":0,"max_hp_loss":0,"event_name":"Masked Bandits","floor":20,"gold_loss":0},{"damage_healed":0,"gold_gain":0,"player_choice":"Ignored","damage_taken":0,"max_hp_gain":0,"max_hp_loss":0,"event_name":"Vampires","floor":21,"gold_loss":0},{"damage_healed":0,"gold_gain":0,"player_choice":"Upgraded","damage_taken":0,"max_hp_gain":0,"max_hp_loss":0,"event_name":"Upgrade Shrine","floor":27,"gold_loss":0,"cards_upgraded":["Envenom"]}],"is_beta":false,"boss_relics":[{"not_picked":["Black Star","White Beast Statue"],"picked":"Empty Cage"}],"items_purged_floors":[24],"is_endless":false,"potions_floor_spawned":[1,2,14,16,19,22,29,31],"killed_by":"Automaton","ascension_level":20}