{"gold_per_floor":[109,120,133,145,145,145,171,187,187,212,224,236,248,274,286,393,455,447,459,471,39,39,69,19,19],"floor_reached":25,"playtime":830,"items_purged":[],"score":230,"play_id":"94afb64e-8e8b-4109-a3ea-0b05a2ad0cd3","local_time":"20190825164214","is_ascension_mode":true,"campfire_choices":[{"floor":6,"key":"REST"},{"floor":11,"key":"REST"},{"data":"Panacea","floor":13,"key":"SMITH"},{"data":"Infinite Blades","floor":15,"key":"SMITH"}],"neow_cost":"NONE","seed_source_timestamp":576976854008260,"circlet_count":0,"master_deck":["Strike_G+1","Strike_G","Strike_G","Strike_G","Strike_G","Defend_G","Defend_G","Defend_G","Defend_G","Defend_G","Survivor","Neutralize","Panacea+1","Deadly Poison","Deadly Poison","Sucker Punch","Dagger Spray","Infinite Blades+1","Dash","Outmaneuver","Glass Knife","Poisoned Stab","Bane","Escape Plan","Shame","Cloak And Dagger+1","Dagger Spray"],"relics":["Ring of the Snake","Smiling Mask","Paper Crane","MawBank","Tiny House","Shuriken","Ancient Tea Set","Mummified Hand","Happy Flower"],"potions_floor_usage":[16,23,23],"damage_taken":[{"damage":9,"enemies":"Jaw Worm","floor":1,"turns":5},{"damage":0,"enemies":"2 Louse","floor":2,"turns":2},{"damage":4,"enemies":"Cultist","floor":3,"turns":3},{"damage":3,"enemies":"2 Fungi Beasts","floor":4,"turns":4},{"damage":2,"enemies":"Looter","floor":8,"turns":4},{"damage":19,"enemies":"Gremlin Nob","floor":10,"turns":5},{"damage":3,"enemies":"Large Slime","floor":14,"turns":6},{"damage":38,"enemies":"Hexaghost","floor":16,"turns":11},{"damage":26,"enemies":"2 Thieves","floor":18,"turns":4},{"damage":29,"enemies":"Book of Stabbing","floor":23,"turns":6},{"damage":38,"enemies":"Gremlin Leader","floor":25,"turns":2}],"seed_played":"7019347836656225971","potions_obtained":[{"floor":3,"key":"Block Potion"},{"floor":4,"key":"Regen Potion"},{"floor":8,"key":"Swift Potion"},{"floor":17,"key":"SkillPotion"},{"floor":23,"key":"Swift Potion"}],"is_trial":false,"path_per_floor":["M","M","M","M","?","R","T","M","T","E","R","?","R","M","R","B",null,"M","?","?","$","?","E","$","E"],"character_chosen":"THE_SILENT","items_purchased":["Shuriken","Ancient Tea Set","Escape Plan","Dagger Spray"],"campfire_rested":2,"item_purchase_floors":[21,21,21,24],"current_hp_per_floor":[61,61,57,54,54,70,70,68,68,49,70,70,70,67,67,29,75,49,49,49,49,49,35,35,0],"gold":19,"neow_bonus":"RANDOM_COLORLESS","is_prod":false,"is_daily":false,"chose_seed":false,"campfire_upgraded":2,"win_rate":0,"timestamp":1566762134,"path_taken":["M","M","M","M","?","R","?","M","T","E","R","?","R","?","R","BOSS","M","?","?","$","?","E","?","E"],"build_version":"2019-07-17","purchased_purges":0,"victory":false,"max_hp_per_floor":[70,70,70,70,70,70,70,70,70,70,70,70,70,70,70,70,75,75,75,75,75,75,75,75,75],"card_choices":[{"not_picked":["Deflect","Predator"],"picked":"Deadly Poison","floor":1},{"not_picked":["Flechettes","Dagger Throw"],"picked":"Deadly Poison","floor":2},{"not_picked":["Deflect","Acrobatics"],"picked":"Sucker Punch","floor":3},{"not_picked":["Dash","PiercingWail"],"picked":"Dagger Spray","floor":4},{"not_picked":["Riddle With Holes","Expertise"],"picked":"Infinite Blades","floor":8},{"not_picked":["Tactician","Sucker Punch"],"picked":"Dash","floor":10},{"not_picked":["Footwork","Prepared"],"picked":"Outmaneuver","floor":14},{"not_picked":["Phantasmal Killer","Grand Finale"],"picked":"Glass Knife","floor":16},{"not_picked":["Cloak And Dagger","Slice"],"picked":"Poisoned Stab","floor":17},{"not_picked":["Prepared","A Thousand Cuts"],"picked":"Bane","floor":18},{"not_picked":["Dagger Throw","PiercingWail"],"picked":"Cloak And Dagger+1","floor":23}],"player_experience":352142,"relics_obtained":[{"floor":7,"key":"Smiling Mask"},{"floor":9,"key":"Paper Crane"},{"floor":10,"key":"MawBank"},{"floor":23,"key":"Happy Flower"}],"event_choices":[{"damage_healed":0,"gold_gain":0,"player_choice":"Ignored","damage_taken":0,"max_hp_gain":0,"max_hp_loss":0,"event_name":"Golden Wing","floor":5,"gold_loss":0},{"damage_healed":0,"gold_gain":0,"player_choice":"Bought 0 Potions","damage_taken":0,"max_hp_gain":0,"max_hp_loss":0,"event_name":"The Woman in Blue","floor":12,"gold_loss":0},{"damage_healed":0,"gold_gain":0,"player_choice":"Ignored","damage_taken":0,"max_hp_gain":0,"max_hp_loss":0,"event_name":"Vampires","floor":19,"gold_loss":0},{"damage_healed":0,"gold_gain":0,"player_choice":"Ignored","damage_taken":0,"max_hp_gain":0,"max_hp_loss":0,"event_name":"Ghosts","floor":20,"gold_loss":0},{"damage_healed":0,"gold_gain":0,"player_choice":"Stole Relic","damage_taken":0,"relics_obtained":["Mummified Hand"],"max_hp_gain":0,"max_hp_loss":0,"event_name":"Addict","floor":22,"gold_loss":0,"cards_obtained":["Shame"]}],"is_beta":false,"boss_relics":[{"not_picked":["Ectoplasm","Empty Cage"],"picked":"Tiny House"}],"items_purged_floors":[],"is_endless":false,"potions_floor_spawned":[3,4,8,14,23],"killed_by":"Gremlin Leader","ascension_level":1}