{"gold_per_floor":[110,70,23,39,55,87,87,106,158,158,169,188,198,198,198,302,302,317,333,333,349,372,384,384,9,63,63,63,63,63,89,89,192,192,204,204,34,54,67,67],"floor_reached":40,"playtime":3555,"items_purged":["Writhe"],"score":433,"play_id":"14d22384-89e7-46aa-bd13-308e595ff8a1","local_time":"20191024135929","is_ascension_mode":false,"campfire_choices":[{"floor":7,"key":"REST"},{"floor":10,"key":"REST"},{"floor":15,"key":"REST"},{"floor":24,"key":"REST"},{"floor":28,"key":"REST"},{"floor":30,"key":"RECALL"},{"data":"Corpse Explosion","floor":32,"key":"SMITH"}],"neow_cost":"NONE","seed_source_timestamp":270185668645307,"circlet_count":0,"master_deck":["Strike_G+1","Strike_G+1","Strike_G+1","Strike_G+1","Strike_G+1","Defend_G+1","Defend_G+1","Defend_G+1","Defend_G+1","Defend_G+1","Survivor","Neutralize","Footwork","Backflip","Deflect","Infinite Blades+1","Grand Finale+1","PiercingWail","Deadly Poison","Blade Dance","Dagger Throw+1","Corpse Explosion+1","CurseOfTheBell","Poisoned Stab+1","Poisoned Stab+1","Blur","Noxious Fumes","Deadly Poison","Dagger Spray+1","Writhe","Storm of Steel","Bullet Time","Infinite Blades+1","Catalyst","Bane+1","Blade Dance+1","Deflect+1"],"relics":["Ring of the Snake","Molten Egg 2","Calling Bell","Centennial Puzzle","Singing Bowl","Tingsha","Nilry\u0027s Codex","Boot","FossilizedHelix","Oddly Smooth Stone","PreservedInsect","Snake Skull","SlaversCollar"],"potions_floor_usage":[4,6,6,12,16],"damage_taken":[{"damage":0,"enemies":"2 Louse","floor":1,"turns":3},{"damage":0,"enemies":"Cultist","floor":4,"turns":5},{"damage":3,"enemies":"Jaw Worm","floor":5,"turns":6},{"damage":56,"enemies":"Lagavulin","floor":6,"turns":17},{"damage":0,"enemies":"Blue Slaver","floor":8,"turns":6},{"damage":4,"enemies":"Large Slime","floor":11,"turns":9},{"damage":11,"enemies":"Exordium Thugs","floor":12,"turns":7},{"damage":0,"enemies":"2 Fungi Beasts","floor":13,"turns":5},{"damage":61,"enemies":"Hexaghost","floor":16,"turns":15},{"damage":0,"enemies":"Chosen","floor":18,"turns":6},{"damage":0,"enemies":"3 Byrds","floor":19,"turns":3},{"damage":11,"enemies":"Shelled Parasite and Fungi","floor":21,"turns":7},{"damage":22,"enemies":"Snecko","floor":23,"turns":4},{"damage":3,"enemies":"Book of Stabbing","floor":31,"turns":6},{"damage":68,"enemies":"Collector","floor":33,"turns":8},{"damage":33,"enemies":"3 Darklings","floor":35,"turns":3},{"damage":25,"enemies":"3 Shapes","floor":38,"turns":4},{"damage":45,"enemies":"Transient","floor":39,"turns":5},{"damage":31,"enemies":"Spire Growth","floor":40,"turns":6}],"seed_played":"6449776821658538685","potions_obtained":[{"floor":2,"key":"Explosive Potion"},{"floor":2,"key":"Fruit Juice"},{"floor":5,"key":"Block Potion"},{"floor":11,"key":"AttackPotion"},{"floor":12,"key":"Block Potion"},{"floor":18,"key":"Ancient Potion"},{"floor":19,"key":"FairyPotion"},{"floor":23,"key":"SpeedPotion"}],"is_trial":false,"path_per_floor":["M","?","$","M","M","E","R","M","T","R","M","M","M","?","R","B",null,"M","M","?","M","T","M","R","$","T","?","R","?","R","E","R","B",null,"M","?","$","M","M","M"],"character_chosen":"THE_SILENT","items_purchased":["Backflip","Deadly Poison","Dagger Spray+1","FossilizedHelix","Catalyst","Bane+1"],"campfire_rested":5,"item_purchase_floors":[3,25,25,25,37,37],"current_hp_per_floor":[77,77,77,82,79,23,47,47,47,71,67,56,56,56,80,19,82,82,82,66,55,55,33,57,57,57,57,81,81,81,78,78,10,82,49,70,70,45,24,0],"gold":67,"neow_bonus":"TEN_PERCENT_HP_BONUS","is_prod":false,"is_daily":false,"chose_seed":false,"campfire_upgraded":1,"win_rate":0,"timestamp":1571936369,"path_taken":["M","?","?","M","M","E","R","?","T","R","M","M","M","?","R","BOSS","M","M","?","M","?","M","R","$","T","?","R","?","R","E","R","BOSS","M","?","$","M","M","M"],"build_version":"2019-10-23","purchased_purges":1,"victory":false,"max_hp_per_floor":[77,77,77,82,82,82,82,82,82,82,82,82,82,82,82,82,82,82,82,82,82,82,82,82,82,82,82,82,82,82,82,82,82,82,82,82,82,82,82,82],"card_choices":[{"not_picked":["Sucker Punch","Bane"],"picked":"Footwork","floor":1},{"not_picked":["Flying Knee","Tactician"],"picked":"Deflect","floor":4},{"not_picked":["Blade Dance","Caltrops"],"picked":"Infinite Blades","floor":5},{"not_picked":["Heel Hook","Venomology"],"picked":"Grand Finale","floor":6},{"not_picked":["Bane+1","Sucker Punch+1"],"picked":"PiercingWail","floor":8},{"not_picked":["Endless Agony+1","Distraction"],"picked":"Deadly Poison","floor":11},{"not_picked":["Slice+1","Dagger Spray+1"],"picked":"Blade Dance","floor":12},{"not_picked":["PiercingWail","Acrobatics"],"picked":"Dagger Throw+1","floor":13},{"not_picked":["Malaise","Burst"],"picked":"Corpse Explosion","floor":16},{"not_picked":["Escape Plan","Flechettes+1"],"picked":"Poisoned Stab+1","floor":18},{"not_picked":["Backflip+1","PiercingWail+1"],"picked":"Poisoned Stab+1","floor":19},{"not_picked":["Quick Slash+1","Prepared"],"picked":"Blur","floor":21},{"not_picked":["Concentrate","Underhanded Strike+1"],"picked":"Noxious Fumes","floor":23},{"not_picked":["Endless Agony+1","Dagger Throw+1"],"picked":"Storm of Steel","floor":31},{"not_picked":["Glass Knife+1","Venomology"],"picked":"Bullet Time","floor":33},{"not_picked":["Concentrate+1","Setup+1"],"picked":"Infinite Blades+1","floor":35},{"not_picked":["Caltrops","Calculated Gamble"],"picked":"Blade Dance+1","floor":38},{"not_picked":["Cloak And Dagger","Slice+1"],"picked":"Deflect+1","floor":39}],"player_experience":475140,"relics_obtained":[{"floor":6,"key":"Molten Egg 2"},{"floor":17,"key":"Centennial Puzzle"},{"floor":17,"key":"Singing Bowl"},{"floor":17,"key":"Tingsha"},{"floor":20,"key":"Nilry\u0027s Codex"},{"floor":22,"key":"Boot"},{"floor":26,"key":"Oddly Smooth Stone"},{"floor":31,"key":"Snake Skull"}],"event_choices":[{"damage_healed":0,"gold_gain":0,"player_choice":"Bought 3 Potions","damage_taken":0,"max_hp_gain":0,"max_hp_loss":0,"event_name":"The Woman in Blue","floor":2,"gold_loss":0},{"damage_healed":0,"gold_gain":0,"player_choice":"Grow","damage_taken":0,"max_hp_gain":0,"max_hp_loss":0,"event_name":"Living Wall","floor":14,"gold_loss":0,"cards_upgraded":["Infinite Blades"]},{"damage_healed":0,"gold_gain":0,"player_choice":"Obtained Book","damage_taken":16,"max_hp_gain":0,"max_hp_loss":0,"event_name":"Cursed Tome","floor":20,"gold_loss":0},{"damage_healed":0,"gold_gain":0,"player_choice":"Simplicity","damage_taken":0,"max_hp_gain":0,"max_hp_loss":0,"event_name":"Back to Basics","floor":27,"gold_loss":0,"cards_upgraded":["Strike_G","Strike_G","Strike_G","Strike_G","Strike_G","Defend_G","Defend_G","Defend_G","Defend_G","Defend_G"]},{"damage_healed":0,"gold_gain":0,"player_choice":"Opened","damage_taken":0,"relics_obtained":["PreservedInsect"],"max_hp_gain":0,"max_hp_loss":0,"event_name":"The Mausoleum","floor":29,"gold_loss":0,"cards_obtained":["Writhe"]},{"damage_healed":21,"gold_gain":0,"player_choice":"Writhe","damage_taken":0,"max_hp_gain":0,"max_hp_loss":0,"event_name":"Winding Halls","floor":36,"gold_loss":0,"cards_obtained":["Writhe"]}],"is_beta":true,"boss_relics":[{"not_picked":["Black Star","Ectoplasm"],"picked":"Calling Bell"},{"not_picked":["Runic Dome","Astrolabe"],"picked":"SlaversCollar"}],"items_purged_floors":[37],"is_endless":false,"potions_floor_spawned":[5,11,12,18,19,23],"killed_by":"Spire Growth","ascension_level":0}