{"gold_per_floor":[116,11,11,21,41,41,67,87,87,87,87,119,129,94,94,191,191,205,39,0,0,0,0,25,25,50,62,62,78,78,89,89,194,194,211,227,227,227,49,49,75,75,75,75],"floor_reached":44,"playtime":1442,"items_purged":[],"score":500,"play_id":"b850f87a-eb0d-40f0-8a3d-e1efc0038cf6","local_time":"20190816184718","is_ascension_mode":true,"campfire_choices":[{"data":"Combust","floor":6,"key":"SMITH"},{"data":"Shockwave","floor":11,"key":"SMITH"},{"floor":15,"key":"REST"},{"floor":23,"key":"REST"},{"floor":30,"key":"REST"},{"floor":32,"key":"REST"},{"data":"Apotheosis","floor":40,"key":"SMITH"},{"data":"Combust","floor":42,"key":"SMITH"}],"neow_cost":"NONE","seed_source_timestamp":310248034223419,"circlet_count":0,"master_deck":["Strike_R","Strike_R+1","Strike_R","Strike_R","Strike_R","Defend_R","Defend_R","Defend_R","Defend_R","Bash","Carnage","Flex","Rampage","Combust+1","Pommel Strike+1","Shockwave+1","Pain","Flex","Perfected Strike","Double Tap","Combust+1","Swift Strike","Shrug It Off","Combust+1","J.A.X.","Pommel Strike","Power Through","Feed","Dark Embrace+1","Offering+1","Sword Boomerang+1","Iron Wave+1","Disarm+1","Writhe","Apotheosis+1"],"relics":["Burning Blood","Oddly Smooth Stone","Gremlin Horn","WarpedTongs","Mango","Lizard Tail","Boot","Blood Vial","Whetstone","Astrolabe","Happy Flower","Omamori"],"potions_floor_usage":[7,16,27,33,35],"damage_taken":[{"damage":18,"enemies":"Cultist","floor":1,"turns":6},{"damage":0,"enemies":"2 Louse","floor":4,"turns":3},{"damage":0,"enemies":"Small Slimes","floor":5,"turns":3},{"damage":12,"enemies":"3 Sentries","floor":7,"turns":5},{"damage":14,"enemies":"Blue Slaver","floor":8,"turns":2},{"damage":23,"enemies":"Lagavulin","floor":12,"turns":4},{"damage":13,"enemies":"2 Fungi Beasts","floor":13,"turns":3},{"damage":26,"enemies":"Slime Boss","floor":16,"turns":8},{"damage":67,"enemies":"Shell Parasite","floor":18,"turns":6},{"damage":63,"enemies":"Slavers","floor":24,"turns":6},{"damage":5,"enemies":"Spheric Guardian","floor":27,"turns":3},{"damage":40,"enemies":"Chosen and Byrds","floor":29,"turns":6},{"damage":25,"enemies":"Snake Plant","floor":31,"turns":4},{"damage":83,"enemies":"Collector","floor":33,"turns":8},{"damage":29,"enemies":"Orb Walker","floor":35,"turns":3},{"damage":47,"enemies":"3 Darklings","floor":36,"turns":5},{"damage":114,"enemies":"Transient","floor":44,"turns":5}],"seed_played":"4342284936717556957","potions_obtained":[{"floor":5,"key":"Block Potion"},{"floor":8,"key":"Weak Potion"},{"floor":16,"key":"Swift Potion"},{"floor":24,"key":"Regen Potion"},{"floor":29,"key":"Explosive Potion"}],"is_trial":false,"path_per_floor":["M","$","$","M","M","R","E","M","T","?","R","E","M","?","R","B",null,"M","$","?","$","?","R","E","$","T","M","?","M","R","M","R","B",null,"M","M","?","?","$","R","T","R","T","M"],"character_chosen":"IRONCLAD","items_purchased":["Flex","Rampage","Combust","Swift Strike","Shrug It Off","Apotheosis"],"campfire_rested":4,"item_purchase_floors":[2,2,19,19,19,39],"current_hp_per_floor":[76,76,76,82,88,88,82,74,74,74,74,71,64,89,102,82,102,41,41,41,41,41,71,14,14,14,22,22,43,73,56,86,11,102,79,40,89,89,89,89,89,89,89,0],"gold":75,"neow_bonus":"TEN_PERCENT_HP_BONUS","is_prod":false,"is_daily":false,"chose_seed":false,"campfire_upgraded":4,"win_rate":0,"timestamp":1565992038,"path_taken":["M","?","$","M","M","R","E","M","T","?","R","E","?","?","R","BOSS","M","$","?","$","?","R","E","?","T","M","?","M","R","M","R","BOSS","M","M","?","?","$","R","?","R","T","M"],"build_version":"2019-07-17","purchased_purges":0,"victory":false,"max_hp_per_floor":[88,88,88,88,88,88,88,88,88,88,88,102,102,102,102,102,102,102,102,102,102,102,102,102,102,102,102,102,102,102,102,102,102,102,102,102,89,89,89,89,89,89,89,89],"card_choices":[{"not_picked":["Warcry","Sword Boomerang"],"picked":"Carnage","floor":1},{"not_picked":["Armaments","Rampage"],"picked":"Iron Wave","floor":4},{"not_picked":["Disarm","Dropkick"],"picked":"Combust","floor":5},{"not_picked":["Clothesline","Entrench"],"picked":"Pommel Strike","floor":7},{"not_picked":["Metallicize","Battle Trance"],"picked":"Shockwave","floor":8},{"not_picked":["Searing Blow","Headbutt"],"picked":"Flex","floor":12},{"not_picked":["Clothesline","Brutality"],"picked":"Perfected Strike","floor":13},{"not_picked":["Offering","Impervious"],"picked":"Double Tap","floor":16},{"not_picked":["Sword Boomerang","True Grit"],"picked":"Shockwave+1","floor":18},{"not_picked":["Pommel Strike","Body Slam"],"picked":"Iron Wave+1","floor":24},{"not_picked":["Body Slam","True Grit"],"picked":"Combust+1","floor":27},{"not_picked":["Spot Weakness","Bloodletting"],"picked":"Pommel Strike","floor":29},{"not_picked":["Uppercut","Fire Breathing"],"picked":"Power Through","floor":31},{"not_picked":["Brutality","Double Tap"],"picked":"Feed","floor":33},{"not_picked":["True Grit","Entrench+1"],"picked":"Iron Wave+1","floor":35},{"not_picked":["Burning Pact+1","Body Slam+1"],"picked":"Disarm+1","floor":36}],"player_experience":319027,"relics_obtained":[{"floor":7,"key":"Oddly Smooth Stone"},{"floor":9,"key":"Gremlin Horn"},{"floor":12,"key":"Mango"},{"floor":24,"key":"Blood Vial"},{"floor":26,"key":"Whetstone"},{"floor":41,"key":"Happy Flower"},{"floor":43,"key":"Omamori"}],"event_choices":[{"damage_healed":0,"gold_gain":0,"player_choice":"Rummage","damage_taken":0,"relics_obtained":["WarpedTongs"],"max_hp_gain":0,"max_hp_loss":0,"event_name":"Accursed Blacksmith","floor":10,"gold_loss":0,"cards_obtained":["Pain"]},{"damage_healed":25,"gold_gain":0,"player_choice":"Healed","damage_taken":0,"max_hp_gain":0,"max_hp_loss":0,"event_name":"The Cleric","floor":14,"gold_loss":35},{"damage_healed":0,"gold_gain":0,"player_choice":"Paid Fearfully","damage_taken":0,"max_hp_gain":0,"max_hp_loss":0,"event_name":"Masked Bandits","floor":20,"gold_loss":39},{"damage_healed":0,"gold_gain":0,"player_choice":"Opened","damage_taken":0,"relics_obtained":["Boot"],"max_hp_gain":0,"max_hp_loss":0,"event_name":"The Mausoleum","floor":22,"gold_loss":0},{"damage_healed":0,"gold_gain":0,"player_choice":"Obtain J.A.X.","damage_taken":0,"max_hp_gain":0,"max_hp_loss":0,"event_name":"Drug Dealer","floor":28,"gold_loss":0,"cards_obtained":["J.A.X."]},{"damage_healed":89,"gold_gain":0,"player_choice":"Heal","damage_taken":0,"max_hp_gain":0,"max_hp_loss":13,"event_name":"The Moai Head","floor":37,"gold_loss":0},{"damage_healed":22,"gold_gain":0,"player_choice":"Writhe","damage_taken":0,"max_hp_gain":0,"max_hp_loss":0,"event_name":"Winding Halls","floor":38,"gold_loss":0,"cards_obtained":["Writhe"]}],"is_beta":false,"boss_relics":[{"not_picked":["Velvet Choker","Pandora\u0027s Box"],"picked":"Lizard Tail"},{"not_picked":["Runic Cube","Snecko Eye"],"picked":"Astrolabe"}],"items_purged_floors":[],"is_endless":false,"potions_floor_spawned":[5,8,16,24,29],"killed_by":"Transient","ascension_level":2}