{"gold_per_floor":[144,189,189,24,24,114,126,183,220,322,334,40,85,130,130,430,430,475,475,520,106,106,106,106,106,131,176,221,266,311,356,356,356],"floor_reached":33,"playtime":1451,"items_purged":[],"score":384,"play_id":"632fe3f1-29e8-491d-af46-4c8654b0ec52","local_time":"20190817092537","daily_mods":["Specialized","Vintage","Midas"],"is_ascension_mode":false,"campfire_choices":[{"floor":7,"key":"REST"},{"floor":15,"key":"REST"},{"floor":23,"key":"REST"},{"floor":25,"key":"REST"},{"floor":32,"key":"REST"}],"neow_cost":"","seed_source_timestamp":315635420614099,"circlet_count":0,"master_deck":["Strike_R","Strike_R+1","Strike_R","Strike_R","Strike_R","Defend_R","Defend_R","Defend_R","Defend_R","Bash","Evolve","Evolve+1","Evolve","Evolve","The Bomb","Headbutt","Inflame+1","Combust","Clash","Exhume","Mind Blast+1","Perfected Strike","Whirlwind+1","Shame"],"special_seed":18125,"relics":["Burning Blood","Strawberry","Regal Pillow","MawBank","Mercury Hourglass","Oddly Smooth Stone","Lantern","Lee\u0027s Waffle","Orichalcum","Potion Belt","Lizard Tail","Mango","Ornamental Fan","Bottled Flame","Frozen Egg 2","Happy Flower","Darkstone Periapt","Bag of Marbles","Whetstone","Sundial","Art of War"],"potions_floor_usage":[6,6,16,29,29,33],"damage_taken":[{"damage":11,"enemies":"Jaw Worm","floor":1,"turns":2},{"damage":8,"enemies":"Small Slimes","floor":2,"turns":4},{"damage":12,"enemies":"Gremlin Nob","floor":6,"turns":4},{"damage":4,"enemies":"2 Louse","floor":8,"turns":4},{"damage":30,"enemies":"Lagavulin","floor":10,"turns":6},{"damage":9,"enemies":"Blue Slaver","floor":13,"turns":3},{"damage":11,"enemies":"Lots of Slimes","floor":14,"turns":3},{"damage":4,"enemies":"Slime Boss","floor":16,"turns":6},{"damage":21,"enemies":"3 Byrds","floor":18,"turns":4},{"damage":7,"enemies":"Chosen","floor":20,"turns":4},{"damage":31,"enemies":"Snake Plant","floor":27,"turns":4},{"damage":19,"enemies":"Cultist and Chosen","floor":28,"turns":5},{"damage":34,"enemies":"Shelled Parasite and Fungi","floor":29,"turns":6},{"damage":10,"enemies":"Centurion and Healer","floor":30,"turns":4},{"damage":27,"enemies":"Cultist and Chosen","floor":31,"turns":5},{"damage":128,"enemies":"Champ","floor":33,"turns":10}],"seed_played":"7982343290599772324","potions_obtained":[{"floor":1,"key":"Strength Potion"},{"floor":2,"key":"Block Potion"},{"floor":13,"key":"FearPotion"},{"floor":14,"key":"GamblersBrew"},{"floor":16,"key":"FearPotion"},{"floor":27,"key":"Dexterity Potion"},{"floor":28,"key":"PowerPotion"},{"floor":29,"key":"GamblersBrew"},{"floor":31,"key":"GamblersBrew"}],"is_trial":false,"path_per_floor":["M","M","?","$","?","E","R","M","T","E","?","$","M","M","R","B",null,"M","?","M","$","?","R","?","R","T","M","M","M","M","M","R","B"],"character_chosen":"IRONCLAD","items_purchased":["The Bomb","Lee\u0027s Waffle","Combust","Clash","Bottled Flame","Mind Blast","Perfected Strike","Whirlwind"],"campfire_rested":5,"item_purchase_floors":[4,12,12,12,21,21,21,21],"current_hp_per_floor":[82,80,63,63,56,50,87,87,87,63,63,94,91,86,94,94,94,93,93,92,92,92,108,98,108,108,83,70,42,38,17,64,0],"gold":356,"neow_bonus":"","is_prod":false,"is_daily":true,"chose_seed":false,"campfire_upgraded":0,"win_rate":0,"timestamp":1566044737,"path_taken":["M","M","?","$","?","E","R","M","T","E","?","$","M","M","R","BOSS","M","?","M","$","?","R","?","R","T","M","M","M","M","M","R","BOSS"],"build_version":"2019-07-17","purchased_purges":0,"victory":false,"max_hp_per_floor":[87,87,87,87,87,87,87,87,87,87,87,94,94,94,94,94,94,108,108,108,108,108,108,108,108,108,108,108,108,108,108,108,108],"card_choices":[{"not_picked":["Clothesline","Wild Strike"],"picked":"Headbutt","floor":6},{"not_picked":["Searing Blow","Flex"],"picked":"Inflame","floor":10},{"not_picked":["Limit Break","Brutality"],"picked":"Exhume","floor":16}],"player_experience":323223,"relics_obtained":[{"floor":1,"key":"Strawberry"},{"floor":2,"key":"Regal Pillow"},{"floor":6,"key":"MawBank"},{"floor":8,"key":"Mercury Hourglass"},{"floor":9,"key":"Oddly Smooth Stone"},{"floor":10,"key":"Lantern"},{"floor":13,"key":"Orichalcum"},{"floor":14,"key":"Potion Belt"},{"floor":18,"key":"Mango"},{"floor":20,"key":"Ornamental Fan"},{"floor":26,"key":"Happy Flower"},{"floor":27,"key":"Darkstone Periapt"},{"floor":28,"key":"Bag of Marbles"},{"floor":29,"key":"Whetstone"},{"floor":30,"key":"Sundial"},{"floor":31,"key":"Art of War"}],"event_choices":[{"damage_healed":0,"gold_gain":0,"player_choice":"Entered Light","damage_taken":17,"max_hp_gain":0,"max_hp_loss":0,"event_name":"Shining Light","floor":3,"gold_loss":0,"cards_upgraded":["Evolve","Strike_R"]},{"cards_removed":["Evolve"],"damage_healed":0,"gold_gain":0,"player_choice":"Card Removal","damage_taken":7,"max_hp_gain":0,"max_hp_loss":0,"event_name":"Golden Wing","floor":5,"gold_loss":0},{"damage_healed":0,"gold_gain":0,"player_choice":"Grow","damage_taken":0,"max_hp_gain":0,"max_hp_loss":0,"event_name":"Living Wall","floor":11,"gold_loss":0,"cards_upgraded":["Inflame"]},{"damage_healed":0,"gold_gain":0,"player_choice":"Ignored","damage_taken":0,"max_hp_gain":0,"max_hp_loss":0,"event_name":"Vampires","floor":19,"gold_loss":0},{"damage_healed":0,"gold_gain":0,"player_choice":"Stole Relic","damage_taken":0,"relics_obtained":["Frozen Egg 2"],"max_hp_gain":0,"max_hp_loss":0,"event_name":"Addict","floor":22,"gold_loss":0,"cards_obtained":["Shame"]},{"damage_healed":0,"gold_gain":0,"player_choice":"","damage_taken":10,"max_hp_gain":0,"max_hp_loss":0,"event_name":"Knowing Skull","floor":24,"potions_obtained":[],"gold_loss":0,"cards_obtained":[]}],"is_beta":false,"boss_relics":[{"not_picked":["Astrolabe","Snecko Eye"],"picked":"Lizard Tail"}],"items_purged_floors":[],"is_endless":false,"potions_floor_spawned":[1,2,13,14,16,27,28,29,31],"killed_by":"Champ","ascension_level":0}