{"gold_per_floor":[116,133,146,71,85,85,112,112,166,166,197,215,23,49,49,126,126,138,138,23,23,34,63,63,78,78,78,110,122,122,149,149,226,226,244,100,200,200,212,244,244,275,298,93,123,123,123,123,123,123,123,123,123,38,67,67],"floor_reached":57,"playtime":5742,"items_purged":["Strike_P","Strike_P"],"score":3074,"play_id":"83a7e070-9282-42aa-bfc1-fcf7e6a611cf","local_time":"20191004151609","is_ascension_mode":true,"campfire_choices":[{"data":"BowlingBash","floor":6.0,"key":"SMITH"},{"data":"Eruption","floor":10.0,"key":"SMITH"},{"data":"Crescendo","floor":15.0,"key":"SMITH"},{"data":"SandsOfTime","floor":24.0,"key":"SMITH"},{"floor":30,"key":"REST"},{"data":"SignatureMove","floor":32,"key":"SMITH"},{"floor":41,"key":"RECALL"},{"floor":49,"key":"REST"},{"data":"CutThroughFate","floor":53,"key":"SMITH"}],"neow_cost":"NONE","seed_source_timestamp":0,"circlet_count":0,"master_deck":["AscendersBane","Defend_P","Defend_P","Defend_P","Eruption+1","Vigilance","EmptyFist","Crescendo+1","BowlingBash+1","CutThroughFate","Halt","ThirdEye","Weave","Establishment+1","Nirvana+1","SignatureMove+1","SandsOfTime+1","FearNoEvil","Omniscience","Protect","EmptyBody","Wireheading+1","Devotion+1","Fasting2+1","Worship+1","SandsOfTime+1","DeceiveReality+1","CutThroughFate+1","Devotion+1","Discovery+1","InnerPeace+1"],"special_seed":0,"relics":["PureWater","Frozen Egg 2","Bronze Scales","Oddly Smooth Stone","Lee\u0027s Waffle","Thread and Needle","Sozu","Eternal Feather","TeardropLocket","Torii","Toxic Egg 2","Snecko Eye","FossilizedHelix","Potion Belt","Boot","Kunai","Ice Cream","Pear"],"potions_floor_usage":[],"damage_taken":[{"damage":0.0,"enemies":"Cultist","floor":1.0,"turns":3.0},{"damage":11.0,"enemies":"Jaw Worm","floor":2.0,"turns":5.0},{"damage":0.0,"enemies":"Small Slimes","floor":3.0,"turns":2.0},{"damage":33.0,"enemies":"Exordium Thugs","floor":5.0,"turns":7.0},{"damage":17.0,"enemies":"Lagavulin","floor":7.0,"turns":6.0},{"damage":5.0,"enemies":"3 Sentries","floor":11.0,"turns":3.0},{"damage":3.0,"enemies":"Blue Slaver","floor":12.0,"turns":3.0},{"damage":0.0,"enemies":"Lagavulin","floor":14.0,"turns":3.0},{"damage":20.0,"enemies":"The Guardian","floor":16.0,"turns":10.0},{"damage":4.0,"enemies":"Spheric Guardian","floor":18.0,"turns":4.0},{"damage":18.0,"enemies":"2 Thieves","floor":22.0,"turns":3.0},{"damage":4.0,"enemies":"Gremlin Leader","floor":23.0,"turns":4.0},{"damage":0.0,"enemies":"3 Cultists","floor":25.0,"turns":3.0},{"damage":44,"enemies":"Slavers","floor":28,"turns":7},{"damage":0,"enemies":"Centurion and Healer","floor":29,"turns":5},{"damage":7,"enemies":"Book of Stabbing","floor":31,"turns":4},{"damage":30,"enemies":"Automaton","floor":33,"turns":11},{"damage":0,"enemies":"3 Shapes","floor":35,"turns":4},{"damage":8,"enemies":"Mind Bloom Boss Battle","floor":37,"turns":4},{"damage":0,"enemies":"3 Darklings","floor":39,"turns":4},{"damage":0,"enemies":"Giant Head","floor":40,"turns":3},{"damage":27,"enemies":"Reptomancer","floor":42,"turns":7},{"damage":34,"enemies":"Giant Head","floor":45,"turns":6},{"damage":0,"enemies":"Awakened One","floor":50,"turns":11},{"damage":0,"enemies":"Donu and Deca","floor":51,"turns":7},{"damage":9,"enemies":"Shield and Spear","floor":55,"turns":3},{"damage":36,"enemies":"The Heart","floor":56,"turns":7}],"seed_played":"9015070114672931211","potions_obtained":[{"floor":2.0,"key":"Regen Potion"},{"floor":7.0,"key":"Ambrosia"},{"floor":14.0,"key":"SkillPotion"},{"floor":16.0,"key":"SteroidPotion"}],"is_trial":false,"path_per_floor":["M","M","M","?","M","R","E","?","T","R","E","M","$","E","R","B",null,"M","?","$","?","M","E","R","M","T","$","E","M","R","E","R","B",null,"M","$","?","?","M","E","R","E","T","$","E","?","?","$","R","B","B",null,"R","$","E","B",null],"character_chosen":"WATCHER","items_purchased":["Lee\u0027s Waffle","Weave","SandsOfTime","Fasting2+1","CutThroughFate","Devotion+1","InnerPeace+1"],"campfire_rested":2,"item_purchase_floors":[13,13,20,36,44,44,54],"current_hp_per_floor":[67,56,56,56,38,38,21,14,14,14,9,6,81,81,81,61,76,72,72,72,72,54,50,62,62,62,62,18,18,54,47,59,29,68,68,68,60,60,60,60,75,48,48,48,14,14,14,14,56,56,56,75,81,81,82,46],"gold":67,"neow_bonus":"TEN_PERCENT_HP_BONUS","is_prod":false,"is_daily":false,"chose_seed":false,"campfire_upgraded":6,"win_rate":0,"timestamp":1570155369,"path_taken":["M","M","M","?","M","R","E","?","T","R","E","M","$","E","R","BOSS","M","?","$","?","M","E","R","M","T","$","E","M","R","E","R","BOSS","M","$","?","?","?","E","R","E","T","$","E","?","?","$","R","BOSS","BOSS","R","$","E","BOSS"],"build_version":"2019-10-03","purchased_purges":2,"victory":true,"max_hp_per_floor":[74,74,74,74,74,74,74,74,74,74,74,74,81,81,81,81,81,81,81,81,81,81,81,81,81,81,81,81,81,81,81,81,81,81,81,81,81,81,81,81,81,81,81,81,81,81,81,81,81,81,81,81,81,81,91,91],"card_choices":[{"not_picked":["Weave","CutThroughFate"],"picked":"EmptyFist","floor":1.0},{"not_picked":["Vengeance","EmptyFist"],"picked":"Crescendo","floor":2.0},{"not_picked":["CarveReality","Crescendo","JustLucky"],"picked":"SKIP","floor":3.0},{"not_picked":["Adaptation","Indignation"],"picked":"BowlingBash","floor":5.0},{"not_picked":["JustLucky","Crescendo"],"picked":"CutThroughFate","floor":7.0},{"not_picked":["Weave","EmptyFist"],"picked":"Halt","floor":11.0},{"not_picked":["Consecrate","EmptyFist"],"picked":"ThirdEye","floor":12.0},{"not_picked":["InnerPeace","Scrawl"],"picked":"Establishment+1","floor":14.0},{"not_picked":["Alpha","Blasphemy"],"picked":"Nirvana+1","floor":16.0},{"not_picked":["Prostrate","JustLucky"],"picked":"SignatureMove","floor":18.0},{"not_picked":["SashWhip","Halt"],"picked":"FearNoEvil","floor":22.0},{"not_picked":["Halt","Weave"],"picked":"Omniscience","floor":23.0},{"not_picked":["Sanctity","Swivel"],"picked":"Protect","floor":25.0},{"not_picked":["SashWhip","ReachHeaven"],"picked":"EmptyBody","floor":28},{"not_picked":["Weave","EmptyBody"],"picked":"Wireheading+1","floor":29},{"not_picked":["ClearTheMind","DevaForm+1","PathToVictory"],"picked":"SKIP","floor":31},{"not_picked":["ConjureBlade+1","Vault+1"],"picked":"Devotion+1","floor":33},{"not_picked":["EmptyFist","Halt+1","CrushJoints"],"picked":"SKIP","floor":35},{"not_picked":["Weave","Crescendo+1"],"picked":"Worship+1","floor":37},{"not_picked":["EmptyBody+1","Consecrate+1","CrushJoints+1"],"picked":"SKIP","floor":39},{"not_picked":["Scrawl+1","Evaluate+1"],"picked":"SandsOfTime+1","floor":40},{"not_picked":["Weave","ForeignInfluence+1"],"picked":"DeceiveReality+1","floor":42},{"not_picked":["ConjureBlade+1","TalkToTheHand","Vengeance+1"],"picked":"SKIP","floor":45},{"not_picked":["Madness+1","Jack Of All Trades+1"],"picked":"Discovery+1","floor":46},{"not_picked":["Halt+1","EmptyFist","BowlingBash"],"picked":"SKIP","floor":55}],"player_experience":1420960,"relics_obtained":[{"floor":7.0,"key":"Frozen Egg 2"},{"floor":9.0,"key":"Bronze Scales"},{"floor":11.0,"key":"Oddly Smooth Stone"},{"floor":14.0,"key":"Thread and Needle"},{"floor":23.0,"key":"Eternal Feather"},{"floor":26.0,"key":"TeardropLocket"},{"floor":28,"key":"Torii"},{"floor":31,"key":"Toxic Egg 2"},{"floor":37,"key":"FossilizedHelix"},{"floor":40,"key":"Boot"},{"floor":42,"key":"Kunai"},{"floor":45,"key":"Ice Cream"},{"floor":55,"key":"Pear"}],"event_choices":[{"cards_removed":["Defend_P"],"damage_healed":0.0,"max_hp_gain":0.0,"max_hp_loss":0.0,"gold_gain":0.0,"event_name":"The Cleric","player_choice":"Card Removal","floor":4.0,"gold_loss":75.0,"damage_taken":0.0},{"cards_removed":["Strike_P"],"damage_healed":0.0,"max_hp_gain":0.0,"max_hp_loss":0.0,"gold_gain":0.0,"event_name":"Golden Wing","player_choice":"Card Removal","floor":8.0,"gold_loss":0.0,"damage_taken":7.0},{"damage_healed":0.0,"max_hp_gain":0.0,"max_hp_loss":0.0,"gold_gain":0.0,"event_name":"Vampires","player_choice":"Ignored","floor":19.0,"gold_loss":0.0,"damage_taken":0.0},{"cards_removed":["Strike_P"],"damage_healed":0.0,"max_hp_gain":0.0,"max_hp_loss":0.0,"gold_gain":0.0,"event_name":"Purifier","player_choice":"Purged","floor":21.0,"gold_loss":0.0,"damage_taken":0.0},{"damage_healed":0,"gold_gain":0,"player_choice":"Fight","damage_taken":0,"max_hp_gain":0,"max_hp_loss":0,"event_name":"MindBloom","floor":37,"gold_loss":0},{"damage_healed":0,"gold_gain":0,"player_choice":"Gave Potion","damage_taken":0,"relics_obtained":["Potion Belt"],"max_hp_gain":0,"max_hp_loss":0,"event_name":"WeMeetAgain","floor":38,"gold_loss":0},{"damage_healed":0,"gold_gain":0,"player_choice":"Memory 1","damage_taken":0,"max_hp_gain":0,"max_hp_loss":0,"event_name":"SensoryStone","floor":46,"gold_loss":0},{"damage_healed":0,"gold_gain":0,"player_choice":"Ignored","damage_taken":0,"max_hp_gain":0,"max_hp_loss":0,"event_name":"Tomb of Lord Red Mask","floor":47,"gold_loss":0}],"is_beta":true,"boss_relics":[{"not_picked":["Pandora\u0027s Box","Cursed Key"],"picked":"Sozu"},{"not_picked":["Runic Dome","Tiny House"],"picked":"Snecko Eye"}],"items_purged_floors":[20,36],"is_endless":false,"potions_floor_spawned":[2,7,14,16,18,23,31,33,37,39,45],"ascension_level":20}