{"gold_per_floor":[109,129,149,159,11,28,59,59,135,154,180,190,190,201,201,302,302,314,314,333,348,263,263,288,288,342,342],"floor_reached":27,"playtime":2257,"items_purged":[],"score":272,"play_id":"7b0bbe04-e08b-4e7a-9391-d8406ed03495","local_time":"20190707181515","is_ascension_mode":false,"campfire_choices":[{"floor":8,"key":"REST"},{"floor":13,"key":"REST"},{"floor":15,"key":"REST"},{"floor":23,"key":"REST"},{"floor":25,"key":"REST"}],"neow_cost":"NONE","seed_source_timestamp":866011731411761,"circlet_count":0,"master_deck":["Strike_G","Strike_G","Strike_G","Strike_G","Strike_G","Defend_G","Defend_G","Defend_G","Defend_G","Defend_G","Survivor","Neutralize","Deflect","Deadly Poison","Poisoned Stab","Dagger Spray","Catalyst","Bane","Prepared","Dagger Spray","Adrenaline","Dodge and Roll+1","Slice","Caltrops","Slice","Phantasmal Killer+1","Outmaneuver+1","RitualDagger","Envenom","Dash","Catalyst+1"],"relics":["Ring of the Serpent","Gremlin Horn","Toxic Egg 2","Nunchaku","Ancient Tea Set","The Specimen","Boot"],"potions_floor_usage":[2,7,7,11,11,11,18,21,24],"damage_taken":[{"damage":0,"enemies":"Small Slimes","floor":1,"turns":3},{"damage":0,"enemies":"Jaw Worm","floor":2,"turns":5},{"damage":0,"enemies":"2 Louse","floor":3,"turns":3},{"damage":17,"enemies":"Exordium Thugs","floor":4,"turns":7},{"damage":0,"enemies":"Looter","floor":6,"turns":4},{"damage":17,"enemies":"Lagavulin","floor":7,"turns":4},{"damage":2,"enemies":"2 Fungi Beasts","floor":10,"turns":3},{"damage":7,"enemies":"3 Sentries","floor":11,"turns":6},{"damage":15,"enemies":"Exordium Thugs","floor":12,"turns":6},{"damage":1,"enemies":"Blue Slaver","floor":14,"turns":3},{"damage":53,"enemies":"Slime Boss","floor":16,"turns":13},{"damage":10,"enemies":"Shell Parasite","floor":18,"turns":6},{"damage":22,"enemies":"2 Thieves","floor":20,"turns":4},{"damage":27,"enemies":"Sentry and Sphere","floor":21,"turns":6},{"damage":0,"enemies":"Gremlin Leader","floor":24,"turns":6},{"damage":51,"enemies":"Cultist and Chosen","floor":27,"turns":6}],"seed_played":"999344168427829995","potions_obtained":[{"floor":0,"key":"SteroidPotion"},{"floor":0,"key":"Block Potion"},{"floor":0,"key":"FearPotion"},{"floor":4,"key":"GamblersBrew"},{"floor":7,"key":"Weak Potion"},{"floor":10,"key":"Poison Potion"},{"floor":16,"key":"Ancient Potion"},{"floor":18,"key":"Weak Potion"},{"floor":21,"key":"Explosive Potion"}],"is_trial":false,"path_per_floor":["M","M","M","M","$","M","E","R","T","M","E","M","R","M","R","B",null,"M","?","M","M","?","R","E","R","T","M"],"character_chosen":"THE_SILENT","items_purchased":["Catalyst","Bane","Prepared"],"campfire_rested":5,"item_purchase_floors":[5,5,5],"current_hp_per_floor":[70,70,70,53,53,53,36,57,57,55,48,33,54,53,70,17,70,60,54,32,5,5,26,26,47,47,0],"gold":342,"neow_bonus":"THREE_SMALL_POTIONS","is_prod":false,"is_daily":false,"chose_seed":false,"campfire_upgraded":0,"win_rate":0.0,"timestamp":1562534115,"path_taken":["M","M","M","M","$","M","E","R","T","M","E","M","R","M","R","BOSS","M","?","M","M","?","R","E","R","T","M"],"build_version":"2019-07-05","purchased_purges":0,"victory":false,"max_hp_per_floor":[70,70,70,70,70,70,70,70,70,70,70,70,70,70,70,70,70,70,70,70,70,70,70,70,70,70,70],"card_choices":[{"not_picked":["Prepared","Backflip"],"picked":"Deflect","floor":1},{"not_picked":["Dash","Noxious Fumes"],"picked":"Deadly Poison","floor":2},{"not_picked":["Tactician","Acrobatics"],"picked":"Poisoned Stab","floor":3},{"not_picked":["Dodge and Roll","Acrobatics"],"picked":"Dagger Spray","floor":4},{"not_picked":["Tools of the Trade","Outmaneuver"],"picked":"Dagger Spray","floor":6},{"not_picked":["Footwork","Skewer"],"picked":"Adrenaline","floor":7},{"not_picked":["Acrobatics+1","Sucker Punch"],"picked":"Dodge and Roll+1","floor":10},{"not_picked":["Dodge and Roll+1","Predator"],"picked":"Slice","floor":11},{"not_picked":["Dash","Acrobatics+1"],"picked":"Caltrops","floor":12},{"not_picked":["After Image","Endless Agony"],"picked":"Slice","floor":14},{"not_picked":["Wraith Form v2","Glass Knife"],"picked":"Phantasmal Killer+1","floor":16},{"not_picked":["Bane","Quick Slash"],"picked":"Outmaneuver+1","floor":18},{"not_picked":["Eviscerate","Reflex+1"],"picked":"Envenom","floor":20},{"not_picked":["PiercingWail+1","Slice"],"picked":"Dash","floor":21},{"not_picked":["Underhanded Strike","PiercingWail+1"],"picked":"Catalyst+1","floor":24}],"player_experience":103594,"relics_obtained":[{"floor":7,"key":"Gremlin Horn"},{"floor":9,"key":"Toxic Egg 2"},{"floor":11,"key":"Nunchaku"},{"floor":24,"key":"The Specimen"},{"floor":26,"key":"Boot"}],"event_choices":[{"damage_healed":0,"gold_gain":0,"player_choice":"Joined the Cult","damage_taken":6,"max_hp_gain":0,"max_hp_loss":0,"event_name":"Nest","floor":19,"gold_loss":0,"cards_obtained":["RitualDagger"]},{"damage_healed":0,"gold_gain":0,"player_choice":"Obtained Relic","damage_taken":0,"relics_obtained":["Ancient Tea Set"],"max_hp_gain":0,"max_hp_loss":0,"event_name":"Addict","floor":22,"gold_loss":85}],"is_beta":false,"boss_relics":[{"not_picked":["Empty Cage","Velvet Choker"],"picked":"Ring of the Serpent"}],"items_purged_floors":[],"is_endless":false,"potions_floor_spawned":[1,4,7,10,16,18,21],"killed_by":"Cultist and Chosen","ascension_level":0}