{"gold_per_floor":[109,109,127,127,143,143,184,6,6,20,20,20,20,67,67,67],"floor_reached":16,"playtime":805,"items_purged":[],"score":172,"play_id":"d90ac5d1-3090-4c4e-839b-0e8a38feaa87","local_time":"20181208215827","is_ascension_mode":true,"campfire_choices":[{"data":"Panacea","floor":6,"key":"SMITH"},{"floor":11,"key":"REST"},{"data":"Shockwave","floor":13,"key":"SMITH"},{"floor":15,"key":"RECALL"}],"neow_cost":"NONE","seed_source_timestamp":822170061022189,"circlet_count":0,"master_deck":["AscendersBane","Strike_R","Strike_R","Strike_R","Strike_R","Strike_R","Defend_R","Defend_R","Defend_R","Defend_R","Bash","Panacea+1","Headbutt","Inflame","Shrug It Off","Pommel Strike+1","Metallicize","Impervious","Shockwave+1"],"relics":["Burning Blood","Golden Idol","Dodecahedron","Omamori"],"potions_floor_usage":[10],"damage_taken":[{"damage":33,"enemies":"Jaw Worm","floor":1,"turns":6},{"damage":8,"enemies":"Small Slimes","floor":3,"turns":3},{"damage":6,"enemies":"Cultist","floor":5,"turns":4},{"damage":32,"enemies":"Gremlin Nob","floor":7,"turns":5},{"damage":2,"enemies":"Looter","floor":10,"turns":4},{"damage":59,"enemies":"Hexaghost","floor":16,"turns":14}],"seed_played":"-8355087041695306642","potions_obtained":[{"floor":7,"key":"AttackPotion"},{"floor":10,"key":"Ancient Potion"}],"is_trial":false,"path_per_floor":["M","?","M","?","M","R","E","$","T","M","R","?","R","T","R","B"],"character_chosen":"IRONCLAD","items_purchased":["Metallicize","Impervious"],"campfire_rested":1,"item_purchase_floors":[8,8],"current_hp_per_floor":[41,41,39,61,61,61,35,35,35,39,59,59,59,59,59,0],"gold":67,"neow_bonus":"RANDOM_COLORLESS","is_prod":false,"is_daily":false,"chose_seed":false,"campfire_upgraded":2,"win_rate":0,"timestamp":1544324307,"path_taken":["M","?","M","?","?","R","E","?","T","M","R","?","R","?","R","BOSS"],"build_version":"2018-12-06","purchased_purges":0,"victory":false,"max_hp_per_floor":[75,68,68,68,68,68,68,68,68,68,68,68,68,68,68,68],"card_choices":[{"not_picked":["Wild Strike","Anger"],"picked":"Headbutt","floor":1},{"not_picked":["Reckless Charge","Body Slam"],"picked":"Inflame","floor":3},{"not_picked":["Sever Soul","Feel No Pain"],"picked":"Shrug It Off","floor":5},{"not_picked":["Inflame","Shrug It Off"],"picked":"Pommel Strike","floor":7},{"not_picked":["Armaments","Corruption"],"picked":"Shockwave","floor":10}],"player_experience":2049631,"relics_obtained":[{"floor":7,"key":"Dodecahedron"},{"floor":14,"key":"Omamori"}],"event_choices":[{"damage_healed":0,"gold_gain":0,"player_choice":"Lose Max HP","damage_taken":0,"relics_obtained":["Golden Idol"],"max_hp_gain":0,"max_hp_loss":7,"event_name":"Golden Idol","floor":2,"gold_loss":0},{"damage_healed":22,"gold_gain":0,"player_choice":"Banana","damage_taken":0,"max_hp_gain":0,"max_hp_loss":0,"event_name":"Big Fish","floor":4,"gold_loss":0},{"damage_healed":0,"gold_gain":0,"player_choice":"Grow","damage_taken":0,"max_hp_gain":0,"max_hp_loss":0,"event_name":"Living Wall","floor":12,"gold_loss":0,"cards_upgraded":["Pommel Strike"]}],"is_beta":false,"boss_relics":[],"items_purged_floors":[],"is_endless":false,"potions_floor_spawned":[7,10],"killed_by":"Hexaghost","ascension_level":15}