{"gold_per_floor":[119,135,15,31,31,63,63,78,129,140,157,157,173,202,214,299,311,339,351,363,22,122,122,134,134,204,204,223,234,13,24,24,24],"floor_reached":33,"playtime":7005,"items_purged":["Strike_B"],"score":469,"play_id":"5020b054-34ba-47e2-b556-b6c7e146a653","local_time":"20190113232219","is_ascension_mode":true,"campfire_choices":[{"floor":7.0,"key":"REST"},{"floor":12.0,"key":"REST"},{"data":"Thunder Strike","floor":15.0,"key":"SMITH"},{"floor":23,"key":"RECALL"},{"data":"Turbo","floor":25,"key":"SMITH"},{"data":"Static Discharge","floor":27,"key":"SMITH"},{"floor":32,"key":"REST"}],"neow_cost":"NONE","seed_source_timestamp":333047056862110,"circlet_count":0,"master_deck":["AscendersBane","Strike_B","Strike_B","Strike_B","Defend_B","Defend_B","Defend_B","Defend_B","Zap","Dualcast","Finesse","Turbo+1","Darkness","Ball Lightning","Defragment","Chill","Buffer","Compile Driver","Static Discharge+1","Chaos","Thunder Strike+1","Conserve Battery","Biased Cognition","Tempest","Loop","Ball Lightning+1","Stack","Aggregate+1","Electrodynamics"],"special_seed":0,"relics":["Cracked Core","Question Card","DataDisk","MawBank","Velvet Choker","Ice Cream"],"potions_floor_usage":[18,29],"damage_taken":[{"damage":4.0,"enemies":"Jaw Worm","floor":1.0,"turns":4.0},{"damage":7.0,"enemies":"Small Slimes","floor":2.0,"turns":3.0},{"damage":0.0,"enemies":"Cultist","floor":4.0,"turns":3.0},{"damage":29.0,"enemies":"Gremlin Nob","floor":6.0,"turns":4.0},{"damage":5.0,"enemies":"Red Slaver","floor":8.0,"turns":3.0},{"damage":1.0,"enemies":"Exordium Wildlife","floor":10.0,"turns":4.0},{"damage":0.0,"enemies":"Looter","floor":11.0,"turns":4.0},{"damage":0.0,"enemies":"3 Louse","floor":13.0,"turns":3.0},{"damage":0.0,"enemies":"Lagavulin","floor":14.0,"turns":6.0},{"damage":3.0,"enemies":"Slime Boss","floor":16.0,"turns":7.0},{"damage":26,"enemies":"Shell Parasite","floor":18,"turns":5},{"damage":9,"enemies":"Colosseum Slavers","floor":19,"turns":4},{"damage":7,"enemies":"Chosen","floor":24,"turns":3},{"damage":23,"enemies":"Shelled Parasite and Fungi","floor":28,"turns":2},{"damage":12,"enemies":"3 Cultists","floor":29,"turns":4},{"damage":5,"enemies":"Chosen and Byrds","floor":31,"turns":3},{"damage":41,"enemies":"Champ","floor":33,"turns":3}],"seed_played":"713365855475303721","potions_obtained":[{"floor":1.0,"key":"SkillPotion"},{"floor":4.0,"key":"GamblersBrew"},{"floor":11.0,"key":"Ancient Potion"},{"floor":13.0,"key":"Explosive Potion"},{"floor":24,"key":"Poison Potion"}],"is_trial":false,"path_per_floor":["M","M","$","M","?","E","R","M","T","M","M","R","M","E","R","B",null,"M","?","?","$","?","R","M","R","T","R","M","M","$","M","R","B"],"character_chosen":"DEFECT","items_purchased":["Ball Lightning","Defragment","Ice Cream","Loop","Electrodynamics"],"campfire_rested":3,"item_purchase_floors":[3,3,21,21,30],"current_hp_per_floor":[64,57,57,57,57,28,50,45,45,44,44,66,66,66,66,63,72,46,37,62,62,62,62,55,55,55,55,32,20,20,15,37,0],"gold":24,"neow_bonus":"RANDOM_COLORLESS","is_prod":false,"is_daily":false,"chose_seed":false,"campfire_upgraded":3,"win_rate":0,"timestamp":1547439739,"path_taken":["M","M","$","M","?","E","R","M","T","M","M","R","M","E","R","BOSS","M","?","?","$","?","R","M","R","T","R","?","M","?","M","R","BOSS"],"build_version":"2019-01-03v4","purchased_purges":1,"victory":false,"max_hp_per_floor":[75,75,75,75,75,75,75,75,75,75,75,75,75,75,75,75,75,75,75,75,75,75,75,75,75,75,75,75,75,75,75,75,75],"card_choices":[{"not_picked":["Barrage","Coolheaded"],"picked":"Turbo","floor":1.0},{"not_picked":["Stack","Redo"],"picked":"Darkness","floor":2.0},{"not_picked":["BootSequence","White Noise"],"picked":"Chill","floor":4.0},{"not_picked":["Recycle","Rip and Tear"],"picked":"Buffer","floor":6.0},{"not_picked":["Ball Lightning","Hologram","Heatsinks"],"picked":"Compile Driver","floor":8.0},{"not_picked":["Chill","Reinforced Body","Beam Cell"],"picked":"Static Discharge","floor":10.0},{"not_picked":["Beam Cell","Streamline","Darkness"],"picked":"Chaos","floor":11.0},{"not_picked":["Beam Cell","Turbo","Sweeping Beam"],"picked":"Thunder Strike","floor":13.0},{"not_picked":["Storm","Beam Cell","Barrage"],"picked":"Conserve Battery","floor":14.0},{"not_picked":["All For One","Multi-Cast","Fission"],"picked":"Biased Cognition","floor":16.0},{"not_picked":["Go for the Eyes","Turbo","Steam"],"picked":"Tempest","floor":18},{"not_picked":["Hologram","Leap","Glacier"],"picked":"Ball Lightning+1","floor":24},{"not_picked":["Storm","Beam Cell","Ball Lightning"],"picked":"Stack","floor":28},{"not_picked":["Sweeping Beam","Glacier","Go for the Eyes"],"picked":"Aggregate+1","floor":29},{"not_picked":["Go for the Eyes","White Noise","Recycle","Ball Lightning"],"picked":"SKIP","floor":31}],"player_experience":2183819,"relics_obtained":[{"floor":6.0,"key":"Question Card"},{"floor":9.0,"key":"DataDisk"},{"floor":14.0,"key":"MawBank"}],"event_choices":[{"damage_healed":0.0,"max_hp_gain":0.0,"max_hp_loss":0.0,"gold_gain":0.0,"event_name":"Liars Game","player_choice":"Ignored","floor":5.0,"gold_loss":0.0,"damage_taken":0.0},{"damage_healed":0,"gold_gain":0,"player_choice":"Fight","damage_taken":0,"max_hp_gain":0,"max_hp_loss":0,"event_name":"Colosseum","floor":19,"gold_loss":0},{"damage_healed":0,"gold_gain":0,"player_choice":"Fled From Nobs","damage_taken":0,"max_hp_gain":0,"max_hp_loss":0,"event_name":"Colosseum","floor":19,"gold_loss":0},{"damage_healed":25,"gold_gain":0,"player_choice":"Heal","damage_taken":0,"max_hp_gain":0,"max_hp_loss":0,"event_name":"The Library","floor":20,"gold_loss":0},{"damage_healed":0,"gold_gain":100,"player_choice":"Pray","damage_taken":0,"max_hp_gain":0,"max_hp_loss":0,"event_name":"Golden Shrine","floor":22,"gold_loss":0}],"is_beta":false,"boss_relics":[{"not_picked":["Nuclear Battery","Sozu"],"picked":"Velvet Choker"}],"items_purged_floors":[30],"is_endless":false,"potions_floor_spawned":[1,4,11,13,14,24],"killed_by":"Champ","ascension_level":13}