{"gold_per_floor":[17,35,50,68,68,68,68,68,93,121,121,146,146,163,163,260,260,279,295,311,311,330,330,330],"floor_reached":24,"playtime":1917,"items_purged":[],"score":208,"play_id":"891eb8f5-6e8e-449c-b788-4a47ca686dca","local_time":"20191002224144","is_ascension_mode":false,"campfire_choices":[{"data":"Bash","floor":6,"key":"SMITH"},{"data":"Berserk","floor":11,"key":"SMITH"},{"data":"Barricade","floor":13,"key":"SMITH"},{"data":"Anger","floor":15,"key":"SMITH"},{"data":"Feel No Pain","floor":23,"key":"SMITH"}],"neow_cost":"NO_GOLD","seed_source_timestamp":257354145145900,"circlet_count":0,"master_deck":["Strike_R","Strike_R","Defend_R+1","Defend_R","Defend_R","Defend_R+1","Bash+1","Anger+1","Heavy Blade","Pummel","Feel No Pain+1","Berserk+1","Barricade+1","Warcry","Offering","Intimidate+1","Flame Barrier+1","Corruption+1"],"relics":["Burning Blood","PreservedInsect","Charon\u0027s Ashes","War Paint","Mercury Hourglass","Oddly Smooth Stone","Mark of Pain"],"potions_floor_usage":[10,16,22],"damage_taken":[{"damage":1,"enemies":"Cultist","floor":1,"turns":3},{"damage":2,"enemies":"2 Louse","floor":2,"turns":3},{"damage":7,"enemies":"Small Slimes","floor":3,"turns":3},{"damage":5,"enemies":"Looter","floor":4,"turns":3},{"damage":26,"enemies":"Lagavulin","floor":10,"turns":4},{"damage":14,"enemies":"Gremlin Nob","floor":12,"turns":3},{"damage":8,"enemies":"Lots of Slimes","floor":14,"turns":3},{"damage":46,"enemies":"The Guardian","floor":16,"turns":9},{"damage":9,"enemies":"Chosen","floor":18,"turns":4},{"damage":27,"enemies":"Shell Parasite","floor":19,"turns":5},{"damage":34,"enemies":"Centurion and Healer","floor":20,"turns":5},{"damage":4,"enemies":"Snecko","floor":22,"turns":6},{"damage":37,"enemies":"Sentry and Sphere","floor":24,"turns":4}],"seed_played":"5325818252256653093","potions_obtained":[{"floor":1,"key":"AttackPotion"},{"floor":3,"key":"GamblersBrew"},{"floor":4,"key":"BloodPotion"},{"floor":16,"key":"SteroidPotion"},{"floor":20,"key":"FearPotion"}],"is_trial":false,"path_per_floor":["M","M","M","M","?","R","?","?","T","E","R","E","R","M","R","B",null,"M","M","M","?","M","R","M"],"character_chosen":"IRONCLAD","items_purchased":[],"campfire_rested":0,"item_purchase_floors":[],"current_hp_per_floor":[80,80,79,80,73,73,61,61,61,61,61,53,53,51,51,11,80,77,56,28,28,30,30,0],"gold":330,"neow_bonus":"REMOVE_TWO","is_prod":false,"is_daily":false,"chose_seed":false,"campfire_upgraded":5,"win_rate":0.0,"timestamp":1570027304,"path_taken":["M","M","M","M","?","R","?","?","T","E","R","E","R","M","R","BOSS","M","M","M","?","M","R","?"],"build_version":"2019-07-17","purchased_purges":0,"victory":false,"max_hp_per_floor":[80,80,80,80,80,80,80,80,80,80,80,80,80,80,80,80,80,80,80,80,80,80,80,80],"card_choices":[{"not_picked":["Pummel","Twin Strike"],"picked":"Anger","floor":1},{"not_picked":["Armaments","Perfected Strike"],"picked":"Heavy Blade","floor":2},{"not_picked":["Perfected Strike","Anger"],"picked":"Pummel","floor":3},{"not_picked":["Warcry","Rage"],"picked":"Feel No Pain","floor":4},{"not_picked":["Warcry","Perfected Strike"],"picked":"Berserk","floor":10},{"not_picked":["Ghostly Armor","Second Wind"],"picked":"Barricade","floor":12},{"not_picked":["Twin Strike","Flex"],"picked":"Warcry","floor":14},{"not_picked":["Fiend Fire","Bludgeon"],"picked":"Offering","floor":16},{"not_picked":["Sword Boomerang","Sever Soul"],"picked":"Intimidate+1","floor":18},{"not_picked":["Twin Strike","Perfected Strike","Thunderclap+1"],"picked":"SKIP","floor":19},{"not_picked":["True Grit","Dual Wield"],"picked":"Flame Barrier+1","floor":20},{"not_picked":["Twin Strike","Sever Soul"],"picked":"Corruption+1","floor":22}],"player_experience":55567,"relics_obtained":[{"floor":9,"key":"War Paint"},{"floor":10,"key":"Mercury Hourglass"},{"floor":12,"key":"Oddly Smooth Stone"}],"event_choices":[{"cards_removed":["Strike_R"],"damage_healed":0,"gold_gain":0,"player_choice":"Card Removal","damage_taken":7,"max_hp_gain":0,"max_hp_loss":0,"event_name":"Golden Wing","floor":5,"gold_loss":0},{"damage_healed":0,"gold_gain":0,"player_choice":"Success","damage_taken":12,"relics_obtained":["PreservedInsect"],"max_hp_gain":0,"max_hp_loss":0,"event_name":"Scrap Ooze","floor":7,"gold_loss":0},{"damage_healed":0,"gold_gain":0,"player_choice":"Box","damage_taken":0,"relics_obtained":["Charon\u0027s Ashes"],"max_hp_gain":0,"max_hp_loss":0,"event_name":"Big Fish","floor":8,"gold_loss":0,"cards_obtained":["Regret"]},{"cards_removed":["Regret"],"damage_healed":0,"gold_gain":0,"player_choice":"Removed Curses","damage_taken":0,"max_hp_gain":0,"max_hp_loss":0,"event_name":"Fountain of Cleansing","floor":21,"gold_loss":0}],"is_beta":false,"boss_relics":[{"not_picked":["Snecko Eye","White Beast Statue"],"picked":"Mark of Pain"}],"items_purged_floors":[],"is_endless":false,"potions_floor_spawned":[1,3,4,16,20],"killed_by":"Sentry and Sphere","ascension_level":0}