{"gold_per_floor":[109,109,74,94,94,94,94,120,120,20,35,53,53],"floor_reached":13,"playtime":726,"items_purged":[],"score":108,"play_id":"c180ec25-57fe-40c6-a4b5-fa0c2f835967","local_time":"20180830191039","is_ascension_mode":true,"campfire_choices":[{"data":"Recycle","floor":6,"key":"SMITH"}],"neow_cost":"TEN_PERCENT_HP_LOSS","seed_source_timestamp":312480162124916,"circlet_count":0,"master_deck":["Strike_B","Strike_B","Defend_B","Defend_B","Defend_B","Defend_B","Zap","Dualcast","Gash","Recycle+1","Heatsinks","Hologram","Turbo","Echo Form","Gash","Hello World","Hologram","Heatsinks"],"relics":["Cracked Core","Bird Faced Urn","Letter Opener","Dodecahedron","Bottled Flame"],"potions_floor_usage":[],"damage_taken":[{"damage":9,"enemies":"Jaw Worm","floor":1,"turns":4},{"damage":10,"enemies":"Small Slimes","floor":4,"turns":3},{"damage":36,"enemies":"Lagavulin","floor":8,"turns":7},{"damage":6,"enemies":"Cultist","floor":11,"turns":4},{"damage":14,"enemies":"2 Fungi Beasts","floor":12,"turns":4},{"damage":13,"enemies":"Large Slime","floor":13,"turns":1}],"seed_played":"3790443506060370152","potions_obtained":[{"floor":4,"key":"Ancient Potion"}],"is_trial":false,"path_per_floor":["M","?","$","M","?","R","?","E","T","$","M","M"],"character_chosen":"DEFECT","items_purchased":["Heatsinks","Gash","Hello World"],"campfire_rested":0,"item_purchase_floors":[3,10,10],"current_hp_per_floor":[59,59,59,51,51,51,51,17,17,17,15,7,0],"gold":53,"neow_bonus":"ONE_RARE_RELIC","is_prod":false,"is_daily":false,"chose_seed":false,"campfire_upgraded":1,"win_rate":0,"timestamp":1535670639,"path_taken":["M","?","$","M","?","R","?","E","T","$","M","?","M"],"build_version":"2018-08-23v2","purchased_purges":0,"victory":false,"max_hp_per_floor":[68,68,68,68,68,68,68,68,68,68,68,68,68],"card_choices":[{"not_picked":["Leap","Barrage"],"picked":"Gash","floor":1},{"not_picked":["Ball Lightning","Compile Driver"],"picked":"Hologram","floor":4},{"not_picked":["Cold Snap","Darkness"],"picked":"Echo Form","floor":8},{"not_picked":["Barrage","Beam Cell"],"picked":"Hologram","floor":11},{"not_picked":["Redo","Compile Driver"],"picked":"Heatsinks","floor":12}],"player_experience":1602238,"relics_obtained":[{"floor":7,"key":"Letter Opener"},{"floor":8,"key":"Dodecahedron"},{"floor":9,"key":"Bottled Flame"}],"event_choices":[{"event_name":"Living Wall","player_choice":"Change","floor":2,"damage_taken":0},{"event_name":"Transmorgrifier","player_choice":"Transform","floor":5,"damage_taken":0},{"event_name":"Wheel of Change","player_choice":"Relic","floor":7,"damage_taken":0}],"is_beta":false,"boss_relics":[],"items_purged_floors":[],"is_endless":false,"potions_floor_spawned":[4],"killed_by":"Large Slime","ascension_level":6}