{"gold_per_floor":[110,260,275,28,44,79,79,105,128,128,128,146,175,87,87,159,159,170,183,133,47,57,82,82,116,116,116,133,153,78,92,92,92],"floor_reached":33,"playtime":3576,"items_purged":["Doubt"],"score":564,"play_id":"4ec3716f-c14d-44c6-81cc-9f68b1ee6277","local_time":"20190317004142","is_ascension_mode":true,"campfire_choices":[{"floor":7,"key":"REST"},{"data":"Adrenaline","floor":11,"key":"SMITH"},{"floor":15,"key":"REST"},{"floor":24,"key":"REST"},{"data":"Noxious Fumes","floor":27,"key":"SMITH"},{"floor":32,"key":"REST"}],"neow_cost":"NONE","seed_source_timestamp":1530172801592846,"circlet_count":0,"master_deck":["AscendersBane","Defend_G","Defend_G","Defend_G","Defend_G","Defend_G","Strike_G","Strike_G","Strike_G","Strike_G","Survivor","Neutralize+1","Grand Finale","Expertise","Quick Slash","Concentrate","Noxious Fumes","Bane","Footwork","Adrenaline+1","Caltrops","Bouncing Flask","PiercingWail","Footwork","Corpse Explosion","Dodge and Roll","Bane","Noxious Fumes+1","PiercingWail","Sucker Punch+1","Adrenaline","Quick Slash+1","Well Laid Plans","Deflect"],"special_seed":0,"relics":["Ring of the Snake","Lantern","Art of War","Bronze Scales","Snake Skull","Sozu","Ancient Tea Set","Mummified Hand","FossilizedHelix"],"potions_floor_usage":[12,22,23],"damage_taken":[{"damage":2.0,"enemies":"Cultist","floor":1.0,"turns":5.0},{"damage":0,"enemies":"2 Louse","floor":3,"turns":7},{"damage":0,"enemies":"Small Slimes","floor":5,"turns":3},{"damage":32,"enemies":"3 Sentries","floor":6,"turns":10},{"damage":8,"enemies":"Lagavulin","floor":8,"turns":7},{"damage":10,"enemies":"Gremlin Gang","floor":12,"turns":4},{"damage":20,"enemies":"Gremlin Nob","floor":13,"turns":4},{"damage":3,"enemies":"Hexaghost","floor":16,"turns":8},{"damage":13,"enemies":"Shell Parasite","floor":18,"turns":4},{"damage":9,"enemies":"Chosen","floor":19,"turns":5},{"damage":3,"enemies":"Snake Plant","floor":22,"turns":3},{"damage":17,"enemies":"Slavers","floor":23,"turns":3},{"damage":7,"enemies":"Book of Stabbing","floor":25,"turns":5},{"damage":4,"enemies":"Centurion and Healer","floor":28,"turns":5},{"damage":12,"enemies":"Snecko","floor":29,"turns":5},{"damage":7,"enemies":"Shelled Parasite and Fungi","floor":31,"turns":5},{"damage":59,"enemies":"Champ","floor":33,"turns":8}],"seed_played":"-405837253123475841","potions_obtained":[{"floor":3,"key":"GhostInAJar"},{"floor":8,"key":"LiquidBronze"},{"floor":12,"key":"Fruit Juice"},{"floor":16,"key":"GamblersBrew"}],"is_trial":false,"path_per_floor":["M","?","M","$","M","E","R","E","T","?","R","M","E","$","R","B",null,"M","M","?","$","M","E","R","E","T","R","M","M","$","M","R","B"],"character_chosen":"THE_SILENT","items_purchased":["Concentrate","Noxious Fumes","Bane","Footwork","Noxious Fumes","Well Laid Plans"],"campfire_rested":4,"item_purchase_floors":[4,4,4,14,21,30],"current_hp_per_floor":[57,57,57,57,57,25,44,36,36,36,36,31,11,11,32,29,61,48,39,39,39,36,19,40,33,33,33,29,17,17,10,31,0],"gold":92,"neow_bonus":"TRANSFORM_CARD","is_prod":false,"is_daily":false,"chose_seed":false,"campfire_upgraded":2,"win_rate":0,"timestamp":1552797702,"path_taken":["M","?","M","$","M","E","R","E","T","?","R","M","E","$","R","BOSS","M","M","?","$","M","E","R","E","T","R","M","?","?","M","R","BOSS"],"build_version":"2019-01-23","purchased_purges":1,"victory":false,"max_hp_per_floor":[66,66,66,66,66,66,66,66,66,66,66,71,71,71,71,71,71,71,71,71,71,71,71,71,71,71,71,71,71,71,71,71,71],"card_choices":[{"not_picked":["Flying Knee","Dagger Throw"],"picked":"Expertise","floor":1.0},{"not_picked":["Dodge and Roll","Blade Dance"],"picked":"Quick Slash","floor":3},{"not_picked":["Blade Dance","Expertise"],"picked":"Footwork","floor":5},{"not_picked":["Riddle With Holes","Dodge and Roll"],"picked":"Adrenaline","floor":6},{"not_picked":["Deflect","Underhanded Strike"],"picked":"Caltrops","floor":8},{"not_picked":["Cloak And Dagger","Quick Slash"],"picked":"Bouncing Flask","floor":12},{"not_picked":["Cloak And Dagger","Deadly Poison"],"picked":"PiercingWail","floor":13},{"not_picked":["Doppelganger","Storm of Steel"],"picked":"Corpse Explosion","floor":16},{"not_picked":["Bane","Caltrops"],"picked":"Dodge and Roll","floor":18},{"not_picked":["Underhanded Strike","Poisoned Stab"],"picked":"Bane","floor":19},{"not_picked":["Bane","Backstab+1"],"picked":"PiercingWail","floor":22},{"not_picked":["Deadly Poison","Prepared"],"picked":"Sucker Punch+1","floor":23},{"not_picked":["Crippling Poison","Reflex"],"picked":"Adrenaline","floor":25},{"not_picked":["Accuracy","Poisoned Stab"],"picked":"Quick Slash+1","floor":28},{"not_picked":["Poisoned Stab","Flying Knee+1","Dagger Spray+1"],"picked":"SKIP","floor":29},{"not_picked":["Dash","Quick Slash"],"picked":"Deflect","floor":31}],"player_experience":2394275,"relics_obtained":[{"floor":6,"key":"Lantern"},{"floor":8,"key":"Art of War"},{"floor":9,"key":"Bronze Scales"},{"floor":13,"key":"Snake Skull"},{"floor":23,"key":"Ancient Tea Set"},{"floor":25,"key":"Mummified Hand"},{"floor":26,"key":"FossilizedHelix"}],"event_choices":[{"damage_healed":0,"gold_gain":150,"player_choice":"AGREE","damage_taken":0,"max_hp_gain":0,"max_hp_loss":0,"event_name":"Liars Game","floor":2,"gold_loss":0,"cards_obtained":["Doubt"]},{"damage_healed":0,"gold_gain":0,"player_choice":"Upgraded","damage_taken":0,"max_hp_gain":0,"max_hp_loss":0,"event_name":"Upgrade Shrine","floor":10,"gold_loss":0,"cards_upgraded":["Neutralize"]},{"damage_healed":0,"gold_gain":0,"player_choice":"Bet on Owner","damage_taken":0,"max_hp_gain":0,"max_hp_loss":0,"event_name":"The Joust","floor":20,"gold_loss":50}],"is_beta":false,"boss_relics":[{"not_picked":["Tiny House","Snecko Eye"],"picked":"Sozu"}],"items_purged_floors":[4],"is_endless":false,"potions_floor_spawned":[3,8,12,16,18,23,28,29],"killed_by":"Champ","ascension_level":17}