{"gold_per_floor":[109,123,123,123,140,140,165,175,175,195,195,214,214,214,214,309,309,329,340,356,356,356,356,356],"floor_reached":24,"playtime":2023,"items_purged":[],"score":317,"play_id":"e3e48096-5bd7-45c0-ab65-848450745ad1","local_time":"20181220201134","is_ascension_mode":true,"campfire_choices":[{"data":"Streamline","floor":6.0,"key":"SMITH"},{"floor":13.0,"key":"REST"},{"floor":15.0,"key":"REST"},{"floor":23,"key":"REST"}],"neow_cost":"NONE","seed_source_timestamp":0,"circlet_count":0,"master_deck":["AscendersBane","Strike_B","Strike_B","Strike_B","Strike_B","Defend_B","Defend_B","Defend_B","Defend_B","Zap+1","Dualcast","Forethought","Reinforced Body","Streamline+1","Gash","Rebound","Undo","Sunder","BootSequence","Electrodynamics","Hologram","Turbo","Static Discharge"],"special_seed":0,"relics":["Cracked Core","Omamori","Pen Nib","Bottled Flame","Question Card","Nuclear Battery","Frozen Egg 2"],"potions_floor_usage":[20],"damage_taken":[{"damage":0.0,"enemies":"Cultist","floor":1.0,"turns":3.0},{"damage":9.0,"enemies":"2 Louse","floor":2.0,"turns":3.0},{"damage":12.0,"enemies":"Jaw Worm","floor":5.0,"turns":2.0},{"damage":20.0,"enemies":"Lagavulin","floor":7.0,"turns":5.0},{"damage":7.0,"enemies":"2 Fungi Beasts","floor":8.0,"turns":3.0},{"damage":9.0,"enemies":"3 Louse","floor":10.0,"turns":4.0},{"damage":8.0,"enemies":"Blue Slaver","floor":12.0,"turns":3.0},{"damage":49.0,"enemies":"The Guardian","floor":16.0,"turns":12.0},{"damage":11.0,"enemies":"Spheric Guardian","floor":18.0,"turns":3.0},{"damage":3.0,"enemies":"3 Byrds","floor":19.0,"turns":4.0},{"damage":10,"enemies":"Snecko","floor":20,"turns":4},{"damage":67,"enemies":"Gremlin Leader","floor":24,"turns":10}],"seed_played":"4695871563992573502","potions_obtained":[{"floor":2.0,"key":"AttackPotion"},{"floor":5.0,"key":"SkillPotion"},{"floor":8.0,"key":"Ancient Potion"},{"floor":18.0,"key":"SkillPotion"}],"is_trial":false,"path_per_floor":["M","M","?","?","M","R","E","M","T","M","T","M","R","?","R","B",null,"M","M","M","?","?","R","E"],"character_chosen":"DEFECT","items_purchased":[],"campfire_rested":3,"item_purchase_floors":[],"current_hp_per_floor":[68,59,59,64,52,52,32,25,25,16,16,8,32,29,53,4,61,50,47,37,37,37,61,0],"gold":356,"neow_bonus":"RANDOM_COLORLESS","is_prod":false,"is_daily":false,"chose_seed":false,"campfire_upgraded":1,"win_rate":0,"timestamp":1545354694,"path_taken":["M","?","?","?","M","R","E","M","T","M","?","M","R","?","R","BOSS","M","M","M","?","?","R","E"],"build_version":"2018-12-13","purchased_purges":0,"victory":false,"max_hp_per_floor":[75,75,75,80,80,80,80,80,80,80,80,80,80,80,80,80,80,80,80,80,80,80,80,80],"card_choices":[{"not_picked":["Force Field","Storm"],"picked":"Reinforced Body","floor":1.0},{"not_picked":["Scrape","Conserve Battery"],"picked":"Streamline","floor":2.0},{"not_picked":["Coolheaded","Leap"],"picked":"Gash","floor":5.0},{"not_picked":["Static Discharge","Fusion"],"picked":"Rebound","floor":7.0},{"not_picked":["Redo","Streamline"],"picked":"Undo","floor":8.0},{"not_picked":["Darkness","Redo"],"picked":"Sunder","floor":10.0},{"not_picked":["Sweeping Beam","Tempest"],"picked":"BootSequence","floor":12.0},{"not_picked":["Seek","Rainbow","Buffer"],"picked":"Electrodynamics","floor":16.0},{"not_picked":["Steam","Streamline+1","Lockon"],"picked":"Hologram","floor":18.0},{"not_picked":["Steam","Go for the Eyes","Beam Cell"],"picked":"Turbo","floor":19.0},{"not_picked":["Chaos","Double Energy","Steam"],"picked":"Static Discharge","floor":20}],"player_experience":2087837,"relics_obtained":[{"floor":7.0,"key":"Omamori"},{"floor":9.0,"key":"Pen Nib"},{"floor":11.0,"key":"Bottled Flame"}],"event_choices":[{"damage_healed":0.0,"max_hp_gain":0.0,"max_hp_loss":0.0,"gold_gain":0.0,"event_name":"Living Wall","player_choice":"Grow","floor":3.0,"gold_loss":0.0,"damage_taken":0.0,"cards_upgraded":["Zap"]},{"damage_healed":0.0,"max_hp_gain":5.0,"max_hp_loss":0.0,"gold_gain":0.0,"event_name":"Big Fish","player_choice":"Donut","floor":4.0,"gold_loss":0.0,"damage_taken":0.0},{"damage_healed":0.0,"max_hp_gain":0.0,"max_hp_loss":0.0,"gold_gain":0.0,"event_name":"Scrap Ooze","player_choice":"Success","floor":14.0,"gold_loss":0.0,"damage_taken":3.0,"relics_obtained":["Question Card"]},{"damage_healed":0,"gold_gain":0,"player_choice":"Ignored","damage_taken":0,"max_hp_gain":0,"max_hp_loss":0,"event_name":"Ghosts","floor":21,"gold_loss":0},{"damage_healed":0,"gold_gain":0,"player_choice":"Opened","damage_taken":0,"relics_obtained":["Frozen Egg 2"],"max_hp_gain":0,"max_hp_loss":0,"event_name":"The Mausoleum","floor":22,"gold_loss":0}],"is_beta":false,"boss_relics":[{"not_picked":["Coffee Dripper","Black Star"],"picked":"Nuclear Battery"}],"items_purged_floors":[],"is_endless":false,"potions_floor_spawned":[2,5,8,18],"killed_by":"Gremlin Leader","ascension_level":12}