{"gold_per_floor":[109,119,119,44,54,54,68,95,95,122,122,122,22,22,22,22],"floor_reached":16,"playtime":2544,"items_purged":["Writhe","Defend_G"],"score":194,"play_id":"d5bd6229-ab69-4b34-94b7-d13295ce287f","local_time":"20190306210450","is_ascension_mode":true,"campfire_choices":[{"data":"Neutralize","floor":6,"key":"SMITH"},{"data":"Skewer","floor":11,"key":"SMITH"},{"floor":15,"key":"REST"}],"neow_cost":"CURSE","seed_source_timestamp":1146098900260021,"circlet_count":0,"master_deck":["AscendersBane","Defend_G","Defend_G","Defend_G","Defend_G","Strike_G","Strike_G","Strike_G","Strike_G","Survivor","Neutralize+1","Die Die Die","Skewer+1","Dagger Spray","Dodge and Roll","Quick Slash","Deflect","Backflip"],"relics":["Ring of the Snake","Meat on the Bone","Kunai","The Specimen"],"potions_floor_usage":[8,10],"damage_taken":[{"damage":0,"enemies":"Small Slimes","floor":1,"turns":2},{"damage":0,"enemies":"Jaw Worm","floor":2,"turns":3},{"damage":0,"enemies":"2 Louse","floor":5,"turns":2},{"damage":0,"enemies":"Gremlin Gang","floor":7,"turns":2},{"damage":9,"enemies":"3 Sentries","floor":8,"turns":4},{"damage":23,"enemies":"Lagavulin","floor":10,"turns":10},{"damage":67,"enemies":"The Guardian","floor":16,"turns":18}],"seed_played":"3261631598904736341","potions_obtained":[{"floor":1,"key":"Block Potion"},{"floor":7,"key":"Explosive Potion"}],"is_trial":false,"path_per_floor":["M","M","?","$","M","R","M","E","T","E","R","?","$","?","R","B"],"character_chosen":"THE_SILENT","items_purchased":[],"campfire_rested":1,"item_purchase_floors":[],"current_hp_per_floor":[59,59,59,59,59,59,59,50,50,39,39,39,39,32,51,0],"gold":22,"neow_bonus":"THREE_RARE_CARDS","is_prod":false,"is_daily":false,"chose_seed":false,"campfire_upgraded":2,"win_rate":0,"timestamp":1551924290,"path_taken":["M","M","?","$","M","R","M","E","T","E","R","?","?","?","R","BOSS"],"build_version":"2019-01-23","purchased_purges":2,"victory":false,"max_hp_per_floor":[66,66,66,66,66,66,66,66,66,66,66,66,66,66,66,66],"card_choices":[{"not_picked":["Unload","Storm of Steel"],"picked":"Die Die Die","floor":0},{"not_picked":["Dodge and Roll","Deflect"],"picked":"Skewer","floor":1},{"not_picked":["Prepared","Quick Slash"],"picked":"Dagger Spray","floor":2},{"not_picked":["Deflect","Infinite Blades"],"picked":"Dodge and Roll","floor":5},{"not_picked":["Infinite Blades","Blade Dance"],"picked":"Quick Slash","floor":7},{"not_picked":["Wraith Form v2","Quick Slash"],"picked":"Deflect","floor":8},{"not_picked":["Slice","Underhanded Strike"],"picked":"Backflip","floor":10}],"player_experience":2345864,"relics_obtained":[{"floor":8,"key":"Meat on the Bone"},{"floor":9,"key":"Kunai"},{"floor":10,"key":"The Specimen"}],"event_choices":[{"damage_healed":0,"gold_gain":0,"player_choice":"Ignored","damage_taken":0,"max_hp_gain":0,"max_hp_loss":0,"event_name":"Liars Game","floor":3,"gold_loss":0},{"damage_healed":0,"gold_gain":0,"player_choice":"Ignored","damage_taken":0,"max_hp_gain":0,"max_hp_loss":0,"event_name":"Shining Light","floor":12,"gold_loss":0},{"cards_removed":["Strike_G"],"damage_healed":0,"gold_gain":0,"player_choice":"Card Removal","damage_taken":7,"max_hp_gain":0,"max_hp_loss":0,"event_name":"Golden Wing","floor":14,"gold_loss":0}],"is_beta":false,"boss_relics":[],"items_purged_floors":[4,13],"is_endless":false,"potions_floor_spawned":[1,7],"killed_by":"The Guardian","ascension_level":16}