{"gold_per_floor":[109,109,129,142,95,126,138,177,213,240,252,264,295,307,319,427,439,466,493,517,529,464,476,500,512,524,461,471,489,48,147,147,252,252,268,63,74,74,4,16,16,16,42,62,72,72,0,12,12,12],"floor_reached":51,"playtime":4393,"items_purged":["Defend_R","Strike_R"],"score":842,"play_id":"5205dfb9-a845-4034-a6c6-0a40ed6c85a8","local_time":"20180821201029","is_ascension_mode":true,"campfire_choices":[{"data":"Feed","floor":7.0,"key":"SMITH"},{"floor":12.0,"key":"REST"},{"data":"Power Through","floor":15.0,"key":"SMITH"},{"data":"Heavy Blade","floor":23.0,"key":"SMITH"},{"floor":25.0,"key":"REST"},{"floor":32.0,"key":"REST"},{"floor":46,"key":"REST"},{"floor":49,"key":"REST"}],"neow_cost":"NONE","seed_source_timestamp":0,"circlet_count":0,"master_deck":["Strike_R","Strike_R","Strike_R","Defend_R","Defend_R","Defend_R","Bash","Flex","Power Through+1","Thunderclap","Heavy Blade+1","Feed+1","Inflame","Evolve","Armaments","Offering","Carnage+1","Power Through+1","J.A.X.","Cleave+1","Shrug It Off+1","Immolate","Inflame","Juggernaut","Fire Breathing+1","Combust","Sword Boomerang+1","Madness","Madness","Heavy Blade+1","Rage"],"special_seed":0,"relics":["Burning Blood","MawBank","Vajra","Lantern","Busted Crown","Letter Opener","OrangePellets","Snecko Eye","Medical Kit","Juzu Bracelet","Orichalcum"],"potions_floor_usage":[33,33,45,50],"damage_taken":[{"damage":2.0,"enemies":"Jaw Worm","floor":1.0,"turns":3.0},{"damage":7.0,"enemies":"2 Louse","floor":3.0,"turns":3.0},{"damage":7.0,"enemies":"Small Slimes","floor":4.0,"turns":4.0},{"damage":13.0,"enemies":"Gremlin Nob","floor":6.0,"turns":4.0},{"damage":37.0,"enemies":"Lagavulin","floor":8.0,"turns":8.0},{"damage":16.0,"enemies":"Exordium Thugs","floor":10.0,"turns":6.0},{"damage":0.0,"enemies":"Gremlin Gang","floor":13.0,"turns":2.0},{"damage":60.0,"enemies":"Hexaghost","floor":16.0,"turns":9.0},{"damage":6.0,"enemies":"Chosen","floor":18.0,"turns":3.0},{"damage":23.0,"enemies":"2 Thieves","floor":19.0,"turns":3.0},{"damage":42.0,"enemies":"Snecko","floor":20.0,"turns":5.0},{"damage":19.0,"enemies":"Snake Plant","floor":24.0,"turns":2.0},{"damage":36.0,"enemies":"Shelled Parasite and Fungi","floor":28.0,"turns":4.0},{"damage":22.0,"enemies":"Chosen and Byrds","floor":29.0,"turns":5.0},{"damage":58,"enemies":"Collector","floor":33,"turns":8},{"damage":0,"enemies":"3 Shapes","floor":35,"turns":2},{"damage":0,"enemies":"Orb Walker","floor":37,"turns":2},{"damage":25,"enemies":"Sphere and 2 Shapes","floor":40,"turns":4},{"damage":32,"enemies":"4 Shapes","floor":44,"turns":3},{"damage":15,"enemies":"Maw","floor":45,"turns":5},{"damage":11,"enemies":"Sphere and 2 Shapes","floor":48,"turns":4},{"damage":65,"enemies":"Donu and Deca","floor":50,"turns":8}],"seed_played":"-9205522402796433055","potions_obtained":[{"floor":4.0,"key":"Energy Potion"},{"floor":6.0,"key":"LiquidBronze"},{"floor":8.0,"key":"Swift Potion"},{"floor":10.0,"key":"Explosive Potion"},{"floor":20.0,"key":"Swift Potion"},{"floor":24.0,"key":"Explosive Potion"},{"floor":28.0,"key":"Regen Potion"},{"floor":29.0,"key":"Fire Potion"},{"floor":37,"key":"Dexterity Potion"},{"floor":45,"key":"SkillPotion"}],"is_trial":false,"path_per_floor":["M","?","M","M","$","E","R","E","T","M","?","R","M","$","R","B",null,"M","M","M","?","?","R","M","R","T","$","M","M","$","?","R","B",null,"M","$","M","?","$","M","?","?","T","M","M","R","$","M","R","B"],"character_chosen":"IRONCLAD","items_purchased":["Heavy Blade","Immolate","Inflame","OrangePellets","Medical Kit","Combust","Rage"],"campfire_rested":5,"item_purchase_floors":[5,30,30,30,36,39,47],"current_hp_per_floor":[84,84,83,82,82,75,75,44,44,38,38,65,71,71,71,21,77,81,64,32,66,66,66,53,84,84,84,54,42,42,42,74,37,90,96,96,102,102,102,87,73,73,73,51,42,76,76,71,105,46],"gold":12,"neow_bonus":"TEN_PERCENT_HP_BONUS","is_prod":false,"is_daily":false,"chose_seed":false,"campfire_upgraded":3,"win_rate":0,"timestamp":1534875029,"path_taken":["M","?","?","M","?","E","R","E","T","M","?","R","M","$","R","BOSS","M","M","?","?","?","R","M","R","T","$","?","M","$","?","R","BOSS","M","$","M","?","$","M","?","?","T","M","M","R","$","M","R","BOSS"],"build_version":"2018-08-16","purchased_purges":2,"victory":true,"max_hp_per_floor":[88,88,88,88,88,88,88,88,88,92,92,92,92,92,92,96,96,100,100,104,104,104,104,104,104,104,104,104,108,108,108,108,108,108,108,108,108,108,108,112,112,112,112,116,116,116,116,116,116,116],"card_choices":[{"not_picked":["Warcry","Evolve"],"picked":"Flex","floor":1.0},{"not_picked":["Shockwave","Havoc"],"picked":"Power Through","floor":3.0},{"not_picked":["Fire Breathing","Bloodletting"],"picked":"Thunderclap","floor":4.0},{"not_picked":["Intimidate","Entrench"],"picked":"Feed","floor":6.0},{"not_picked":["Shockwave","Entrench"],"picked":"Inflame","floor":8.0},{"not_picked":["Body Slam","Warcry"],"picked":"Evolve","floor":10.0},{"not_picked":["Sentinel","Sever Soul"],"picked":"Armaments","floor":13.0},{"not_picked":["Berserk","Dark Embrace"],"picked":"Offering","floor":16.0},{"not_picked":[],"picked":"Carnage+1","floor":18.0},{"not_picked":["Clash+1"],"picked":"SKIP","floor":19.0},{"not_picked":[],"picked":"Power Through+1","floor":20.0},{"not_picked":[],"picked":"Cleave+1","floor":24.0},{"not_picked":[],"picked":"Shrug It Off+1","floor":28.0},{"not_picked":["Havoc"],"picked":"SKIP","floor":29.0},{"not_picked":[],"picked":"Juggernaut","floor":33},{"not_picked":["Sword Boomerang"],"picked":"SKIP","floor":35},{"not_picked":[],"picked":"Fire Breathing+1","floor":37},{"not_picked":[],"picked":"Sword Boomerang+1","floor":40},{"not_picked":["Havoc"],"picked":"SKIP","floor":44},{"not_picked":["Twin Strike"],"picked":"SKIP","floor":45},{"not_picked":["Havoc"],"picked":"SKIP","floor":48}],"player_experience":1556362,"relics_obtained":[{"floor":6.0,"key":"MawBank"},{"floor":8.0,"key":"Vajra"},{"floor":9.0,"key":"Lantern"},{"floor":26.0,"key":"Letter Opener"},{"floor":43,"key":"Orichalcum"}],"event_choices":[{"event_name":"Liars Game","player_choice":"disagreed","floor":2.0,"damage_taken":0.0},{"event_name":"Purifier","player_choice":"One Purge","floor":11.0,"damage_taken":0.0},{"event_name":"The Library","player_choice":"Heal","floor":21.0,"damage_taken":0.0},{"event_name":"Drug Dealer","player_choice":"Got JAXXED","floor":22.0,"damage_taken":0.0},{"event_name":"Nest","player_choice":"Stole From Cult","floor":31.0,"damage_taken":0.0},{"event_name":"WeMeetAgain","player_choice":"Potion","floor":38,"damage_taken":0},{"event_name":"Winding Halls","player_choice":"Embrace Madness","floor":41,"damage_taken":0},{"event_name":"Duplicator","player_choice":"One dupe","floor":42,"damage_taken":0}],"is_beta":false,"boss_relics":[{"not_picked":["Astrolabe","Black Star"],"picked":"Busted Crown"},{"not_picked":["Runic Dome","Calling Bell"],"picked":"Snecko Eye"}],"items_purged_floors":[27,30],"is_endless":false,"potions_floor_spawned":[4,6,8,10,20,24,28,29,37,45],"ascension_level":6}