{"gold_per_floor":[110,110,14,24,24,39,39,39,39,50,69,69,88,106,106,205,205,225,31,31,51,51,71,71,0,24,24,24,56,67,78,78,78],"floor_reached":33,"playtime":2982,"items_purged":[],"score":259,"play_id":"5ff25994-2cfb-4f09-a715-cce356404fe8","local_time":"20190627113025","is_ascension_mode":false,"campfire_choices":[{"data":"Dualcast","floor":8,"key":"SMITH"},{"data":"Zap","floor":12,"key":"SMITH"},{"data":"Strike_B","floor":15,"key":"SMITH"},{"data":"Chill","floor":24,"key":"SMITH"},{"data":"Echo Form","floor":27,"key":"SMITH"},{"floor":32,"key":"REST"}],"neow_cost":"NONE","seed_source_timestamp":599642501186490,"circlet_count":0,"master_deck":["Strike_B+1","Strike_B+1","Strike_B+1","Strike_B+1","Defend_B+1","Defend_B+1","Defend_B+1","Defend_B+1","Zap+1","Dualcast+1","Leap+1","Dramatic Entrance+1","Lockon","Leap","Turbo","Steam","Coolheaded","Undo","Echo Form+1","Genetic Algorithm+1","Coolheaded","Sweeping Beam","Streamline","Loop","Glacier+1","Sunder","Chill+1","Beam Cell","Cold Snap","Darkness","Stack","Lockon"],"relics":["FrozenCore","Ornamental Fan","Regal Pillow","Anchor","Bottled Tornado"],"potions_floor_usage":[23,30,30,33],"damage_taken":[{"damage":1,"enemies":"2 Louse","floor":1,"turns":2},{"damage":0,"enemies":"Cultist","floor":4,"turns":2},{"damage":0,"enemies":"Small Slimes","floor":6,"turns":2},{"damage":0,"enemies":"Blue Slaver","floor":10,"turns":2},{"damage":0,"enemies":"3 Louse","floor":11,"turns":2},{"damage":0,"enemies":"2 Fungi Beasts","floor":13,"turns":3},{"damage":0,"enemies":"Blue Slaver","floor":14,"turns":3},{"damage":20,"enemies":"The Guardian","floor":16,"turns":18},{"damage":3,"enemies":"Shell Parasite","floor":18,"turns":14},{"damage":2,"enemies":"3 Byrds","floor":21,"turns":7},{"damage":13,"enemies":"Shelled Parasite and Fungi","floor":23,"turns":11},{"damage":59,"enemies":"Book of Stabbing","floor":29,"turns":8},{"damage":0,"enemies":"Centurion and Healer","floor":30,"turns":8},{"damage":0,"enemies":"Cultist and Chosen","floor":31,"turns":6},{"damage":67,"enemies":"Collector","floor":33,"turns":9}],"seed_played":"-4408323350113290916","potions_obtained":[{"floor":4,"key":"SkillPotion"},{"floor":11,"key":"Ancient Potion"},{"floor":13,"key":"Regen Potion"},{"floor":21,"key":"PowerPotion"},{"floor":31,"key":"Fire Potion"}],"is_trial":false,"path_per_floor":["M","?","$","M","?","M","?","R","T","M","M","R","M","M","R","B",null,"M","$","?","M","?","M","R","$","T","R","T","E","M","M","R","B"],"character_chosen":"DEFECT","items_purchased":["Dramatic Entrance","Coolheaded","Sweeping Beam","Streamline","Loop","Beam Cell","Cold Snap"],"campfire_rested":1,"item_purchase_floors":[3,19,19,19,19,25,25],"current_hp_per_floor":[81,81,81,81,81,81,81,81,81,81,81,81,81,81,81,61,82,79,79,79,77,77,64,64,64,64,64,64,5,20,20,59,0],"gold":78,"neow_bonus":"TEN_PERCENT_HP_BONUS","is_prod":false,"is_daily":false,"chose_seed":false,"campfire_upgraded":5,"win_rate":0.0,"timestamp":1561645825,"path_taken":["M","?","?","M","?","M","?","R","T","?","M","R","M","M","R","BOSS","M","$","?","M","?","M","R","$","T","R","?","E","M","M","R","BOSS"],"build_version":"2019-01-23","purchased_purges":0,"victory":false,"max_hp_per_floor":[82,82,82,82,82,82,82,82,82,82,82,82,82,82,82,82,82,82,82,82,82,82,82,82,82,82,82,82,82,82,82,82,82],"card_choices":[{"not_picked":["Hologram","Stack"],"picked":"Leap","floor":1},{"not_picked":["Rebound","Cold Snap"],"picked":"Lockon","floor":4},{"not_picked":["Compile Driver","Stack"],"picked":"Leap","floor":6},{"not_picked":["Ball Lightning","Amplify"],"picked":"Turbo","floor":10},{"not_picked":["Hologram","Ball Lightning"],"picked":"Steam","floor":11},{"not_picked":["Auto Shields","BootSequence"],"picked":"Coolheaded","floor":13},{"not_picked":["Steam","Skim"],"picked":"Undo","floor":14},{"not_picked":["Buffer","Amplify"],"picked":"Echo Form","floor":16},{"not_picked":["Compile Driver","Stack+1"],"picked":"Genetic Algorithm+1","floor":18},{"not_picked":["Go for the Eyes","Ball Lightning+1"],"picked":"Glacier+1","floor":21},{"not_picked":["Streamline+1","Steam"],"picked":"Chill","floor":23},{"not_picked":["Stack","Gash"],"picked":"Darkness","floor":29},{"not_picked":["Reinforced Body","Go for the Eyes"],"picked":"Stack","floor":30},{"not_picked":["Heatsinks","Blizzard+1"],"picked":"Lockon","floor":31}],"player_experience":18437,"relics_obtained":[{"floor":9,"key":"Ornamental Fan"},{"floor":26,"key":"Regal Pillow"},{"floor":28,"key":"Anchor"},{"floor":29,"key":"Bottled Tornado"}],"event_choices":[{"damage_healed":0,"gold_gain":0,"player_choice":"Forge","damage_taken":0,"max_hp_gain":0,"max_hp_loss":0,"event_name":"Accursed Blacksmith","floor":2,"gold_loss":0,"cards_upgraded":["Leap"]},{"damage_healed":0,"gold_gain":0,"player_choice":"Ignored","damage_taken":0,"max_hp_gain":0,"max_hp_loss":0,"event_name":"Golden Wing","floor":5,"gold_loss":0},{"damage_healed":0,"gold_gain":0,"player_choice":"Grow","damage_taken":0,"max_hp_gain":0,"max_hp_loss":0,"event_name":"Living Wall","floor":7,"gold_loss":0,"cards_upgraded":["Dramatic Entrance"]},{"damage_healed":0,"gold_gain":0,"player_choice":"Simplicity","damage_taken":0,"max_hp_gain":0,"max_hp_loss":0,"event_name":"Back to Basics","floor":20,"gold_loss":0,"cards_upgraded":["Strike_B","Strike_B","Strike_B","Defend_B","Defend_B","Defend_B","Defend_B"]},{"damage_healed":0,"gold_gain":0,"player_choice":"Read","damage_taken":0,"max_hp_gain":0,"max_hp_loss":0,"event_name":"The Library","floor":22,"gold_loss":0,"cards_obtained":["Sunder"]}],"is_beta":false,"boss_relics":[{"not_picked":["Inserter","Orrery"],"picked":"FrozenCore"}],"items_purged_floors":[],"is_endless":false,"potions_floor_spawned":[4,11,13,16,21,31],"killed_by":"Collector","ascension_level":0}