{"gold_per_floor":[366,72,86,17,63,63,93,93,173,199,199,234,234,244,244,347,347,372,384,396,408,433,445,487,515,527,565,577,607,636,680,692,809,821,852,877,889,475,575,592,618,618,618,636,636,350,350,366,366,366,366,366,85,120,120],"floor_reached":56,"playtime":7007,"items_purged":["Strike_P+1","Normality","Parasite"],"score":1942,"play_id":"6f48b86a-64d5-4bbe-9579-7fe3776b6c54","local_time":"20190915174443","is_ascension_mode":true,"campfire_choices":[{"data":"MasterReality","floor":6,"key":"SMITH"},{"data":"CrushJoints","floor":8,"key":"SMITH"},{"data":"Eruption","floor":11,"key":"SMITH"},{"floor":15,"key":"REST"},{"floor":23,"key":"REST"},{"floor":28,"key":"REST"},{"data":"SignatureMove","floor":32,"key":"SMITH"},{"data":"Devotion","floor":45,"key":"SMITH"},{"floor":47,"key":"RECALL"},{"floor":49,"key":"REST"},{"data":"Wireheading","floor":52,"key":"SMITH"}],"neow_cost":"TEN_PERCENT_HP_LOSS","seed_source_timestamp":11385974977344,"circlet_count":0,"master_deck":["AscendersBane","Strike_P+1","Strike_P+1","Defend_P+1","Defend_P+1","Defend_P+1","Defend_P+1","Eruption+1","Vigilance","CrushJoints+1","DeceiveReality+1","Crescendo+1","MasterReality+1","EmptyBody+1","EmptyBody+1","FearNoEvil","ForeignInfluence+1","Judgement+1","CurseOfTheBell","WaveOfTheHand+1","ClearTheMind+1","MentalFortress+1","Crescendo+1","EmptyMind+1","EmptyBody+1","SignatureMove+1","FlowState+1","EmptyMind+1","PathToVictory+1","Wireheading+1","Devotion+1","Establishment","Worship+1","Adaptation+1","EmptyMind+1","SandsOfTime","Protect+1","Adaptation","Blind+1","ClearTheMind+1"],"relics":["PureWater","Toxic Egg 2","InkBottle","Letter Opener","StoneCalendar","Toy Ornithopter","Art of War","Calling Bell","Thread and Needle","Dodecahedron","MawBank","Unceasing Top","Yang","The Courier","Centennial Puzzle","Cursed Key","Bag of Preparation","Gambling Chip","Mummified Hand","Gremlin Horn","Bag of Marbles","White Beast Statue"],"potions_floor_usage":[12,27,30,33,39,50,55,55],"damage_taken":[{"damage":0,"enemies":"Cultist","floor":1,"turns":4},{"damage":8,"enemies":"Small Slimes","floor":3,"turns":2},{"damage":2,"enemies":"3 Sentries","floor":7,"turns":5},{"damage":17,"enemies":"Lagavulin","floor":10,"turns":6},{"damage":17,"enemies":"3 Sentries","floor":12,"turns":5},{"damage":0,"enemies":"2 Louse","floor":14,"turns":2},{"damage":9,"enemies":"Slime Boss","floor":16,"turns":7},{"damage":0,"enemies":"Shell Parasite","floor":18,"turns":3},{"damage":0,"enemies":"Chosen","floor":22,"turns":3},{"damage":11,"enemies":"Gremlin Leader","floor":24,"turns":4},{"damage":3,"enemies":"Centurion and Healer","floor":25,"turns":4},{"damage":16,"enemies":"Slavers","floor":27,"turns":5},{"damage":8,"enemies":"Cultist and Chosen","floor":29,"turns":4},{"damage":0,"enemies":"Snake Plant","floor":30,"turns":6},{"damage":0,"enemies":"Gremlin Leader","floor":31,"turns":5},{"damage":52,"enemies":"Champ","floor":33,"turns":12},{"damage":14,"enemies":"3 Darklings","floor":35,"turns":4},{"damage":12,"enemies":"Orb Walker","floor":36,"turns":2},{"damage":0,"enemies":"Mind Bloom Boss Battle","floor":39,"turns":7},{"damage":0,"enemies":"3 Darklings","floor":40,"turns":6},{"damage":0,"enemies":"Reptomancer","floor":41,"turns":3},{"damage":0,"enemies":"Writhing Mass","floor":44,"turns":5},{"damage":0,"enemies":"Maw","floor":48,"turns":5},{"damage":6,"enemies":"Donu and Deca","floor":50,"turns":7},{"damage":0,"enemies":"Shield and Spear","floor":54,"turns":4},{"damage":9,"enemies":"The Heart","floor":55,"turns":7}],"seed_played":"-1737238353531499440","potions_obtained":[{"floor":10,"key":"Regen Potion"},{"floor":14,"key":"Dexterity Potion"},{"floor":24,"key":"Weak Potion"},{"floor":27,"key":"EssenceOfSteel"},{"floor":29,"key":"Regen Potion"},{"floor":30,"key":"Strength Potion"},{"floor":31,"key":"AttackPotion"},{"floor":35,"key":"Dexterity Potion"},{"floor":40,"key":"StancePotion"}],"is_trial":false,"path_per_floor":["M","$","M","$","T","R","E","R","T","E","R","E","?","M","R","B",null,"M","?","?","$","M","R","E","M","T","E","R","M","M","E","R","B",null,"M","M","?","$","?","M","E","?","T","M","R","$","R","M","R","B",null,"R","$","E","B",null],"character_chosen":"WATCHER","items_purchased":["Toxic Egg 2","DeceiveReality+1","MasterReality","Bag of Preparation","Wireheading","Devotion","Establishment","Worship+1","SandsOfTime","Bag of Marbles","Protect+1","PowerPotion","Adaptation","Blind+1"],"campfire_rested":4,"item_purchase_floors":[2,2,4,38,38,38,38,38,46,46,46,53,53,53],"current_hp_per_floor":[59,59,51,51,51,51,49,49,49,32,32,29,4,4,21,12,47,47,47,47,47,47,59,48,45,45,34,51,43,59,59,59,7,46,32,20,20,20,25,25,25,25,25,25,25,25,25,25,42,41,55,55,55,55,50],"gold":120,"neow_bonus":"TWO_FIFTY_GOLD","is_prod":false,"is_daily":false,"chose_seed":false,"campfire_upgraded":6,"win_rate":0,"timestamp":1568526283,"path_taken":["M","$","M","$","?","R","E","R","T","E","R","E","?","M","R","BOSS","M","?","?","$","?","R","E","M","T","E","R","?","M","E","R","BOSS","M","M","?","$","?","M","E","?","T","M","R","$","R","M","R","BOSS","R","$","E","BOSS"],"build_version":"2019-09-12","purchased_purges":3,"victory":true,"max_hp_per_floor":[59,59,59,59,59,59,59,59,59,59,59,59,59,59,59,59,59,59,59,59,59,59,59,59,59,59,59,59,59,59,59,59,59,59,59,59,59,59,59,59,59,59,59,59,59,59,59,59,59,59,59,59,56,56,56],"card_choices":[{"not_picked":["Consecrate","Halt"],"picked":"CrushJoints","floor":1},{"not_picked":["FollowUp","EmptyFist"],"picked":"Crescendo+1","floor":3},{"not_picked":["FlyingSleeves","JustLucky"],"picked":"EmptyBody+1","floor":7},{"not_picked":["Halt+1","WaveOfTheHand+1"],"picked":"EmptyBody+1","floor":10},{"not_picked":["WaveOfTheHand+1","Fasting"],"picked":"FearNoEvil","floor":12},{"not_picked":["JustLucky","FollowUp"],"picked":"ForeignInfluence+1","floor":14},{"not_picked":["Wallop","DevaForm"],"picked":"Judgement+1","floor":16},{"not_picked":["Weave","Halt+1","Prostrate+1"],"picked":"SKIP","floor":18},{"not_picked":["Brilliance+1","ThirdEye+1","Halt+1"],"picked":"SKIP","floor":22},{"not_picked":["WaveOfTheHand+1","Evaluate+1"],"picked":"ClearTheMind+1","floor":24},{"not_picked":["CleanseEvil+1","FlyingSleeves"],"picked":"MentalFortress+1","floor":25},{"not_picked":["Protect+1","Wallop"],"picked":"Crescendo+1","floor":27},{"not_picked":["FlyingSleeves","Collect+1"],"picked":"EmptyMind+1","floor":29},{"not_picked":["CrushJoints","InnerPeace+1"],"picked":"EmptyBody+1","floor":30},{"not_picked":["Fasting","Omniscience+1"],"picked":"SignatureMove","floor":31},{"not_picked":["Brilliance+1","Alpha+1"],"picked":"FlowState+1","floor":33},{"not_picked":["JustLucky","WindmillStrike+1"],"picked":"EmptyMind+1","floor":35},{"not_picked":["Scrawl+1","DeceiveReality+1"],"picked":"PathToVictory+1","floor":36},{"not_picked":["Weave","CrushJoints+1"],"picked":"Adaptation","floor":39},{"not_picked":["Weave+1","Establishment"],"picked":"EmptyMind+1","floor":40},{"not_picked":["Protect+1","ThirdEye+1","CarveReality"],"picked":"SKIP","floor":41},{"not_picked":["Blasphemy+1","Halt+1","CutThroughFate"],"picked":"SKIP","floor":44},{"not_picked":["Sanctity+1","FollowUp+1","Prostrate+1"],"picked":"SKIP","floor":48},{"not_picked":["FlyingSleeves+1","CrushJoints+1"],"picked":"ClearTheMind+1","floor":54}],"player_experience":1083152,"relics_obtained":[{"floor":7,"key":"InkBottle"},{"floor":9,"key":"Letter Opener"},{"floor":10,"key":"StoneCalendar"},{"floor":12,"key":"Toy Ornithopter"},{"floor":17,"key":"Thread and Needle"},{"floor":17,"key":"Dodecahedron"},{"floor":17,"key":"MawBank"},{"floor":24,"key":"Unceasing Top"},{"floor":26,"key":"Yang"},{"floor":27,"key":"The Courier"},{"floor":31,"key":"Centennial Puzzle"},{"floor":39,"key":"Gambling Chip"},{"floor":41,"key":"Mummified Hand"},{"floor":43,"key":"Gremlin Horn"},{"floor":54,"key":"White Beast Statue"}],"event_choices":[{"damage_healed":0,"gold_gain":0,"player_choice":"Success","damage_taken":25,"relics_obtained":["Art of War"],"max_hp_gain":0,"max_hp_loss":0,"event_name":"Scrap Ooze","floor":13,"gold_loss":0},{"damage_healed":0,"gold_gain":0,"player_choice":"Simplicity","damage_taken":0,"max_hp_gain":0,"max_hp_loss":0,"event_name":"Back to Basics","floor":19,"gold_loss":0,"cards_upgraded":["Strike_P","Strike_P","Strike_P","Strike_P","Defend_P","Defend_P","Defend_P","Defend_P"]},{"damage_healed":0,"gold_gain":0,"cards_transformed":["Strike_P"],"player_choice":"Transformed","damage_taken":0,"max_hp_gain":0,"max_hp_loss":0,"event_name":"Transmorgrifier","floor":20,"gold_loss":0,"cards_obtained":["WaveOfTheHand"]},{"damage_healed":0,"gold_gain":0,"player_choice":"Ignored","damage_taken":0,"max_hp_gain":0,"max_hp_loss":0,"event_name":"Tomb of Lord Red Mask","floor":37,"gold_loss":0},{"damage_healed":0,"gold_gain":0,"player_choice":"Fight","damage_taken":0,"max_hp_gain":0,"max_hp_loss":0,"event_name":"MindBloom","floor":39,"gold_loss":0},{"damage_healed":0,"gold_gain":0,"player_choice":"Forge","damage_taken":0,"max_hp_gain":0,"max_hp_loss":0,"event_name":"Accursed Blacksmith","floor":42,"gold_loss":0,"cards_upgraded":["Adaptation"]}],"is_beta":true,"boss_relics":[{"not_picked":["Busted Crown","Snecko Eye"],"picked":"Calling Bell"},{"not_picked":["Philosopher\u0027s Stone","Empty Cage"],"picked":"Cursed Key"}],"items_purged_floors":[38,46,53],"is_endless":false,"potions_floor_spawned":[10,14,24,27,29,30,31,35,40,48,54],"ascension_level":12}