{"gold_per_floor":[217,234,309,321,149,149,149,149,149,162,222,147,175,194,194,194],"floor_reached":16,"playtime":435,"items_purged":["Defend_R"],"score":200,"play_id":"985d9423-c7a8-4ab5-b7f4-aa0470311023","local_time":"20191027095254","is_ascension_mode":true,"campfire_choices":[{"data":"Cleave","floor":6,"key":"SMITH"},{"data":"Uppercut","floor":8,"key":"SMITH"},{"floor":15,"key":"REST"}],"neow_cost":"NONE","seed_source_timestamp":1468979706100,"circlet_count":0,"master_deck":["AscendersBane","Strike_R","Strike_R","Strike_R","Strike_R","Strike_R","Defend_R","Bash","Uppercut+1","Battle Trance","Clash","Shockwave","Cleave+1"],"relics":["Burning Blood","Self Forming Clay","Bag of Marbles","Magic Flower"],"potions_floor_usage":[11],"damage_taken":[{"damage":11,"enemies":"Jaw Worm","floor":1,"turns":4},{"damage":6,"enemies":"2 Louse","floor":2,"turns":3},{"damage":1,"enemies":"Small Slimes","floor":4,"turns":4},{"damage":7,"enemies":"Gremlin Gang","floor":10,"turns":2},{"damage":3,"enemies":"3 Sentries","floor":11,"turns":5},{"damage":28,"enemies":"3 Sentries","floor":13,"turns":7},{"damage":11,"enemies":"3 Louse","floor":14,"turns":3},{"damage":50,"enemies":"Hexaghost","floor":16,"turns":9}],"seed_played":"-6482401038992420282","potions_obtained":[{"floor":1,"key":"EssenceOfSteel"},{"floor":2,"key":"Ancient Potion"},{"floor":11,"key":"SpeedPotion"}],"is_trial":false,"path_per_floor":["M","M","?","M","$","R","?","R","T","M","?","?","E","M","R","B"],"character_chosen":"IRONCLAD","items_purchased":["Shockwave","Cleave"],"campfire_rested":1,"item_purchase_floors":[5,5],"current_hp_per_floor":[63,63,52,57,57,57,50,50,50,49,52,52,30,28,50,0],"gold":194,"neow_bonus":"HUNDRED_GOLD","is_prod":false,"is_daily":false,"chose_seed":false,"campfire_upgraded":2,"win_rate":0,"timestamp":1572166374,"path_taken":["M","M","?","M","$","R","?","R","T","M","?","?","E","M","R","BOSS"],"build_version":"2019-10-25-V3","purchased_purges":1,"victory":false,"max_hp_per_floor":[75,75,75,75,75,75,75,75,75,75,75,75,75,75,75,75],"card_choices":[{"not_picked":["Dark Embrace","Thunderclap"],"picked":"Uppercut","floor":1},{"not_picked":["Perfected Strike","Power Through"],"picked":"Battle Trance","floor":2},{"not_picked":["Sword Boomerang","Reckless Charge"],"picked":"Clash","floor":4},{"not_picked":["Perfected Strike","Iron Wave","Havoc"],"picked":"SKIP","floor":10},{"not_picked":["Battle Trance","Berserk","Havoc"],"picked":"SKIP","floor":13},{"not_picked":["Body Slam","Wild Strike","Uppercut"],"picked":"SKIP","floor":14}],"player_experience":899179,"relics_obtained":[{"floor":9,"key":"Self Forming Clay"},{"floor":13,"key":"Magic Flower"}],"event_choices":[{"damage_healed":0,"gold_gain":75,"player_choice":"Gather Gold","damage_taken":11,"max_hp_gain":0,"max_hp_loss":0,"event_name":"World of Goop","floor":3,"gold_loss":0},{"cards_removed":["Defend_R"],"damage_healed":0,"gold_gain":0,"player_choice":"Card Removal","damage_taken":7,"max_hp_gain":0,"max_hp_loss":0,"event_name":"Golden Wing","floor":7,"gold_loss":0},{"damage_healed":0,"gold_gain":0,"player_choice":"Searched \u00273\u0027 times","damage_taken":0,"relics_obtained":["Bag of Marbles"],"max_hp_gain":0,"max_hp_loss":0,"event_name":"Dead Adventurer","floor":11,"gold_loss":0},{"cards_removed":["Defend_R"],"damage_healed":0,"gold_gain":0,"player_choice":"Card Removal","damage_taken":0,"max_hp_gain":0,"max_hp_loss":0,"event_name":"The Cleric","floor":12,"gold_loss":75}],"is_beta":true,"boss_relics":[],"items_purged_floors":[5],"is_endless":false,"potions_floor_spawned":[1,2,11],"killed_by":"Hexaghost","ascension_level":20}