{"gold_per_floor":[134,19,19,19,74,74,109,144,169,169,184,184,219,219],"floor_reached":14,"playtime":654,"items_purged":[],"score":82,"play_id":"d841e063-4cd4-4475-bd61-f5d18af6cf14","local_time":"20191029211355","daily_mods":["Allstar","Uncertain Future","DeadlyEvents"],"is_ascension_mode":false,"campfire_choices":[{"data":"Neutralize","floor":6,"key":"SMITH"},{"data":"Footwork","floor":12,"key":"SMITH"}],"neow_cost":"","seed_source_timestamp":0,"circlet_count":0,"master_deck":["Strike_G","Strike_G","Strike_G","Strike_G","Defend_G","Defend_G","Defend_G","Defend_G+1","Defend_G","Survivor","Neutralize+1","Forethought+1","Swift Strike","Violence","Purity","HandOfGreed","Deadly Poison","Well Laid Plans","Dagger Spray","Poisoned Stab","Bane","Footwork+1","Backflip"],"special_seed":18198,"relics":["Ring of the Snake","Vajra","Bottled Flame"],"potions_floor_usage":[],"damage_taken":[{"damage":0,"enemies":"Cultist","floor":1,"turns":3},{"damage":3,"enemies":"Small Slimes","floor":5,"turns":5},{"damage":8,"enemies":"Jaw Worm","floor":7,"turns":6},{"damage":6,"enemies":"3 Louse","floor":8,"turns":4},{"damage":20,"enemies":"Red Slaver","floor":11,"turns":6},{"damage":7,"enemies":"Blue Slaver","floor":13,"turns":5},{"damage":17,"enemies":"Gremlin Nob","floor":14,"turns":3}],"seed_played":"5675288491954913904","potions_obtained":[{"floor":5,"key":"Ancient Potion"},{"floor":11,"key":"Ancient Potion"}],"is_trial":false,"path_per_floor":["M","$","?","?","M","R","M","M","T","T","M","R","M","E"],"character_chosen":"THE_SILENT","items_purchased":["Well Laid Plans","Dagger Spray"],"campfire_rested":0,"item_purchase_floors":[2,2],"current_hp_per_floor":[70,70,70,56,53,53,45,39,39,39,19,19,12,0],"gold":219,"neow_bonus":"","is_prod":false,"is_daily":true,"chose_seed":false,"campfire_upgraded":2,"win_rate":0,"timestamp":1572354835,"path_taken":["M","$","?","?","M","R","M","M","T","?","M","R","M","E"],"build_version":"2019-07-17","purchased_purges":0,"victory":false,"max_hp_per_floor":[70,70,70,70,70,70,70,70,70,70,70,70,70,70],"card_choices":[{"not_picked":["Choke","Dodge and Roll"],"picked":"Deadly Poison","floor":1},{"not_picked":["Leg Sweep","Outmaneuver"],"picked":"Poisoned Stab","floor":5},{"not_picked":["Acrobatics","Escape Plan"],"picked":"Bane","floor":7},{"not_picked":["Outmaneuver","Deadly Poison","Underhanded Strike"],"picked":"SKIP","floor":8},{"not_picked":["Reflex","Skewer"],"picked":"Footwork","floor":11},{"not_picked":["Tactician","Expertise"],"picked":"Backflip","floor":13}],"player_experience":242066,"relics_obtained":[{"floor":9,"key":"Vajra"},{"floor":10,"key":"Bottled Flame"}],"event_choices":[{"cards_removed":["Strike_G"],"damage_healed":0,"gold_gain":0,"player_choice":"Forget","damage_taken":0,"max_hp_gain":0,"max_hp_loss":0,"event_name":"Living Wall","floor":3,"gold_loss":0},{"damage_healed":0,"gold_gain":0,"player_choice":"Entered Light","damage_taken":14,"max_hp_gain":0,"max_hp_loss":0,"event_name":"Shining Light","floor":4,"gold_loss":0,"cards_upgraded":["Forethought","Defend_G"]}],"is_beta":false,"boss_relics":[],"items_purged_floors":[],"is_endless":false,"potions_floor_spawned":[5,11],"killed_by":"Gremlin Nob","ascension_level":0}