{"gold_per_floor":[114,126,51,69,89,89,114,114,137,174,186,198,240,24,24,102,102,22,22,22,22,22,22,22,22,22,22,22,22,22,22,22,22],"floor_reached":33,"playtime":1884,"items_purged":[],"score":593,"play_id":"bcbcf890-1e10-4c3c-a3e1-03365d5f2cb0","local_time":"20190705151839","is_ascension_mode":true,"campfire_choices":[{"data":"Neutralize","floor":6.0,"key":"SMITH"},{"floor":8.0,"key":"REST"},{"floor":11.0,"key":"REST"},{"data":"Sucker Punch","floor":15.0,"key":"SMITH"},{"floor":23.0,"key":"REST"},{"data":"Envenom","floor":25.0,"key":"SMITH"},{"data":"RitualDagger","floor":27.0,"key":"SMITH"},{"data":"Cleave","floor":29,"key":"SMITH"},{"floor":32,"key":"REST"}],"neow_cost":"NONE","seed_source_timestamp":96231387038427,"circlet_count":0,"master_deck":["AscendersBane","Defend_G","Defend_G","Defend_G","Defend_G","Defend_G","Strike_G+1","Strike_G","Strike_G","Strike_G","Survivor","Neutralize+1","Backstab+1","Sucker Punch+1","Slice","PiercingWail","Envenom+1","Venomology","Noxious Fumes+1","Venomology","Clothesline+1","RitualDagger+1","Cleave+1","Ball Lightning"],"special_seed":0,"relics":["Ring of the Snake","Snake Skull","MawBank","Bronze Scales","Bag of Preparation","Frozen Egg 2","PrismaticShard","Ectoplasm","Enchiridion","Pocketwatch","Whetstone"],"potions_floor_usage":[28,30,30,33,33,33],"damage_taken":[{"damage":2.0,"enemies":"2 Louse","floor":1.0,"turns":5.0},{"damage":0.0,"enemies":"Small Slimes","floor":2.0,"turns":2.0},{"damage":0.0,"enemies":"Jaw Worm","floor":4.0,"turns":3.0},{"damage":4.0,"enemies":"Exordium Wildlife","floor":5.0,"turns":5.0},{"damage":25.0,"enemies":"Lagavulin","floor":7.0,"turns":8.0},{"damage":26.0,"enemies":"3 Sentries","floor":10.0,"turns":8.0},{"damage":0.0,"enemies":"Gremlin Nob","floor":13.0,"turns":3.0},{"damage":12.0,"enemies":"Hexaghost","floor":16.0,"turns":8.0},{"damage":16.0,"enemies":"2 Thieves","floor":18.0,"turns":4.0},{"damage":5.0,"enemies":"Chosen","floor":21.0,"turns":5.0},{"damage":6,"enemies":"Snake Plant","floor":28,"turns":3},{"damage":3,"enemies":"Slavers","floor":30,"turns":4},{"damage":51,"enemies":"Collector","floor":33,"turns":7}],"seed_played":"128295488580691720","potions_obtained":[{"floor":4.0,"key":"AttackPotion"},{"floor":5.0,"key":"SteroidPotion"},{"floor":10.0,"key":"AttackPotion"},{"floor":16.0,"key":"Poison Potion"},{"floor":24.0,"key":"Strength Potion"},{"floor":28,"key":"SpeedPotion"},{"floor":30,"key":"EssenceOfSteel"}],"is_trial":false,"path_per_floor":["M","M","?","M","M","R","E","R","T","E","R","?","E","$","R","B",null,"M","?","?","M","?","R","?","R","T","R","M","R","E","$","R","B"],"character_chosen":"THE_SILENT","items_purchased":["PrismaticShard"],"campfire_rested":4,"item_purchase_floors":[14],"current_hp_per_floor":[63,63,63,63,59,59,34,55,55,29,50,50,50,50,50,38,64,48,27,27,22,16,37,37,37,37,37,31,31,28,28,49,0],"gold":22,"neow_bonus":"TEN_PERCENT_HP_BONUS","is_prod":false,"is_daily":false,"chose_seed":false,"campfire_upgraded":5,"win_rate":0,"timestamp":1562354319,"path_taken":["M","M","?","M","M","R","E","R","T","E","R","?","E","?","R","BOSS","M","?","?","M","?","R","?","R","T","R","M","R","E","$","R","BOSS"],"build_version":"2019-01-23","purchased_purges":0,"victory":false,"max_hp_per_floor":[72,72,72,72,72,72,72,72,72,72,72,72,72,72,72,72,72,72,72,72,72,72,72,72,72,72,72,72,72,72,72,72,72],"card_choices":[{"not_picked":["Flying Knee","Eviscerate"],"picked":"Backstab","floor":1.0},{"not_picked":["Expertise","Cloak And Dagger"],"picked":"Sucker Punch","floor":2.0},{"not_picked":["Blade Dance","Acrobatics"],"picked":"Slice","floor":4.0},{"not_picked":["Deflect","Tactician"],"picked":"PiercingWail","floor":5.0},{"not_picked":["Accuracy","Reflex"],"picked":"Envenom","floor":7.0},{"not_picked":["Deflect","Quick Slash"],"picked":"Venomology","floor":10.0},{"not_picked":["Finisher","Backflip"],"picked":"Noxious Fumes","floor":13.0},{"not_picked":["Magnetism+1","Dark Embrace+1"],"picked":"Venomology","floor":16.0},{"not_picked":["Doom and Gloom","Leap","Searing Blow"],"picked":"SKIP","floor":18.0},{"not_picked":["PiercingWail","Outmaneuver"],"picked":"Clothesline+1","floor":21.0},{"not_picked":["Pummel","Blade Dance"],"picked":"Cleave","floor":28},{"not_picked":["Sucker Punch+1","Prepared"],"picked":"Ball Lightning","floor":30}],"player_experience":2676484,"relics_obtained":[{"floor":7.0,"key":"Snake Skull"},{"floor":9.0,"key":"MawBank"},{"floor":10.0,"key":"Bronze Scales"},{"floor":13.0,"key":"Frozen Egg 2"},{"floor":19.0,"key":"Enchiridion"},{"floor":26.0,"key":"Pocketwatch"},{"floor":30,"key":"Whetstone"}],"event_choices":[{"cards_removed":["Strike_G"],"damage_healed":0.0,"max_hp_gain":0.0,"max_hp_loss":0.0,"gold_gain":0.0,"event_name":"The Cleric","player_choice":"Card Removal","floor":3.0,"gold_loss":75.0,"damage_taken":0.0},{"damage_healed":0.0,"max_hp_gain":0.0,"max_hp_loss":0.0,"gold_gain":0.0,"event_name":"Dead Adventurer","player_choice":"Searched \u00271\u0027 times","floor":12.0,"gold_loss":0.0,"damage_taken":0.0,"relics_obtained":["Bag of Preparation"]},{"damage_healed":0.0,"max_hp_gain":0.0,"max_hp_loss":0.0,"gold_gain":0.0,"event_name":"Cursed Tome","player_choice":"Obtained Book","floor":19.0,"gold_loss":0.0,"damage_taken":21.0},{"damage_healed":0.0,"max_hp_gain":0.0,"max_hp_loss":0.0,"gold_gain":0.0,"event_name":"Vampires","player_choice":"Ignored","floor":20.0,"gold_loss":0.0,"damage_taken":0.0},{"damage_healed":0.0,"max_hp_gain":0.0,"max_hp_loss":0.0,"gold_gain":0.0,"event_name":"Nest","player_choice":"Joined the Cult","floor":22.0,"gold_loss":0.0,"damage_taken":6.0,"cards_obtained":["RitualDagger"]},{"damage_healed":0.0,"max_hp_gain":0.0,"max_hp_loss":0.0,"gold_gain":0.0,"event_name":"Lab","player_choice":"Got Potions","floor":24.0,"gold_loss":0.0,"damage_taken":0.0}],"is_beta":false,"boss_relics":[{"not_picked":["Astrolabe","Lizard Tail"],"picked":"Ectoplasm"}],"items_purged_floors":[],"is_endless":false,"potions_floor_spawned":[4,5,10,16,28,30],"killed_by":"Collector","ascension_level":19}