{"gold_per_floor":[116,37,37,48,48,73,93,93,118,118,131,131,150,164,164,241,241,252,262,262,262,273,273,303,9,9,28,28,28,28],"floor_reached":30,"playtime":1733,"items_purged":[],"score":481,"play_id":"fa538652-5685-4f38-970f-e40e642e70dd","local_time":"20190314214238","is_ascension_mode":true,"campfire_choices":[{"data":"Hologram","floor":8.0,"key":"SMITH"},{"data":"Go for the Eyes","floor":10.0,"key":"SMITH"},{"data":"Dualcast","floor":15.0,"key":"SMITH"},{"floor":23.0,"key":"REST"},{"data":"Echo Form","floor":28,"key":"SMITH"}],"neow_cost":"NONE","seed_source_timestamp":1440963731867301,"circlet_count":0,"master_deck":["AscendersBane","Strike_B+1","Strike_B","Strike_B","Defend_B","Defend_B","Zap","Dualcast+1","Glacier","Go for the Eyes+1","Hologram+1","Sweeping Beam","Ball Lightning","Cold Snap","Hologram+1","Ball Lightning+1","Biased Cognition","Echo Form+1","Darkness+1","Streamline","Streamline+1","Beam Cell","Stack","Auto Shields","Hologram+1"],"special_seed":0,"relics":["Cracked Core","NeowsBlessing","Bronze Scales","Pen Nib","Empty Cage","Orichalcum","OrangePellets","Whetstone"],"potions_floor_usage":[24,27,30,30],"damage_taken":[{"damage":0.0,"enemies":"Small Slimes","floor":1.0,"turns":1.0},{"damage":0.0,"enemies":"2 Louse","floor":4.0,"turns":1.0},{"damage":0.0,"enemies":"3 Sentries","floor":6.0,"turns":1.0},{"damage":0.0,"enemies":"Cultist","floor":7.0,"turns":3.0},{"damage":0.0,"enemies":"Looter","floor":11.0,"turns":3.0},{"damage":7.0,"enemies":"3 Louse","floor":13.0,"turns":3.0},{"damage":19.0,"enemies":"Gremlin Gang","floor":14.0,"turns":4.0},{"damage":6.0,"enemies":"The Guardian","floor":16.0,"turns":10.0},{"damage":10.0,"enemies":"Shell Parasite","floor":18.0,"turns":5.0},{"damage":5.0,"enemies":"Chosen","floor":19.0,"turns":5.0},{"damage":13.0,"enemies":"Snake Plant","floor":22.0,"turns":3.0},{"damage":14,"enemies":"Book of Stabbing","floor":24,"turns":5},{"damage":5,"enemies":"3 Cultists","floor":27,"turns":4},{"damage":40,"enemies":"Gremlin Leader","floor":30,"turns":7}],"seed_played":"7927336440346770900","potions_obtained":[{"floor":7.0,"key":"SneckoOil"},{"floor":13.0,"key":"SpeedPotion"},{"floor":14.0,"key":"AttackPotion"},{"floor":22.0,"key":"GamblersBrew"},{"floor":24,"key":"AttackPotion"},{"floor":27,"key":"Ancient Potion"}],"is_trial":false,"path_per_floor":["M","$","?","M","?","E","M","R","T","R","M","?","M","M","R","B",null,"M","M","?","?","M","R","E","$","T","M","R","$","E"],"character_chosen":"DEFECT","items_purchased":["Go for the Eyes","Hologram","OrangePellets","Stack","Auto Shields"],"campfire_rested":1,"item_purchase_floors":[2,2,25,25,25],"current_hp_per_floor":[64,64,64,64,57,57,57,57,57,57,57,57,50,31,31,25,60,50,45,59,45,32,53,39,39,39,34,34,34,0],"gold":28,"neow_bonus":"THREE_ENEMY_KILL","is_prod":false,"is_daily":false,"chose_seed":false,"campfire_upgraded":4,"win_rate":0,"timestamp":1552614158,"path_taken":["M","$","?","M","?","E","M","R","T","R","M","?","M","M","R","BOSS","M","M","?","?","M","R","E","$","T","M","R","$","E"],"build_version":"2019-01-23","purchased_purges":0,"victory":false,"max_hp_per_floor":[71,71,71,71,71,71,71,71,71,71,71,71,71,71,71,71,71,71,71,71,71,71,71,71,71,71,71,71,71,71],"card_choices":[{"not_picked":["Turbo","Darkness"],"picked":"Glacier","floor":1.0},{"not_picked":["Stack","Loop"],"picked":"Sweeping Beam","floor":4.0},{"not_picked":["Double Energy","Skim"],"picked":"Ball Lightning","floor":6.0},{"not_picked":["Redo","Force Field"],"picked":"Cold Snap","floor":7.0},{"not_picked":["Cold Snap","Ball Lightning"],"picked":"Hologram","floor":11.0},{"not_picked":["Ball Lightning","Rebound","Reprogram"],"picked":"SKIP","floor":13.0},{"not_picked":["Rebound","Reprogram"],"picked":"Ball Lightning","floor":13.0},{"not_picked":["Tempest","Blizzard"],"picked":"Biased Cognition","floor":14.0},{"not_picked":["Hyperbeam","Machine Learning"],"picked":"Echo Form","floor":16.0},{"not_picked":["Turbo","Cold Snap"],"picked":"Darkness+1","floor":18.0},{"not_picked":["Go for the Eyes+1","Cold Snap"],"picked":"Streamline","floor":19.0},{"not_picked":["Leap","Rip and Tear"],"picked":"Streamline+1","floor":22.0},{"not_picked":["Leap","Gash"],"picked":"Beam Cell","floor":24},{"not_picked":["Blizzard","Aggregate"],"picked":"Hologram+1","floor":27}],"player_experience":2384579,"relics_obtained":[{"floor":6.0,"key":"Bronze Scales"},{"floor":9.0,"key":"Pen Nib"},{"floor":24,"key":"Orichalcum"},{"floor":26,"key":"Whetstone"}],"event_choices":[{"damage_healed":0.0,"max_hp_gain":0.0,"max_hp_loss":0.0,"gold_gain":0.0,"event_name":"Scrap Ooze","player_choice":"Fled","floor":3.0,"gold_loss":0.0,"damage_taken":0.0},{"cards_removed":["Defend_B"],"damage_healed":0.0,"max_hp_gain":0.0,"max_hp_loss":0.0,"gold_gain":0.0,"event_name":"Golden Wing","player_choice":"Card Removal","floor":5.0,"gold_loss":0.0,"damage_taken":7.0},{"damage_healed":0.0,"max_hp_gain":0.0,"max_hp_loss":0.0,"gold_gain":0.0,"event_name":"Living Wall","player_choice":"Grow","floor":12.0,"gold_loss":0.0,"damage_taken":0.0,"cards_upgraded":["Hologram"]},{"damage_healed":14.0,"max_hp_gain":0.0,"max_hp_loss":0.0,"gold_gain":0.0,"event_name":"The Library","player_choice":"Heal","floor":20.0,"gold_loss":0.0,"damage_taken":0.0},{"damage_healed":0.0,"max_hp_gain":0.0,"max_hp_loss":0.0,"gold_gain":0.0,"event_name":"Knowing Skull","player_choice":"POTION ","floor":21.0,"potions_obtained":["Weak Potion"],"gold_loss":0.0,"damage_taken":14.0,"cards_obtained":[]}],"is_beta":false,"boss_relics":[{"not_picked":["Inserter","Snecko Eye"],"picked":"Empty Cage"}],"items_purged_floors":[],"is_endless":false,"potions_floor_spawned":[7,13,14,16,22,24,27],"killed_by":"Gremlin Leader","ascension_level":15}