{"gold_per_floor":[116,133,27,42,54,88,104,104,157,169,169,181,199,215,215,310,310,282,10,23,43,53,53,67,67],"floor_reached":25,"playtime":3423,"items_purged":[],"score":238,"play_id":"0f4f4f88-3899-48e9-81ac-d5afcfa91d0a","local_time":"20190708132001","is_ascension_mode":false,"campfire_choices":[{"floor":8,"key":"REST"},{"floor":11,"key":"REST"},{"floor":15,"key":"REST"},{"floor":23,"key":"REST"}],"neow_cost":"NONE","seed_source_timestamp":881233413966982,"circlet_count":0,"master_deck":["Strike_G","Strike_G","Strike_G","Strike_G","Strike_G","Defend_G","Defend_G","Defend_G","Defend_G","Defend_G","Survivor","Neutralize","Poisoned Stab","Noxious Fumes","Cloak And Dagger","Poisoned Stab","Slice","Catalyst","Blur","Distraction","Blade Dance","Crippling Poison","Leg Sweep","Dagger Spray","A Thousand Cuts","Deflect","Dagger Spray","Masterful Stab","Bane","Quick Slash","Deadly Poison","Caltrops","Bane","Cloak And Dagger","Deadly Poison","All Out Attack","Bane"],"relics":["Ring of the Snake","NeowsBlessing","Tingsha","Bag of Preparation","Orrery","Regal Pillow"],"potions_floor_usage":[5,6,16,16,22,22,25],"damage_taken":[{"damage":0,"enemies":"Small Slimes","floor":1,"turns":1},{"damage":0,"enemies":"Cultist","floor":2,"turns":1},{"damage":0,"enemies":"2 Louse","floor":4,"turns":1},{"damage":16,"enemies":"Exordium Thugs","floor":5,"turns":6},{"damage":16,"enemies":"Gremlin Nob","floor":6,"turns":3},{"damage":2,"enemies":"2 Fungi Beasts","floor":7,"turns":4},{"damage":15,"enemies":"Gremlin Gang","floor":10,"turns":5},{"damage":2,"enemies":"3 Louse","floor":12,"turns":3},{"damage":4,"enemies":"Red Slaver","floor":13,"turns":4},{"damage":6,"enemies":"Gremlin Gang","floor":14,"turns":4},{"damage":21,"enemies":"The Guardian","floor":16,"turns":10},{"damage":26,"enemies":"2 Thieves","floor":18,"turns":5},{"damage":19,"enemies":"Shell Parasite","floor":20,"turns":6},{"damage":9,"enemies":"Centurion and Healer","floor":21,"turns":9},{"damage":11,"enemies":"Shelled Parasite and Fungi","floor":22,"turns":6},{"damage":18,"enemies":"3 Cultists","floor":24,"turns":4},{"damage":31,"enemies":"Snecko","floor":25,"turns":6}],"seed_played":"-1995923042859522582","potions_obtained":[{"floor":4,"key":"LiquidBronze"},{"floor":5,"key":"Poison Potion"},{"floor":6,"key":"GamblersBrew"},{"floor":13,"key":"Regen Potion"},{"floor":14,"key":"Weak Potion"},{"floor":16,"key":"Dexterity Potion"},{"floor":21,"key":"Explosive Potion"}],"is_trial":false,"path_per_floor":["M","M","$","M","M","E","M","R","T","M","R","M","M","M","R","B",null,"M","$","M","M","M","R","M","M"],"character_chosen":"THE_SILENT","items_purchased":["Cloak And Dagger","Poisoned Stab","Regal Pillow","Caltrops","Bane"],"campfire_rested":4,"item_purchase_floors":[3,3,19,19,19],"current_hp_per_floor":[70,70,70,70,54,38,36,57,57,42,63,61,57,51,70,64,70,44,44,25,16,5,41,23,0],"gold":67,"neow_bonus":"THREE_ENEMY_KILL","is_prod":false,"is_daily":false,"chose_seed":false,"campfire_upgraded":0,"win_rate":0.0,"timestamp":1562602801,"path_taken":["M","M","$","M","M","E","M","R","T","M","R","M","M","M","R","BOSS","M","$","M","M","M","R","M","M"],"build_version":"2019-07-05","purchased_purges":0,"victory":false,"max_hp_per_floor":[70,70,70,70,70,70,70,70,70,70,70,70,70,70,70,70,70,70,70,70,70,70,70,70,70],"card_choices":[{"not_picked":["PiercingWail","Acrobatics"],"picked":"Poisoned Stab","floor":1},{"not_picked":["Phantasmal Killer","Leg Sweep"],"picked":"Noxious Fumes","floor":2},{"not_picked":["Acrobatics","Dagger Throw"],"picked":"Slice","floor":4},{"not_picked":["Finisher","Acrobatics"],"picked":"Catalyst","floor":5},{"not_picked":["Sucker Punch","Backstab"],"picked":"Blur","floor":6},{"not_picked":["Sucker Punch","Reflex"],"picked":"Distraction","floor":7},{"not_picked":["Escape Plan","Poisoned Stab"],"picked":"Blade Dance","floor":10},{"not_picked":["Footwork","PiercingWail"],"picked":"Crippling Poison","floor":12},{"not_picked":["Dodge and Roll","Sucker Punch"],"picked":"Leg Sweep","floor":13},{"not_picked":["Dodge and Roll","Dagger Throw"],"picked":"Dagger Spray","floor":14},{"not_picked":["Adrenaline","Phantasmal Killer"],"picked":"A Thousand Cuts","floor":16},{"not_picked":["Underhanded Strike","Dodge and Roll"],"picked":"Deflect","floor":17},{"not_picked":["Endless Agony","Bane"],"picked":"Dagger Spray","floor":17},{"not_picked":["PiercingWail","Dodge and Roll"],"picked":"Masterful Stab","floor":17},{"not_picked":["Backstab","Doppelganger"],"picked":"Bane","floor":17},{"not_picked":["Skewer","Acrobatics"],"picked":"Quick Slash","floor":17},{"not_picked":["Choke+1","Flying Knee"],"picked":"Deadly Poison","floor":18},{"not_picked":["Dagger Spray+1","Bane"],"picked":"Cloak And Dagger","floor":20},{"not_picked":["Quick Slash","Tools of the Trade"],"picked":"Deadly Poison","floor":21},{"not_picked":["Deadly Poison","Backflip"],"picked":"All Out Attack","floor":22},{"not_picked":["Expertise+1","Calculated Gamble"],"picked":"Bane","floor":24}],"player_experience":105851,"relics_obtained":[{"floor":6,"key":"Tingsha"},{"floor":9,"key":"Bag of Preparation"}],"event_choices":[],"is_beta":false,"boss_relics":[{"not_picked":["Sozu","Tiny House"],"picked":"Orrery"}],"items_purged_floors":[],"is_endless":false,"potions_floor_spawned":[4,5,6,13,14,16,21],"killed_by":"Snecko","ascension_level":0}