{"gold_per_floor":[112,112,287,308,308,339,53,53,80,121,121,121,134,169,169,169],"floor_reached":16,"playtime":470,"items_purged":[],"score":128,"play_id":"dcf7ac06-cdd5-4cf1-a8fc-599c69749083","local_time":"20190812132442","is_ascension_mode":true,"campfire_choices":[{"floor":8,"key":"REST"},{"floor":11,"key":"REST"},{"floor":15,"key":"REST"}],"neow_cost":"NONE","seed_source_timestamp":124297947663828,"circlet_count":0,"master_deck":["Strike_R+1","Strike_R+1","Strike_R","Strike_R","Strike_R","Defend_R","Defend_R","Defend_R","Cleave","Injury","Doubt","Perfected Strike","Flame Barrier","Inflame","Flex","Iron Wave","Heavy Blade","Immolate","Anger"],"relics":["Empty Cage","Golden Idol","Oddly Smooth Stone","PreservedInsect","Happy Flower","Ancient Tea Set","Omamori","Strawberry"],"potions_floor_usage":[14],"damage_taken":[{"damage":8,"enemies":"Jaw Worm","floor":1,"turns":5},{"damage":4,"enemies":"Small Slimes","floor":4,"turns":3},{"damage":48,"enemies":"Gremlin Nob","floor":6,"turns":5},{"damage":18,"enemies":"3 Sentries","floor":10,"turns":7},{"damage":0,"enemies":"2 Louse","floor":13,"turns":1},{"damage":24,"enemies":"Lagavulin","floor":14,"turns":4},{"damage":45,"enemies":"The Guardian","floor":16,"turns":7}],"seed_played":"361461215706219965","potions_obtained":[{"floor":6,"key":"Dexterity Potion"},{"floor":13,"key":"SkillPotion"}],"is_trial":false,"path_per_floor":["M","?","?","M","?","E","$","R","T","E","R","?","M","E","R","B"],"character_chosen":"IRONCLAD","items_purchased":["PreservedInsect","Inflame","Flex","Iron Wave"],"campfire_rested":3,"item_purchase_floors":[7,7,7,7],"current_hp_per_floor":[72,72,72,68,52,4,4,28,28,10,34,34,34,17,43,0],"gold":169,"neow_bonus":"BOSS_RELIC","is_prod":false,"is_daily":false,"chose_seed":false,"campfire_upgraded":0,"win_rate":0,"timestamp":1565627082,"path_taken":["M","?","?","M","?","E","$","R","T","E","R","?","?","E","R","BOSS"],"build_version":"2019-07-17","purchased_purges":0,"victory":false,"max_hp_per_floor":[80,80,80,80,80,80,80,80,80,80,80,80,80,87,87,87],"card_choices":[{"not_picked":["Iron Wave","Corruption"],"picked":"Cleave","floor":1},{"not_picked":["Metallicize","Entrench"],"picked":"Perfected Strike","floor":4},{"not_picked":["Armaments","Flex"],"picked":"Flame Barrier","floor":6},{"not_picked":["Rupture","Rage"],"picked":"Heavy Blade","floor":10},{"not_picked":["Clothesline","Uppercut"],"picked":"Immolate","floor":13},{"not_picked":["Uppercut","Bloodletting"],"picked":"Anger","floor":14}],"player_experience":300881,"relics_obtained":[{"floor":6,"key":"Oddly Smooth Stone"},{"floor":9,"key":"Happy Flower"},{"floor":10,"key":"Ancient Tea Set"},{"floor":14,"key":"Strawberry"}],"event_choices":[{"damage_healed":0,"gold_gain":0,"player_choice":"Take Wound","damage_taken":0,"relics_obtained":["Golden Idol"],"max_hp_gain":0,"max_hp_loss":0,"event_name":"Golden Idol","floor":2,"gold_loss":0,"cards_obtained":["Injury"]},{"damage_healed":0,"gold_gain":175,"player_choice":"AGREE","damage_taken":0,"max_hp_gain":0,"max_hp_loss":0,"event_name":"Liars Game","floor":3,"gold_loss":0,"cards_obtained":["Doubt"]},{"damage_healed":0,"gold_gain":0,"player_choice":"Entered Light","damage_taken":16,"max_hp_gain":0,"max_hp_loss":0,"event_name":"Shining Light","floor":5,"gold_loss":0,"cards_upgraded":["Strike_R","Strike_R"]},{"damage_healed":0,"gold_gain":0,"player_choice":"Gave Potion","damage_taken":0,"relics_obtained":["Omamori"],"max_hp_gain":0,"max_hp_loss":0,"event_name":"WeMeetAgain","floor":12,"gold_loss":0}],"is_beta":false,"boss_relics":[],"items_purged_floors":[],"is_endless":false,"potions_floor_spawned":[6,13],"killed_by":"The Guardian","ascension_level":2}