{"gold_per_floor":[113,129,129,146,162,162,187,187,265,281,293,293,304,322,322,399,399,399,399,399,399,79,79,79,79,79,79,79,79,35,35,35,35,35,35,35,35],"floor_reached":37,"playtime":3707,"items_purged":[],"score":832,"play_id":"5ca1fdf8-4188-484b-ac10-09cda143d156","local_time":"20190528231912","is_ascension_mode":true,"campfire_choices":[{"data":"Static Discharge","floor":6.0,"key":"SMITH"},{"floor":8.0,"key":"REST"},{"data":"Sunder","floor":15.0,"key":"SMITH"},{"floor":24.0,"key":"REST"},{"floor":27.0,"key":"REST"},{"floor":29.0,"key":"REST"},{"floor":32.0,"key":"REST"}],"neow_cost":"NONE","seed_source_timestamp":0,"circlet_count":0,"master_deck":["AscendersBane","Strike_B","Strike_B","Strike_B","Defend_B","Defend_B","Defend_B","Defend_B","Zap","Dualcast","Conserve Battery","Sweeping Beam","FTL","Static Discharge+1","Coolheaded","Electrodynamics","Beam Cell+1","Leap","Sunder+1","Creative AI","Go for the Eyes","Go for the Eyes+1","Biased Cognition","Panache","Loop","Loop","Buffer","Fission","Self Repair"],"special_seed":0,"relics":["Cracked Core","Emotion Chip","Mummified Hand","Ectoplasm","Bronze Scales","Ice Cream","Peace Pipe","Eternal Feather"],"potions_floor_usage":[],"damage_taken":[{"damage":7.0,"enemies":"Jaw Worm","floor":1.0,"turns":2.0},{"damage":0.0,"enemies":"2 Louse","floor":2.0,"turns":1.0},{"damage":0.0,"enemies":"Cultist","floor":4.0,"turns":4.0},{"damage":10.0,"enemies":"2 Fungi Beasts","floor":5.0,"turns":3.0},{"damage":15.0,"enemies":"3 Sentries","floor":7.0,"turns":5.0},{"damage":12.0,"enemies":"Large Slime","floor":10.0,"turns":4.0},{"damage":0.0,"enemies":"Exordium Thugs","floor":11.0,"turns":3.0},{"damage":0.0,"enemies":"2 Fungi Beasts","floor":13.0,"turns":3.0},{"damage":0.0,"enemies":"Large Slime","floor":14.0,"turns":3.0},{"damage":8.0,"enemies":"Slime Boss","floor":16.0,"turns":7.0},{"damage":21.0,"enemies":"3 Byrds","floor":18.0,"turns":3.0},{"damage":0.0,"enemies":"Spheric Guardian","floor":19.0,"turns":3.0},{"damage":24.0,"enemies":"Cultist and Chosen","floor":21.0,"turns":5.0},{"damage":0.0,"enemies":"Gremlin Leader","floor":23.0,"turns":5.0},{"damage":12.0,"enemies":"3 Cultists","floor":25.0,"turns":3.0},{"damage":20.0,"enemies":"Centurion and Healer","floor":28.0,"turns":5.0},{"damage":19.0,"enemies":"Book of Stabbing","floor":31.0,"turns":4.0},{"damage":1.0,"enemies":"Champ","floor":33.0,"turns":9.0},{"damage":26,"enemies":"3 Shapes","floor":35,"turns":6},{"damage":52,"enemies":"2 Orb Walkers","floor":37,"turns":3}],"seed_played":"-6251728360389260496","potions_obtained":[{"floor":0.0,"key":"EntropicBrew"},{"floor":0.0,"key":"Ancient Potion"},{"floor":10.0,"key":"Ancient Potion"},{"floor":11.0,"key":"Strength Potion"},{"floor":21.0,"key":"Weak Potion"},{"floor":23.0,"key":"SteroidPotion"},{"floor":28.0,"key":"SkillPotion"},{"floor":31.0,"key":"PowerPotion"}],"is_trial":false,"path_per_floor":["M","M","$","M","M","R","E","R","T","M","M","?","M","M","R","B",null,"M","M","?","M","$","E","R","M","T","R","M","R","$","E","R","B",null,"M","?","?"],"character_chosen":"DEFECT","items_purchased":["Biased Cognition","Panache","PowerPotion","Loop"],"campfire_rested":5,"item_purchase_floors":[22,22,22,30],"current_hp_per_floor":[57,57,57,57,47,47,32,53,53,41,41,41,41,41,41,33,62,41,41,41,17,17,17,38,26,26,47,27,48,48,29,50,49,66,40,40,0],"gold":35,"neow_bonus":"THREE_SMALL_POTIONS","is_prod":false,"is_daily":false,"chose_seed":false,"campfire_upgraded":2,"win_rate":0,"timestamp":1559099952,"path_taken":["M","M","$","M","M","R","E","R","T","M","M","?","M","M","R","BOSS","M","M","?","?","$","E","R","M","T","R","M","R","$","E","R","BOSS","M","?","?"],"build_version":"2019-01-23","purchased_purges":0,"victory":false,"max_hp_per_floor":[71,71,71,71,71,71,71,71,71,71,71,71,71,71,71,71,71,71,71,71,71,71,71,71,71,71,71,71,71,71,71,71,71,71,71,71,71],"card_choices":[{"not_picked":["Consume","Hologram"],"picked":"Conserve Battery","floor":1.0},{"not_picked":["Stack","Hello World"],"picked":"Sweeping Beam","floor":2.0},{"not_picked":["Beam Cell","Lockon"],"picked":"FTL","floor":4.0},{"not_picked":["Stack","Steam"],"picked":"Static Discharge","floor":5.0},{"not_picked":["Blizzard","Compile Driver"],"picked":"Coolheaded","floor":7.0},{"not_picked":["Hello World","Gash"],"picked":"Electrodynamics","floor":10.0},{"not_picked":["Doom and Gloom","Streamline"],"picked":"Beam Cell","floor":11.0},{"not_picked":["Stack","Blizzard"],"picked":"Leap","floor":13.0},{"not_picked":["Heatsinks","Leap"],"picked":"Sunder","floor":14.0},{"not_picked":["All For One","Thunder Strike"],"picked":"Creative AI","floor":16.0},{"not_picked":["Streamline","Aggregate+1","Gash"],"picked":"SKIP","floor":18.0},{"not_picked":["Capacitor","Static Discharge"],"picked":"Go for the Eyes","floor":19.0},{"not_picked":["Gash","Rebound"],"picked":"Go for the Eyes+1","floor":21.0},{"not_picked":["Barrage","Compile Driver","Meteor Strike"],"picked":"SKIP","floor":23.0},{"not_picked":["Coolheaded","Go for the Eyes"],"picked":"Loop","floor":25.0},{"not_picked":["Sweeping Beam","Redo","Rebound"],"picked":"SKIP","floor":28.0},{"not_picked":["Blizzard","Beam Cell"],"picked":"Buffer","floor":31.0},{"not_picked":["Hyperbeam","Rainbow"],"picked":"Fission","floor":33.0},{"not_picked":["Stack+1","Chaos"],"picked":"Self Repair","floor":35}],"player_experience":2616439,"relics_obtained":[{"floor":7.0,"key":"Emotion Chip"},{"floor":9.0,"key":"Mummified Hand"},{"floor":23.0,"key":"Bronze Scales"},{"floor":26.0,"key":"Ice Cream"},{"floor":31.0,"key":"Peace Pipe"}],"event_choices":[{"damage_healed":0.0,"max_hp_gain":0.0,"max_hp_loss":0.0,"gold_gain":0.0,"event_name":"Living Wall","player_choice":"Grow","floor":12.0,"gold_loss":0.0,"damage_taken":0.0,"cards_upgraded":["Beam Cell"]},{"cards_removed":["Strike_B"],"damage_healed":0.0,"max_hp_gain":0.0,"max_hp_loss":0.0,"gold_gain":0.0,"event_name":"Bonfire Elementals","player_choice":"Offered Basic","floor":20.0,"gold_loss":0.0,"damage_taken":0.0},{"damage_healed":0,"gold_gain":0,"player_choice":"Memory 1","damage_taken":0,"max_hp_gain":0,"max_hp_loss":0,"event_name":"SensoryStone","floor":36,"gold_loss":0},{"damage_healed":0,"gold_gain":0,"player_choice":"Fight","damage_taken":0,"max_hp_gain":0,"max_hp_loss":0,"event_name":"Mysterious Sphere","floor":37,"gold_loss":0}],"is_beta":false,"boss_relics":[{"not_picked":["FrozenCore","Inserter"],"picked":"Ectoplasm"},{"not_picked":["Black Star","Velvet Choker"],"picked":"Eternal Feather"}],"items_purged_floors":[],"is_endless":false,"potions_floor_spawned":[2,4,10,11,21,23,28,31],"killed_by":"2 Orb Walkers","ascension_level":18}