{"gold_per_floor":[16,16,36,50,71,71,107,151,151,151,176,219,184,208,208,304,304,320,235,256,270,290,290,290,316,342,39,39],"floor_reached":28,"playtime":1824,"items_purged":["Strike_R"],"score":500,"play_id":"d7380ba0-bb1e-42e5-8643-f643cb83d76f","local_time":"20190812215943","is_ascension_mode":true,"campfire_choices":[{"data":"Flame Barrier","floor":6,"key":"SMITH"},{"floor":10,"key":"REST"},{"floor":15,"key":"REST"},{"data":"True Grit","floor":23,"key":"SMITH"}],"neow_cost":"NO_GOLD","seed_source_timestamp":604588775343030,"circlet_count":0,"master_deck":["AscendersBane","Strike_R","Strike_R","Strike_R","Strike_R","Defend_R","Defend_R","Defend_R","Defend_R","Bash","Thunderclap","Injury","Flame Barrier+1","Shrug It Off","Cleave","True Grit+1","Juggernaut","Shrug It Off","Battle Trance","Fiend Fire","Dark Embrace","True Grit","Immolate","True Grit","Immolate"],"relics":["Burning Blood","Du-Vu Doll","Bloody Idol","Odd Mushroom","Art of War","Dream Catcher","Dodecahedron","Runic Cube","Meat on the Bone","Dead Branch","Omamori","Red Skull"],"potions_floor_usage":[7,12,16,21,21,28],"damage_taken":[{"damage":2,"enemies":"2 Louse","floor":1,"turns":3},{"damage":9,"enemies":"Jaw Worm","floor":3,"turns":4},{"damage":1,"enemies":"Cultist","floor":4,"turns":3},{"damage":10,"enemies":"Large Slime","floor":5,"turns":6},{"damage":20,"enemies":"The Mushroom Lair","floor":7,"turns":5},{"damage":37,"enemies":"3 Sentries","floor":8,"turns":9},{"damage":15,"enemies":"Lots of Slimes","floor":11,"turns":3},{"damage":33,"enemies":"Gremlin Nob","floor":12,"turns":5},{"damage":0,"enemies":"2 Fungi Beasts","floor":14,"turns":2},{"damage":40,"enemies":"Hexaghost","floor":16,"turns":10},{"damage":0,"enemies":"3 Byrds","floor":18,"turns":1},{"damage":19,"enemies":"Shell Parasite","floor":20,"turns":5},{"damage":30,"enemies":"Shelled Parasite and Fungi","floor":21,"turns":10},{"damage":16,"enemies":"Snake Plant","floor":22,"turns":2},{"damage":32,"enemies":"Slavers","floor":25,"turns":7},{"damage":44,"enemies":"Book of Stabbing","floor":28,"turns":4}],"seed_played":"-6295466440418410453","potions_obtained":[{"floor":4,"key":"BloodPotion"},{"floor":11,"key":"Block Potion"},{"floor":12,"key":"SteroidPotion"},{"floor":14,"key":"PowerPotion"},{"floor":16,"key":"AttackPotion"},{"floor":20,"key":"Weak Potion"}],"is_trial":false,"path_per_floor":["M","?","M","M","M","R","?","E","T","R","M","E","?","M","R","B",null,"M","?","M","M","M","R","?","E","T","$","E"],"character_chosen":"IRONCLAD","items_purchased":["Red Skull","Energy Potion"],"campfire_rested":2,"item_purchase_floors":[27,27],"current_hp_per_floor":[72,72,69,74,70,70,63,32,32,54,45,18,18,24,46,12,59,65,65,52,40,42,42,42,33,38,38,0],"gold":39,"neow_bonus":"ONE_RARE_RELIC","is_prod":false,"is_daily":false,"chose_seed":false,"campfire_upgraded":2,"win_rate":0,"timestamp":1565661583,"path_taken":["M","?","M","M","M","R","?","E","T","R","M","E","?","M","R","BOSS","M","?","M","M","M","R","?","E","T","?","E"],"build_version":"2019-01-23","purchased_purges":1,"victory":false,"max_hp_per_floor":[75,75,75,75,75,75,75,75,75,75,75,75,75,75,75,75,75,75,75,75,75,75,75,75,75,75,75,75],"card_choices":[{"not_picked":["Shrug It Off","Blood for Blood"],"picked":"Thunderclap","floor":1},{"not_picked":["Reckless Charge","Pommel Strike"],"picked":"Flame Barrier","floor":3},{"not_picked":["Blood for Blood","Searing Blow"],"picked":"Shrug It Off","floor":4},{"not_picked":["Reckless Charge","Flex"],"picked":"Cleave","floor":5},{"not_picked":["Seeing Red","Sword Boomerang"],"picked":"True Grit","floor":7},{"not_picked":["Headbutt","Havoc"],"picked":"Juggernaut","floor":8},{"not_picked":["Twin Strike","Evolve"],"picked":"Shrug It Off","floor":10},{"not_picked":["Flex","Thunderclap"],"picked":"Battle Trance","floor":11},{"not_picked":["True Grit","Headbutt"],"picked":"Fiend Fire","floor":12},{"not_picked":["Burning Pact","Havoc","Perfected Strike"],"picked":"SKIP","floor":14},{"not_picked":["Fiend Fire","Barricade"],"picked":"Dark Embrace","floor":16},{"not_picked":["Perfected Strike","Clash","Iron Wave"],"picked":"SKIP","floor":18},{"not_picked":["Heavy Blade","Dual Wield"],"picked":"True Grit","floor":20},{"not_picked":["Searing Blow","Cleave"],"picked":"Immolate","floor":21},{"not_picked":["Second Wind","Armaments"],"picked":"True Grit","floor":22},{"not_picked":["Anger+1","Twin Strike"],"picked":"Immolate","floor":25}],"player_experience":2791118,"relics_obtained":[{"floor":7,"key":"Odd Mushroom"},{"floor":8,"key":"Art of War"},{"floor":9,"key":"Dream Catcher"},{"floor":12,"key":"Dodecahedron"},{"floor":25,"key":"Dead Branch"},{"floor":26,"key":"Omamori"}],"event_choices":[{"damage_healed":0,"gold_gain":0,"player_choice":"Take Wound","damage_taken":0,"relics_obtained":["Golden Idol"],"max_hp_gain":0,"max_hp_loss":0,"event_name":"Golden Idol","floor":2,"gold_loss":0,"cards_obtained":["Injury"]},{"damage_healed":0,"gold_gain":0,"player_choice":"Fought Mushrooms","damage_taken":0,"max_hp_gain":0,"max_hp_loss":0,"event_name":"Mushrooms","floor":7,"gold_loss":0},{"damage_healed":0,"gold_gain":0,"player_choice":"Left Gold","damage_taken":0,"max_hp_gain":0,"max_hp_loss":0,"event_name":"World of Goop","floor":13,"gold_loss":35},{"damage_healed":0,"gold_gain":0,"player_choice":"Obtained Relic","damage_taken":0,"relics_obtained":["Meat on the Bone"],"max_hp_gain":0,"max_hp_loss":0,"event_name":"Addict","floor":19,"gold_loss":85},{"damage_healed":0,"gold_gain":0,"player_choice":"Gave Idol","damage_taken":0,"relics_obtained":["Bloody Idol"],"max_hp_gain":0,"max_hp_loss":0,"event_name":"Forgotten Altar","floor":24,"relics_lost":["Golden Idol"],"gold_loss":0}],"is_beta":false,"boss_relics":[{"not_picked":["Ectoplasm","Runic Pyramid"],"picked":"Runic Cube"}],"items_purged_floors":[27],"is_endless":false,"potions_floor_spawned":[4,11,12,14,16,20],"killed_by":"Book of Stabbing","ascension_level":20}