{"gold_per_floor":[218,45,59,59,70,70,99,99,122,156,174,174,174,207,207,281,281,292,217,217,217,228,228,257,0,0,10,10,10,10,29,29,106,106,168,229,89,89,99,99,157,157,157,174,174,229,287,61,61,61,61],"floor_reached":51,"playtime":5092,"items_purged":["Strike_P","Decay","Normality"],"score":1603,"play_id":"6bb3eb02-8cb7-4ef3-ad1d-04ac677b2dcf","local_time":"20191024151457","is_ascension_mode":true,"campfire_choices":[{"data":"Ragnarok","floor":6.0,"key":"SMITH"},{"data":"Eruption","floor":8.0,"key":"SMITH"},{"data":"Scrawl","floor":12.0,"key":"SMITH"},{"data":"Evaluate","floor":15.0,"key":"SMITH"},{"data":"Omniscience","floor":23.0,"key":"SMITH"},{"floor":28.0,"key":"REST"},{"data":"Nirvana","floor":30.0,"key":"SMITH"},{"data":"Worship","floor":32.0,"key":"SMITH"},{"data":"WreathOfFlame","floor":40.0,"key":"SMITH"},{"data":"Wish","floor":42.0,"key":"SMITH"},{"floor":49.0,"key":"RECALL"}],"neow_cost":"NONE","seed_source_timestamp":0,"circlet_count":0,"master_deck":["AscendersBane","Strike_P","Defend_P","Defend_P","Defend_P","Defend_P+1","Eruption+1","Vigilance","EmptyMind+1","Ragnarok+1","Consecrate","Crescendo","Omniscience+1","Scrawl+1","CutThroughFate","Evaluate+1","Omniscience","Wallop","Halt","Nirvana+1","Worship+1","FlurryOfBlows","CutThroughFate","Wish+1","WreathOfFlame+1","SpiritShield+1","Nirvana","JustLucky","ThirdEye","Nirvana"],"special_seed":0,"relics":["HolyWater","War Paint","Smiling Mask","Dodecahedron","Shuriken","Cursed Key","Regal Pillow","PreservedInsect","Kunai","Akabeko","Torii","Mango"],"potions_floor_usage":[50,51],"damage_taken":[{"damage":7.0,"enemies":"Small Slimes","floor":1.0,"turns":4.0},{"damage":0.0,"enemies":"2 Louse","floor":3.0,"turns":3.0},{"damage":2.0,"enemies":"Jaw Worm","floor":5.0,"turns":4.0},{"damage":0.0,"enemies":"Lagavulin","floor":7.0,"turns":3.0},{"damage":15.0,"enemies":"3 Sentries","floor":10.0,"turns":3.0},{"damage":0.0,"enemies":"Large Slime","floor":11.0,"turns":1.0},{"damage":0.0,"enemies":"Gremlin Nob","floor":14.0,"turns":1.0},{"damage":38.0,"enemies":"The Guardian","floor":16.0,"turns":8.0},{"damage":0.0,"enemies":"Chosen","floor":18.0,"turns":2.0},{"damage":2.0,"enemies":"3 Byrds","floor":22.0,"turns":4.0},{"damage":18.0,"enemies":"Book of Stabbing","floor":24.0,"turns":3.0},{"damage":10.0,"enemies":"Centurion and Healer","floor":27.0,"turns":2.0},{"damage":0.0,"enemies":"Sentry and Sphere","floor":31.0,"turns":3.0},{"damage":2.0,"enemies":"Collector","floor":33.0,"turns":4.0},{"damage":0.0,"enemies":"3 Darklings","floor":35.0,"turns":1.0},{"damage":0.0,"enemies":"3 Shapes","floor":36.0,"turns":5.0},{"damage":18.0,"enemies":"Jaw Worm Horde","floor":39.0,"turns":6.0},{"damage":21.0,"enemies":"Nemesis","floor":41.0,"turns":5.0},{"damage":0.0,"enemies":"Spire Growth","floor":44.0,"turns":2.0},{"damage":8.0,"enemies":"Mind Bloom Boss Battle","floor":46.0,"turns":4.0},{"damage":0.0,"enemies":"Giant Head","floor":47.0,"turns":1.0},{"damage":33,"enemies":"Awakened One","floor":50,"turns":19},{"damage":30,"enemies":"Donu and Deca","floor":51,"turns":6}],"seed_played":"1212024646017250898","potions_obtained":[{"floor":1.0,"key":"AttackPotion"},{"floor":5.0,"key":"GamblersBrew"},{"floor":10.0,"key":"DistilledChaos"},{"floor":18.0,"key":"SteroidPotion"},{"floor":24.0,"key":"Dexterity Potion"},{"floor":27.0,"key":"AttackPotion"},{"floor":36.0,"key":"Fire Potion"},{"floor":41.0,"key":"Ancient Potion"},{"floor":46.0,"key":"Energy Potion"},{"floor":47.0,"key":"Swift Potion"}],"is_trial":false,"path_per_floor":["M","$","M","?","M","R","E","R","T","E","M","R","?","E","R","B",null,"M","?","?","?","M","R","E","$","T","M","R","T","R","M","R","B",null,"M","M","$","T","M","R","E","R","T","M","?","?","E","$","R","B","B"],"character_chosen":"WATCHER","items_purchased":["Ragnarok","PreservedInsect","Worship","Nirvana","ThirdEye","Nirvana","DuplicationPotion"],"campfire_rested":1,"item_purchase_floors":[2,25,25,37,48,48,48],"current_hp_per_floor":[54,54,54,59,57,57,57,57,57,42,42,42,42,42,42,4,56,56,56,56,56,54,54,36,36,36,26,62,62,62,62,62,60,70,70,70,70,70,52,52,31,31,31,31,31,23,37,37,37,4,0],"gold":61,"neow_bonus":"HUNDRED_GOLD","is_prod":false,"is_daily":false,"chose_seed":false,"campfire_upgraded":9,"win_rate":0,"timestamp":1571883297,"path_taken":["M","$","M","?","M","R","E","R","T","E","M","R","?","E","R","BOSS","M","?","?","?","M","R","E","$","T","M","R","?","R","M","R","BOSS","M","M","$","?","M","R","E","R","T","?","?","?","E","$","R","BOSS","BOSS"],"build_version":"2019-10-23","purchased_purges":3,"victory":false,"max_hp_per_floor":[68,68,68,73,73,73,73,73,73,73,73,73,73,73,73,73,73,73,73,73,73,73,73,73,73,73,73,73,73,73,73,73,73,73,73,73,73,73,73,73,73,73,73,73,73,73,87,87,87,87,87],"card_choices":[{"not_picked":["InnerPeace","Study"],"picked":"EmptyMind","floor":1.0},{"not_picked":["Evaluate","FollowUp"],"picked":"Consecrate","floor":3.0},{"not_picked":["Worship","BattleHymn"],"picked":"Crescendo","floor":5.0},{"not_picked":["ReachHeaven","WheelKick"],"picked":"Omniscience","floor":7.0},{"not_picked":["BattleHymn","Consecrate"],"picked":"Scrawl","floor":10.0},{"not_picked":["Evaluate","Fasting2"],"picked":"CutThroughFate","floor":11.0},{"not_picked":["CutThroughFate","InnerPeace"],"picked":"Evaluate","floor":14.0},{"not_picked":["Judgement","Blasphemy"],"picked":"Omniscience","floor":16.0},{"not_picked":["FlyingSleeves","ClearTheMind","Prostrate"],"picked":"SKIP","floor":18.0},{"not_picked":["ThirdEye","Protect"],"picked":"Halt","floor":22.0},{"not_picked":["WaveOfTheHand","Conclude"],"picked":"Nirvana","floor":24.0},{"not_picked":["Protect","Crescendo"],"picked":"FlurryOfBlows","floor":27.0},{"not_picked":["Prostrate","MentalFortress"],"picked":"CutThroughFate","floor":31.0},{"not_picked":["MasterReality","Vault"],"picked":"Wish","floor":33.0},{"not_picked":["ReachHeaven","Wireheading"],"picked":"WreathOfFlame","floor":35.0},{"not_picked":["CrushJoints","Prostrate"],"picked":"SpiritShield+1","floor":36.0},{"not_picked":["FollowUp","FlurryOfBlows"],"picked":"JustLucky","floor":39.0},{"not_picked":["Judgement","EmptyBody+1","Prostrate"],"picked":"SKIP","floor":41.0},{"not_picked":["WreathOfFlame","Consecrate","SashWhip"],"picked":"SKIP","floor":44.0},{"not_picked":["PathToVictory+1","Prostrate","CrushJoints"],"picked":"SKIP","floor":47.0}],"player_experience":1744579,"relics_obtained":[{"floor":7.0,"key":"War Paint"},{"floor":9.0,"key":"Smiling Mask"},{"floor":10.0,"key":"Dodecahedron"},{"floor":14.0,"key":"Shuriken"},{"floor":24.0,"key":"Regal Pillow"},{"floor":26.0,"key":"Kunai"},{"floor":41.0,"key":"Akabeko"},{"floor":46.0,"key":"Torii"},{"floor":47.0,"key":"Mango"}],"event_choices":[{"damage_healed":0.0,"max_hp_gain":5.0,"max_hp_loss":0.0,"gold_gain":0.0,"event_name":"Big Fish","player_choice":"Donut","floor":4.0,"gold_loss":0.0,"damage_taken":0.0},{"damage_healed":0.0,"max_hp_gain":0.0,"max_hp_loss":0.0,"gold_gain":0.0,"event_name":"Liars Game","player_choice":"Ignored","floor":13.0,"gold_loss":0.0,"damage_taken":0.0},{"cards_removed":["Strike_P"],"damage_healed":0.0,"max_hp_gain":0.0,"max_hp_loss":0.0,"gold_gain":0.0,"event_name":"Beggar","player_choice":"Gave Gold","floor":19.0,"gold_loss":75.0,"damage_taken":0.0},{"damage_healed":0.0,"max_hp_gain":0.0,"max_hp_loss":0.0,"gold_gain":0.0,"event_name":"Ghosts","player_choice":"Ignored","floor":20.0,"gold_loss":0.0,"damage_taken":0.0},{"damage_healed":0.0,"max_hp_gain":0.0,"max_hp_loss":0.0,"gold_gain":0.0,"event_name":"The Library","player_choice":"Read","floor":21.0,"gold_loss":0.0,"damage_taken":0.0,"cards_obtained":["Wallop"]},{"cards_removed":["Strike_P"],"damage_healed":0.0,"max_hp_gain":0.0,"max_hp_loss":0.0,"gold_gain":0.0,"event_name":"Falling","player_choice":"Removed Attack","floor":45.0,"gold_loss":0.0,"damage_taken":0.0},{"damage_healed":0.0,"max_hp_gain":0.0,"max_hp_loss":0.0,"gold_gain":0.0,"event_name":"MindBloom","player_choice":"Fight","floor":46.0,"gold_loss":0.0,"damage_taken":0.0}],"is_beta":true,"boss_relics":[{"not_picked":["SlaversCollar","Runic Dome"],"picked":"Cursed Key"},{"not_picked":["Calling Bell","Coffee Dripper"],"picked":"HolyWater"}],"items_purged_floors":[25,37,48],"is_endless":false,"potions_floor_spawned":[1,5,10,18,24,27,36,41,46,47],"killed_by":"Donu and Deca","ascension_level":20}