{"gold_per_floor":[113,33,33,33,48,48,74,74,101,101,101,117,128,177,177,255,255,265,265,280,104,19,19,47,47,47,57,71,71,71,87,87,87],"floor_reached":33,"playtime":2705,"items_purged":["Clash"],"score":547,"play_id":"fec1d572-1164-4e17-a5e6-66c64d971a58","local_time":"20190502235923","is_ascension_mode":true,"campfire_choices":[{"data":"Power Through","floor":6.0,"key":"SMITH"},{"data":"Juggernaut","floor":8.0,"key":"SMITH"},{"data":"Disarm","floor":10.0,"key":"SMITH"},{"data":"True Grit","floor":15.0,"key":"SMITH"},{"floor":23,"key":"REST"},{"data":"True Grit","floor":25,"key":"SMITH"},{"floor":29,"key":"REST"},{"floor":32,"key":"REST"}],"neow_cost":"NONE","seed_source_timestamp":144598574522768,"circlet_count":0,"master_deck":["AscendersBane","Strike_R","Strike_R","Strike_R","Strike_R","Strike_R","Defend_R","Defend_R","Defend_R","Bash","Disarm+1","Power Through+1","Juggernaut+1","Spot Weakness","True Grit+1","Dark Embrace","Pommel Strike","Armaments","Rampage","Havoc","True Grit+1","Bloodletting+1","Feel No Pain","Thunderclap"],"special_seed":0,"relics":["Burning Blood","NeowsBlessing","StoneCalendar","Pen Nib","Lantern","Sozu","Bag of Preparation","Art of War","Dodecahedron"],"potions_floor_usage":[27,28],"damage_taken":[{"damage":0.0,"enemies":"Small Slimes","floor":1.0,"turns":1.0},{"damage":0.0,"enemies":"2 Louse","floor":5.0,"turns":2.0},{"damage":0.0,"enemies":"Lagavulin","floor":7.0,"turns":3.0},{"damage":4.0,"enemies":"Jaw Worm","floor":12.0,"turns":5.0},{"damage":24.0,"enemies":"Red Slaver","floor":13.0,"turns":5.0},{"damage":42.0,"enemies":"Slime Boss","floor":16.0,"turns":7.0},{"damage":29.0,"enemies":"3 Byrds","floor":18.0,"turns":7.0},{"damage":26,"enemies":"Spheric Guardian","floor":20,"turns":6},{"damage":48,"enemies":"Book of Stabbing","floor":24,"turns":7},{"damage":15,"enemies":"Shelled Parasite and Fungi","floor":27,"turns":6},{"damage":9,"enemies":"Centurion and Healer","floor":28,"turns":6},{"damage":27,"enemies":"Snecko","floor":31,"turns":6},{"damage":52,"enemies":"Collector","floor":33,"turns":5}],"seed_played":"5805253302341568875","potions_obtained":[{"floor":12.0,"key":"EssenceOfSteel"},{"floor":13.0,"key":"Swift Potion"},{"floor":16.0,"key":"Block Potion"}],"is_trial":false,"path_per_floor":["M","$","?","$","M","R","E","R","T","R","?","M","M","T","R","B",null,"M","?","M","$","?","R","E","R","T","M","M","R","?","M","R","B"],"character_chosen":"IRONCLAD","items_purchased":["Power Through","Rampage","Havoc"],"campfire_rested":3,"item_purchase_floors":[2,21,21],"current_hp_per_floor":[74,74,79,79,80,80,80,80,80,80,73,75,57,57,57,21,65,42,58,38,38,38,62,20,20,20,11,8,32,32,11,35,0],"gold":87,"neow_bonus":"THREE_ENEMY_KILL","is_prod":false,"is_daily":false,"chose_seed":false,"campfire_upgraded":5,"win_rate":0,"timestamp":1556855963,"path_taken":["M","$","?","$","M","R","E","R","T","R","?","M","M","?","R","BOSS","M","?","M","$","?","R","E","R","T","M","M","R","?","M","R","BOSS"],"build_version":"2019-01-23","purchased_purges":1,"victory":false,"max_hp_per_floor":[75,75,80,80,80,80,80,80,80,80,80,80,80,80,80,80,80,80,80,80,80,80,80,80,80,80,80,80,80,80,80,80,80],"card_choices":[{"not_picked":["Havoc","Armaments"],"picked":"Disarm","floor":1.0},{"not_picked":["Corruption","Anger"],"picked":"Clash","floor":5.0},{"not_picked":["Burning Pact","Flame Barrier"],"picked":"Juggernaut","floor":7.0},{"not_picked":["Headbutt","Perfected Strike"],"picked":"Spot Weakness","floor":12.0},{"not_picked":["Shrug It Off","Iron Wave"],"picked":"True Grit","floor":13.0},{"not_picked":["Exhume","Barricade"],"picked":"Dark Embrace","floor":16.0},{"not_picked":["Anger","Power Through"],"picked":"Pommel Strike","floor":18.0},{"not_picked":["Pommel Strike","Warcry"],"picked":"Armaments","floor":20},{"not_picked":["Perfected Strike","Clash"],"picked":"True Grit","floor":24},{"not_picked":["Heavy Blade+1","Thunderclap"],"picked":"Bloodletting+1","floor":27},{"not_picked":["Burning Pact","Clash"],"picked":"Feel No Pain","floor":28},{"not_picked":["Body Slam","Iron Wave"],"picked":"Thunderclap","floor":31}],"player_experience":2562002,"relics_obtained":[{"floor":7.0,"key":"StoneCalendar"},{"floor":9.0,"key":"Pen Nib"},{"floor":14.0,"key":"Lantern"},{"floor":24,"key":"Art of War"},{"floor":26,"key":"Dodecahedron"}],"event_choices":[{"damage_healed":0.0,"max_hp_gain":5.0,"max_hp_loss":0.0,"gold_gain":0.0,"event_name":"Big Fish","player_choice":"Donut","floor":3.0,"gold_loss":0.0,"damage_taken":0.0},{"cards_removed":["Defend_R"],"damage_healed":0.0,"max_hp_gain":0.0,"max_hp_loss":0.0,"gold_gain":0.0,"event_name":"Golden Wing","player_choice":"Card Removal","floor":11.0,"gold_loss":0.0,"damage_taken":7.0},{"damage_healed":16.0,"max_hp_gain":0.0,"max_hp_loss":0.0,"gold_gain":0.0,"event_name":"The Library","player_choice":"Heal","floor":19.0,"gold_loss":0.0,"damage_taken":0.0},{"damage_healed":0,"gold_gain":0,"player_choice":"Obtained Relic","damage_taken":0,"relics_obtained":["Bag of Preparation"],"max_hp_gain":0,"max_hp_loss":0,"event_name":"Addict","floor":22,"gold_loss":85},{"damage_healed":0,"gold_gain":0,"player_choice":"Ignored","damage_taken":0,"max_hp_gain":0,"max_hp_loss":0,"event_name":"Beggar","floor":30,"gold_loss":0}],"is_beta":false,"boss_relics":[{"not_picked":["Ectoplasm","Coffee Dripper"],"picked":"Sozu"}],"items_purged_floors":[21],"is_endless":false,"potions_floor_spawned":[12,13,16,18,20],"killed_by":"Collector","ascension_level":18}