{"gold_per_floor":[111,111,61,75,94,105,105,51,126,138,238,254,254,28,28,124,124,134,144,26,38,38,38,70,70,70,70,32,45,55,65,65,161,161,173,273,273,288,288,288,288,302,302,302,319,74,88,88,88,88],"floor_reached":51,"playtime":3976,"items_purged":[],"score":659,"play_id":"b0059c4f-26a6-4ccd-974f-1dbe7b5617f7","local_time":"20181106212240","is_ascension_mode":false,"campfire_choices":[{"data":"Neutralize","floor":7,"key":"SMITH"},{"data":"Deadly Poison","floor":13,"key":"SMITH"},{"data":"Bane","floor":15,"key":"SMITH"},{"floor":23,"key":"REST"},{"floor":27,"key":"REST"},{"floor":32,"key":"REST"},{"data":"Blade Dance","floor":40,"key":"SMITH"},{"data":"Blade Dance","floor":44,"key":"SMITH"},{"floor":49,"key":"REST"}],"neow_cost":"NONE","seed_source_timestamp":387585262180468,"circlet_count":0,"master_deck":["Defend_G","Defend_G","Defend_G","Defend_G","Strike_G","Strike_G","Survivor","Neutralize+1","Bane+1","Slice","Backflip","Deadly Poison+1","Dagger Spray","Flying Knee","Deflect","Flying Knee","Quick Slash","PiercingWail+1","Bane","Blade Dance+1","Blade Dance+1","Slice","Blade Dance+1","Deflect+1","Backflip+1","Poisoned Stab+1","Bane+1","Cloak And Dagger","Poisoned Stab+1"],"relics":["Ring of the Snake","The Courier","Shuriken","Empty Cage","Vajra","Nilry\u0027s Codex","Lantern","Bag of Marbles","Sozu","Dead Branch","Matryoshka","Ice Cream"],"potions_floor_usage":[16,21,31,33,33,50],"damage_taken":[{"damage":1,"enemies":"2 Louse","floor":1,"turns":3},{"damage":1,"enemies":"Cultist","floor":4,"turns":4},{"damage":3,"enemies":"Jaw Worm","floor":5,"turns":3},{"damage":4,"enemies":"Looter","floor":6,"turns":4},{"damage":0,"enemies":"Large Slime","floor":10,"turns":4},{"damage":1,"enemies":"Exordium Wildlife","floor":12,"turns":2},{"damage":10,"enemies":"Slime Boss","floor":16,"turns":9},{"damage":2,"enemies":"Chosen","floor":18,"turns":4},{"damage":19,"enemies":"Spheric Guardian","floor":19,"turns":6},{"damage":3,"enemies":"Snake Plant","floor":21,"turns":3},{"damage":32,"enemies":"Book of Stabbing","floor":24,"turns":6},{"damage":0,"enemies":"3 Cultists","floor":29,"turns":3},{"damage":7,"enemies":"Cultist and Chosen","floor":30,"turns":4},{"damage":17,"enemies":"Snecko","floor":31,"turns":5},{"damage":35,"enemies":"Champ","floor":33,"turns":10},{"damage":7,"enemies":"3 Shapes","floor":35,"turns":4},{"damage":17,"enemies":"Mind Bloom Boss Battle","floor":36,"turns":8},{"damage":0,"enemies":"Orb Walker","floor":38,"turns":3},{"damage":0,"enemies":"Sphere and 2 Shapes","floor":42,"turns":2},{"damage":0,"enemies":"Transient","floor":45,"turns":5},{"damage":9,"enemies":"Spire Growth","floor":47,"turns":4},{"damage":54,"enemies":"Time Eater","floor":50,"turns":7}],"seed_played":"-6590710502720653981","potions_obtained":[{"floor":5,"key":"Regen Potion"},{"floor":6,"key":"Block Potion"},{"floor":21,"key":"Fruit Juice"},{"floor":29,"key":"SkillPotion"},{"floor":31,"key":"GhostInAJar"},{"floor":33,"key":"GhostInAJar"}],"is_trial":false,"path_per_floor":["M","$","?","M","M","M","R","$","T","M","?","M","R","$","R","B",null,"M","M","$","M","?","R","E","?","T","R","$","M","M","M","R","B",null,"M","?","?","M","?","R","?","M","T","R","M","$","M","?","R","B",null],"character_chosen":"THE_SILENT","items_purchased":["Dagger Spray","Shuriken","Deadly Poison","Vajra","Blade Dance","Ice Cream"],"campfire_rested":4,"item_purchase_floors":[8,14,14,20,28,46],"current_hp_per_floor":[69,69,69,68,65,61,61,61,61,61,61,60,60,60,60,50,70,68,49,49,51,35,57,25,11,11,35,35,35,28,11,35,15,80,73,56,56,56,56,56,56,56,56,56,56,56,47,47,69,15],"gold":88,"neow_bonus":"REMOVE_CARD","is_prod":false,"is_daily":false,"chose_seed":false,"campfire_upgraded":5,"win_rate":0,"timestamp":1541557360,"path_taken":["M","$","?","M","M","M","R","$","T","M","?","?","R","?","R","BOSS","M","M","$","M","?","R","E","?","T","R","$","M","M","M","R","BOSS","M","?","?","M","?","R","?","M","T","R","M","$","?","?","R","BOSS"],"build_version":"2018-11-01","purchased_purges":0,"victory":true,"max_hp_per_floor":[70,70,70,70,70,70,70,70,70,70,70,70,70,70,70,70,70,70,70,70,75,75,75,75,80,80,80,80,80,80,80,80,80,80,80,80,80,80,76,76,76,76,76,76,76,76,76,76,76,76],"card_choices":[{"not_picked":["Leg Sweep","Acrobatics"],"picked":"Bane","floor":1},{"not_picked":["Sucker Punch","Deflect"],"picked":"Slice","floor":4},{"not_picked":["Dodge and Roll","Noxious Fumes"],"picked":"Backflip","floor":5},{"not_picked":["Terror","Flying Knee"],"picked":"Deadly Poison","floor":6},{"not_picked":["Bullet Time","Escape Plan"],"picked":"Flying Knee","floor":10},{"not_picked":["Endless Agony","Calculated Gamble"],"picked":"Deflect","floor":12},{"not_picked":["Blur","Escape Plan"],"picked":"Flying Knee","floor":18},{"not_picked":["Expertise","Footwork"],"picked":"Quick Slash","floor":19},{"not_picked":["Deadly Poison","Terror"],"picked":"PiercingWail+1","floor":21},{"not_picked":["Heel Hook","Quick Slash"],"picked":"Bane","floor":24},{"not_picked":["Sucker Punch","Heel Hook"],"picked":"Blade Dance","floor":29},{"not_picked":["Setup","Backflip+1"],"picked":"Slice","floor":30},{"not_picked":["Dagger Throw","Endless Agony"],"picked":"Blade Dance+1","floor":31},{"not_picked":["Quick Slash","Well Laid Plans+1"],"picked":"Deflect+1","floor":35},{"not_picked":["Blade Dance","Flechettes+1"],"picked":"Backflip+1","floor":36},{"not_picked":["Sucker Punch","Backflip+1"],"picked":"Poisoned Stab+1","floor":38},{"not_picked":["After Image","PiercingWail+1"],"picked":"Bane+1","floor":42},{"not_picked":["Blur+1","Finisher+1"],"picked":"Cloak And Dagger","floor":45},{"not_picked":["PiercingWail+1","Slice+1"],"picked":"Poisoned Stab+1","floor":47}],"player_experience":1936615,"relics_obtained":[{"floor":9,"key":"The Courier"},{"floor":22,"key":"Nilry\u0027s Codex"},{"floor":24,"key":"Lantern"},{"floor":26,"key":"Bag of Marbles"},{"floor":36,"key":"Dead Branch"},{"floor":43,"key":"Matryoshka"}],"event_choices":[{"cards_removed":["Defend_G"],"damage_healed":0,"gold_gain":0,"player_choice":"Card Removal","damage_taken":0,"max_hp_gain":0,"max_hp_loss":0,"event_name":"The Cleric","floor":3,"gold_loss":50},{"damage_healed":0,"gold_gain":100,"player_choice":"Pray","damage_taken":0,"max_hp_gain":0,"max_hp_loss":0,"event_name":"Golden Shrine","floor":11,"gold_loss":0},{"damage_healed":0,"gold_gain":0,"player_choice":"Obtained Book","damage_taken":16,"max_hp_gain":0,"max_hp_loss":0,"event_name":"Cursed Tome","floor":22,"gold_loss":0},{"damage_healed":0,"gold_gain":0,"player_choice":"Shed Blood","damage_taken":19,"max_hp_gain":5,"max_hp_loss":0,"event_name":"Forgotten Altar","floor":25,"gold_loss":0},{"damage_healed":0,"gold_gain":0,"player_choice":"Fight","damage_taken":0,"max_hp_gain":0,"max_hp_loss":0,"event_name":"MindBloom","floor":36,"gold_loss":0},{"damage_healed":0,"gold_gain":0,"player_choice":"Memory 1","damage_taken":0,"max_hp_gain":0,"max_hp_loss":0,"event_name":"SensoryStone","floor":37,"gold_loss":0},{"damage_healed":0,"gold_gain":0,"player_choice":"Max HP","damage_taken":0,"max_hp_gain":0,"max_hp_loss":4,"event_name":"Winding Halls","floor":39,"gold_loss":0},{"damage_healed":0,"gold_gain":0,"player_choice":"Ignored","damage_taken":0,"max_hp_gain":0,"max_hp_loss":0,"event_name":"Tomb of Lord Red Mask","floor":41,"gold_loss":0},{"cards_removed":["Deadly Poison"],"damage_healed":0,"gold_gain":0,"player_choice":"Removed Skill","damage_taken":0,"max_hp_gain":0,"max_hp_loss":0,"event_name":"Falling","floor":48,"gold_loss":0}],"is_beta":false,"boss_relics":[{"not_picked":["Astrolabe","Pandora\u0027s Box"],"picked":"Empty Cage"},{"not_picked":["Calling Bell","Runic Dome"],"picked":"Sozu"}],"items_purged_floors":[],"is_endless":false,"potions_floor_spawned":[5,6,21,29,31,33,36,42,45],"ascension_level":0}