{"gold_per_floor":[109,109,123,123,138,472,472,442,442,466,466,509,509,548,548,644,644,660,347,347,186,45,83,83,90,90,90,138,175,215,252,252,342,342,374,374,406,100,127,127,150,194,225,266,305,65,85,113,113,113,113,113,113,31,73,73],"floor_reached":56,"playtime":6184,"items_purged":["Strike_P","Strike_P","Strike_P","CleanseEvil"],"score":2341,"play_id":"21a25281-f718-44c5-903d-6ddf4a8ea568","local_time":"20190922215207","is_ascension_mode":true,"campfire_choices":[{"data":"Eruption","floor":7.0,"key":"SMITH"},{"data":"Crescendo","floor":11.0,"key":"SMITH"},{"data":"Perseverance","floor":13.0,"key":"SMITH"},{"data":"Wallop","floor":15.0,"key":"SMITH"},{"data":"Devotion","floor":24.0,"key":"SMITH"},{"floor":32.0,"key":"REST"},{"data":"MasterReality","floor":40.0,"key":"SMITH"},{"floor":49.0,"key":"RECALL"},{"floor":53.0,"key":"REST"}],"neow_cost":"NONE","seed_source_timestamp":0,"circlet_count":0,"master_deck":["AscendersBane","Strike_P+1","Defend_P+1","Defend_P+1","Defend_P","Defend_P","Eruption+1","Vigilance+1","FlyingSleeves+1","FlurryOfBlows","CutThroughFate","Crescendo+1","Perseverance+1","Wallop+1","EmptyFist","Sanctity+1","Devotion+1","SandsOfTime+1","LessonLearned+1","ClearTheMind","Protect+1","BattleHymn","Sanctity","EmptyBody+1","Sanctity","SashWhip+1","MasterReality+1","Ragnarok+1","FearNoEvil+1","Pain","Sanctity","MentalFortress","Sanctity+1","Devotion+1","SashWhip+1","DeceiveReality+1"],"special_seed":0,"relics":["PureWater","NeowsBlessing","Golden Idol","Old Coin","TeardropLocket","Art of War","Ginger","SlaversCollar","Membership Card","Pen Nib","Bag of Marbles","Mummified Hand","CeramicFish","Molten Egg 2","Prayer Wheel","Blue Candle","Centennial Puzzle","Cursed Key","Bag of Preparation","ClockworkSouvenir","Kunai","Yang","DollysMirror","InkBottle","Bottled Tornado"],"potions_floor_usage":[56],"damage_taken":[{"damage":0.0,"enemies":"Cultist","floor":1.0,"turns":1.0},{"damage":0.0,"enemies":"Small Slimes","floor":3.0,"turns":1.0},{"damage":0.0,"enemies":"Jaw Worm","floor":5.0,"turns":1.0},{"damage":17.0,"enemies":"Lagavulin","floor":6.0,"turns":6.0},{"damage":9.0,"enemies":"Exordium Thugs","floor":10.0,"turns":5.0},{"damage":2.0,"enemies":"3 Sentries","floor":12.0,"turns":4.0},{"damage":7.0,"enemies":"Lagavulin","floor":14.0,"turns":5.0},{"damage":3.0,"enemies":"The Guardian","floor":16.0,"turns":8.0},{"damage":12.0,"enemies":"3 Byrds","floor":18.0,"turns":5.0},{"damage":0.0,"enemies":"Book of Stabbing","floor":23.0,"turns":2.0},{"damage":17.0,"enemies":"Slavers","floor":28.0,"turns":4.0},{"damage":2.0,"enemies":"2 Thieves","floor":29.0,"turns":4.0},{"damage":18.0,"enemies":"Book of Stabbing","floor":30.0,"turns":4.0},{"damage":11.0,"enemies":"Centurion and Healer","floor":31.0,"turns":4.0},{"damage":0.0,"enemies":"Champ","floor":33.0,"turns":9.0},{"damage":9.0,"enemies":"3 Darklings","floor":35.0,"turns":3.0},{"damage":0.0,"enemies":"3 Shapes","floor":37.0,"turns":11.0},{"damage":0.0,"enemies":"Sphere and 2 Shapes","floor":39.0,"turns":8.0},{"damage":0.0,"enemies":"Transient","floor":41.0,"turns":6.0},{"damage":0.0,"enemies":"Reptomancer","floor":42.0,"turns":2.0},{"damage":14.0,"enemies":"Nemesis","floor":44.0,"turns":5.0},{"damage":0.0,"enemies":"4 Shapes","floor":45.0,"turns":3.0},{"damage":1.0,"enemies":"Writhing Mass","floor":47.0,"turns":4.0},{"damage":1.0,"enemies":"Sphere and 2 Shapes","floor":48.0,"turns":4.0},{"damage":25.0,"enemies":"Awakened One","floor":50.0,"turns":9.0},{"damage":1.0,"enemies":"Time Eater","floor":51.0,"turns":7.0},{"damage":19.0,"enemies":"Shield and Spear","floor":55.0,"turns":4.0},{"damage":49,"enemies":"The Heart","floor":56,"turns":3}],"seed_played":"3794541283900550801","potions_obtained":[{"floor":6.0,"key":"StancePotion"},{"floor":8.0,"key":"Strength Potion"},{"floor":12.0,"key":"PowerPotion"},{"floor":16.0,"key":"Fire Potion"},{"floor":18.0,"key":"StancePotion"},{"floor":31.0,"key":"AttackPotion"},{"floor":33.0,"key":"LiquidBronze"},{"floor":37.0,"key":"SneckoOil"},{"floor":42.0,"key":"SteroidPotion"}],"is_trial":false,"path_per_floor":["M","$","M","?","M","E","R","?","T","M","R","E","R","E","R","B",null,"M","$","?","$","$","E","R","?","T","T","E","M","E","M","R","B",null,"M","?","M","$","M","R","M","E","T","E","M","$","M","M","R","B","B",null,"R","$","E","B"],"character_chosen":"WATCHER","items_purchased":["Membership Card","Pen Nib","Sanctity","Bag of Marbles","SteroidPotion","Mummified Hand","Bag of Preparation","ClockworkSouvenir","MasterReality","DollysMirror","InkBottle","Fruit Juice","Fire Potion"],"campfire_rested":2,"item_purchase_floors":[19,19,19,21,21,22,38,38,38,46,46,54,54],"current_hp_per_floor":[55,55,55,55,55,38,38,38,38,29,29,27,27,20,20,17,46,34,34,65,65,65,65,65,65,65,65,48,46,28,17,36,36,58,49,49,49,49,49,49,49,49,49,35,35,35,34,33,33,8,7,48,62,67,48,0],"gold":73,"neow_bonus":"THREE_ENEMY_KILL","is_prod":false,"is_daily":false,"chose_seed":false,"campfire_upgraded":6,"win_rate":0,"timestamp":1569145927,"path_taken":["M","$","?","?","M","E","R","?","T","?","R","E","R","E","R","BOSS","M","$","?","?","$","E","R","?","T","?","E","?","E","M","R","BOSS","M","?","M","$","M","R","M","E","T","E","M","$","M","M","R","BOSS","BOSS","R","$","E","BOSS"],"build_version":"2019-09-20","purchased_purges":4,"victory":false,"max_hp_per_floor":[61,61,61,55,55,55,55,55,55,55,55,55,55,55,55,55,55,55,55,65,65,65,65,65,65,65,65,65,65,65,65,65,65,65,65,62,62,62,62,62,62,62,62,62,62,62,62,62,62,62,62,62,62,67,67,67],"card_choices":[{"not_picked":["ClearTheMind","Perseverance"],"picked":"FlyingSleeves","floor":1.0},{"not_picked":["InnerPeace","Prostrate","SpiritShield"],"picked":"SKIP","floor":3.0},{"not_picked":["Sanctity","Prostrate"],"picked":"FlurryOfBlows","floor":5.0},{"not_picked":["Wireheading","WaveOfTheHand"],"picked":"CutThroughFate","floor":6.0},{"not_picked":["FollowUp","Worship"],"picked":"Crescendo","floor":10.0},{"not_picked":["Prostrate","InnerPeace"],"picked":"Perseverance","floor":12.0},{"not_picked":["JustLucky","Halt"],"picked":"Wallop","floor":14.0},{"not_picked":["Unraveling","Nirvana"],"picked":"Adaptation","floor":16.0},{"not_picked":["Crescendo","Consecrate"],"picked":"EmptyFist","floor":18.0},{"not_picked":["TalkToTheHand","Establishment"],"picked":"Devotion","floor":23.0},{"not_picked":["Prostrate+1","Crescendo"],"picked":"CleanseEvil","floor":28.0},{"not_picked":["ClearTheMind","JustLucky+1"],"picked":"LessonLearned+1","floor":29.0},{"not_picked":["Consecrate+1","ForeignInfluence"],"picked":"ClearTheMind","floor":29.0},{"not_picked":["Meditate","Fasting+1"],"picked":"Protect","floor":30.0},{"not_picked":["Prostrate","Vengeance"],"picked":"BattleHymn","floor":31.0},{"not_picked":["FollowUp+1","Brilliance"],"picked":"Sanctity","floor":31.0},{"not_picked":["StepAndStrike+1","ClearTheMind"],"picked":"EmptyBody+1","floor":35.0},{"not_picked":["Prostrate+1","Tantrum+1"],"picked":"Sanctity","floor":35.0},{"not_picked":["CrushJoints+1","Prostrate"],"picked":"SashWhip+1","floor":37.0},{"not_picked":["FlyingSleeves+1","EmptyFist+1","WaveOfTheHand"],"picked":"SKIP","floor":37.0},{"not_picked":["DeceiveReality+1","Consecrate+1"],"picked":"Ragnarok+1","floor":39.0},{"not_picked":["Consecrate+1","CleanseEvil","WindmillStrike+1"],"picked":"SKIP","floor":39.0},{"not_picked":["CrushJoints+1","BattleHymn"],"picked":"FearNoEvil+1","floor":41.0},{"not_picked":["Tantrum+1","CrushJoints+1","Protect"],"picked":"SKIP","floor":41.0},{"not_picked":["WindmillStrike+1","CleanseEvil+1","WaveOfTheHand"],"picked":"SKIP","floor":42.0},{"not_picked":["Protect","FlowState"],"picked":"Sanctity","floor":44.0},{"not_picked":["Scrawl","Prostrate"],"picked":"MentalFortress","floor":45.0},{"not_picked":["Tantrum+1","Halt"],"picked":"Sanctity+1","floor":45.0},{"not_picked":["Nirvana","CarveReality+1","CrushJoints+1"],"picked":"SKIP","floor":47.0},{"not_picked":["EmptyBody","Consecrate+1","BowlingBash+1"],"picked":"SKIP","floor":47.0},{"not_picked":["Nirvana","CarveReality+1","CrushJoints+1"],"picked":"SKIP","floor":47.0},{"not_picked":["EmptyBody","Consecrate+1","BowlingBash+1"],"picked":"SKIP","floor":47.0},{"not_picked":["CrushJoints+1","BowlingBash+1"],"picked":"SashWhip+1","floor":48.0},{"not_picked":["FollowUp+1","EmptyFist+1","FearNoEvil+1"],"picked":"SKIP","floor":48.0},{"not_picked":["FollowUp+1","EmptyFist+1","FearNoEvil+1"],"picked":"SKIP","floor":48.0},{"not_picked":["CleanseEvil","Nirvana"],"picked":"DeceiveReality+1","floor":55.0}],"player_experience":1208294,"relics_obtained":[{"floor":6.0,"key":"Old Coin"},{"floor":9.0,"key":"TeardropLocket"},{"floor":12.0,"key":"Art of War"},{"floor":14.0,"key":"Ginger"},{"floor":23.0,"key":"CeramicFish"},{"floor":26.0,"key":"Molten Egg 2"},{"floor":27.0,"key":"Prayer Wheel"},{"floor":28.0,"key":"Blue Candle"},{"floor":30.0,"key":"Centennial Puzzle"},{"floor":42.0,"key":"Kunai"},{"floor":44.0,"key":"Yang"},{"floor":55.0,"key":"Bottled Tornado"}],"event_choices":[{"damage_healed":0.0,"max_hp_gain":0.0,"max_hp_loss":6.0,"gold_gain":0.0,"event_name":"Golden Idol","player_choice":"Lose Max HP","floor":4.0,"gold_loss":0.0,"damage_taken":0.0,"relics_obtained":["Golden Idol"]},{"damage_healed":0.0,"max_hp_gain":0.0,"max_hp_loss":0.0,"gold_gain":0.0,"event_name":"The Woman in Blue","player_choice":"Bought 2 Potions","floor":8.0,"gold_loss":0.0,"damage_taken":0.0},{"cards_removed":["Adaptation"],"damage_healed":21.0,"max_hp_gain":10.0,"max_hp_loss":0.0,"gold_gain":0.0,"event_name":"Bonfire Elementals","player_choice":"Offered Rare","floor":20.0,"gold_loss":0.0,"damage_taken":0.0},{"damage_healed":0.0,"max_hp_gain":0.0,"max_hp_loss":0.0,"gold_gain":0.0,"event_name":"The Library","player_choice":"Read","floor":25.0,"gold_loss":0.0,"damage_taken":0.0,"cards_obtained":["SandsOfTime"]},{"damage_healed":0.0,"max_hp_gain":0.0,"max_hp_loss":3.0,"gold_gain":0.0,"event_name":"Winding Halls","player_choice":"Max HP","floor":36.0,"gold_loss":0.0,"damage_taken":0.0}],"is_beta":true,"boss_relics":[{"not_picked":["Runic Dome","Tiny House"],"picked":"SlaversCollar"},{"not_picked":["VioletLotus","Velvet Choker"],"picked":"Cursed Key"}],"items_purged_floors":[19,21,38,46],"is_endless":false,"potions_floor_spawned":[6,12,16,18,31,33,37,42,47],"killed_by":"The Heart","ascension_level":20}