{"gold_per_floor":[116,116,139,164,164,164,189,189,236,236,255,291,304,318,318,448,448,434,455,6,20,20],"floor_reached":22,"playtime":1172,"items_purged":[],"score":209,"play_id":"1ac9c604-25d3-40aa-bb0f-fba6670b18bb","local_time":"20191004084403","is_ascension_mode":true,"campfire_choices":[{"floor":6.0,"key":"REST"},{"floor":15.0,"key":"RECALL"}],"neow_cost":"NONE","seed_source_timestamp":0,"circlet_count":0,"master_deck":["Strike_R","Strike_R","Strike_R","Strike_R","Strike_R","Defend_R+1","Defend_R+1","Defend_R+1","Defend_R","Bash","Twin Strike","Anger","Shockwave+1","Metallicize","Ghostly Armor+1","Iron Wave","Power Through","Ghostly Armor","Blood for Blood","Demon Form","Iron Wave","Heavy Blade+1","Pommel Strike","Carnage"],"special_seed":0,"relics":["Burning Blood","Golden Idol","War Paint","Runic Pyramid","Eternal Feather","Ancient Tea Set"],"potions_floor_usage":[18,19,21],"damage_taken":[{"damage":9.0,"enemies":"Jaw Worm","floor":1.0,"turns":3.0},{"damage":7.0,"enemies":"2 Louse","floor":3.0,"turns":2.0},{"damage":4.0,"enemies":"Small Slimes","floor":4.0,"turns":4.0},{"damage":0.0,"enemies":"2 Fungi Beasts","floor":7.0,"turns":4.0},{"damage":11.0,"enemies":"Gremlin Gang","floor":11.0,"turns":5.0},{"damage":7.0,"enemies":"3 Sentries","floor":12.0,"turns":11.0},{"damage":9.0,"enemies":"Lots of Slimes","floor":13.0,"turns":7.0},{"damage":1.0,"enemies":"Red Slaver","floor":14.0,"turns":5.0},{"damage":54.0,"enemies":"Hexaghost","floor":16.0,"turns":16.0},{"damage":12,"enemies":"2 Thieves","floor":18,"turns":4},{"damage":48,"enemies":"Spheric Guardian","floor":19,"turns":9},{"damage":27,"enemies":"Centurion and Healer","floor":21,"turns":9},{"damage":16,"enemies":"Snake Plant","floor":22,"turns":1}],"seed_played":"-1098273931342116549","potions_obtained":[{"floor":3.0,"key":"SteroidPotion"},{"floor":4.0,"key":"Block Potion"},{"floor":7.0,"key":"DuplicationPotion"},{"floor":16.0,"key":"SkillPotion"},{"floor":18,"key":"Block Potion"},{"floor":19,"key":"Block Potion"}],"is_trial":false,"path_per_floor":["M","?","M","M","?","R","M","?","T","?","M","E","M","M","R","B",null,"M","M","$","M","M"],"character_chosen":"IRONCLAD","items_purchased":["Eternal Feather","Ancient Tea Set","Pommel Strike"],"campfire_rested":1,"item_purchase_floors":[20,20,20],"current_hp_per_floor":[77,57,56,58,42,66,72,72,72,72,67,66,63,68,68,20,80,74,32,32,11,0],"gold":20,"neow_bonus":"THREE_CARDS","is_prod":false,"is_daily":false,"chose_seed":false,"campfire_upgraded":0,"win_rate":0,"timestamp":1570189443,"path_taken":["M","?","M","M","?","R","M","?","T","?","M","E","M","M","R","BOSS","M","M","$","M","?"],"build_version":"2019-10-03","purchased_purges":0,"victory":false,"max_hp_per_floor":[80,80,80,80,80,80,80,80,80,80,80,80,80,80,80,80,80,80,80,80,80,80],"card_choices":[{"not_picked":["Disarm","Armaments"],"picked":"Twin Strike","floor":0.0},{"not_picked":["Sword Boomerang","Clash"],"picked":"Anger","floor":1.0},{"not_picked":["Twin Strike","Clothesline"],"picked":"Shockwave","floor":3.0},{"not_picked":["True Grit","Dual Wield"],"picked":"Metallicize","floor":4.0},{"not_picked":["Pommel Strike","Metallicize"],"picked":"Ghostly Armor","floor":7.0},{"not_picked":["Shockwave","Twin Strike"],"picked":"Iron Wave","floor":11.0},{"not_picked":["Clothesline","True Grit"],"picked":"Power Through","floor":12.0},{"not_picked":["Headbutt","Second Wind"],"picked":"Ghostly Armor","floor":13.0},{"not_picked":["Warcry","Metallicize"],"picked":"Blood for Blood","floor":14.0},{"not_picked":["Offering","Barricade"],"picked":"Demon Form","floor":16.0},{"not_picked":["Burning Pact","Infernal Blade"],"picked":"Iron Wave","floor":18},{"not_picked":["Thunderclap","Rampage"],"picked":"Heavy Blade+1","floor":19},{"not_picked":["Shrug It Off","Iron Wave"],"picked":"Carnage","floor":21}],"player_experience":433323,"relics_obtained":[{"floor":12.0,"key":"War Paint"}],"event_choices":[{"damage_healed":0.0,"max_hp_gain":0.0,"max_hp_loss":0.0,"gold_gain":0.0,"event_name":"Golden Idol","player_choice":"Take Damage","floor":2.0,"gold_loss":0.0,"damage_taken":20.0,"relics_obtained":["Golden Idol"]},{"damage_healed":0.0,"max_hp_gain":0.0,"max_hp_loss":0.0,"gold_gain":0.0,"event_name":"Shining Light","player_choice":"Entered Light","floor":5.0,"gold_loss":0.0,"damage_taken":16.0,"cards_upgraded":["Defend_R","Defend_R"]},{"damage_healed":0.0,"max_hp_gain":0.0,"max_hp_loss":0.0,"gold_gain":0.0,"event_name":"The Cleric","player_choice":"Leave","floor":8.0,"gold_loss":0.0,"damage_taken":0.0},{"damage_healed":0.0,"max_hp_gain":0.0,"max_hp_loss":0.0,"gold_gain":0.0,"event_name":"Upgrade Shrine","player_choice":"Upgraded","floor":10.0,"gold_loss":0.0,"damage_taken":0.0,"cards_upgraded":["Shockwave"]}],"is_beta":true,"boss_relics":[{"not_picked":["Sozu","SlaversCollar"],"picked":"Runic Pyramid"}],"items_purged_floors":[],"is_endless":false,"potions_floor_spawned":[3,4,7,11,16,18,19],"killed_by":"Snake Plant","ascension_level":2}