{"gold_per_floor":[117,136,208,10,10,41,41,57,57,57,89,103,103,122,122,199,199,214,214,214,47,47,47,62,62,62,34,34,60,74,89,89,89],"floor_reached":33,"playtime":2876,"items_purged":[],"score":536,"play_id":"771d01a2-d362-4b7d-af45-73ac3ce102dc","local_time":"20190317210939","is_ascension_mode":true,"campfire_choices":[{"data":"True Grit","floor":7.0,"key":"SMITH"},{"data":"Armaments","floor":10.0,"key":"SMITH"},{"data":"Disarm","floor":13.0,"key":"SMITH"},{"data":"Rage","floor":15.0,"key":"SMITH"},{"data":"True Grit","floor":23,"key":"SMITH"},{"floor":28,"key":"REST"},{"floor":32,"key":"REST"}],"neow_cost":"NONE","seed_source_timestamp":1555669017456692,"circlet_count":0,"master_deck":["AscendersBane","Strike_R","Strike_R","Strike_R","Strike_R","Strike_R","Defend_R","Defend_R","Defend_R","Defend_R","Bash","Thunderclap","Cleave","Iron Wave","True Grit+1","Armaments+1","Disarm+1","Feel No Pain+1","Rage+1","Fiend Fire","Combust+1","Feel No Pain+1","Disarm","True Grit+1","Reckless Charge","RitualDagger","Warcry","Metallicize+1","Seeing Red","Demon Form+1","Rupture+1","Burning Pact"],"special_seed":0,"relics":["Burning Blood","Oddly Smooth Stone","Dodecahedron","Lantern","Dead Branch","Frozen Egg 2","Vajra","Black Star","Sundial","Singing Bowl","Bag of Marbles","Prayer Wheel"],"potions_floor_usage":[16,24,29],"damage_taken":[{"damage":0.0,"enemies":"Cultist","floor":1.0,"turns":3.0},{"damage":1.0,"enemies":"Jaw Worm","floor":2.0,"turns":4.0},{"damage":43.0,"enemies":"Gremlin Nob","floor":6.0,"turns":5.0},{"damage":3.0,"enemies":"2 Louse","floor":8.0,"turns":3.0},{"damage":12.0,"enemies":"3 Sentries","floor":11.0,"turns":5.0},{"damage":1.0,"enemies":"Exordium Wildlife","floor":12.0,"turns":4.0},{"damage":0.0,"enemies":"Large Slime","floor":14.0,"turns":6.0},{"damage":17,"enemies":"Hexaghost","floor":16,"turns":11},{"damage":6,"enemies":"3 Byrds","floor":18,"turns":6},{"damage":18,"enemies":"2 Thieves","floor":24,"turns":4},{"damage":6,"enemies":"Book of Stabbing","floor":29,"turns":7},{"damage":18,"enemies":"Sentry and Sphere","floor":30,"turns":6},{"damage":20,"enemies":"Snake Plant","floor":31,"turns":6},{"damage":47,"enemies":"Automaton","floor":33,"turns":8}],"seed_played":"6414213884722799435","potions_obtained":[{"floor":8.0,"key":"Ancient Potion"},{"floor":11.0,"key":"Fire Potion"},{"floor":12.0,"key":"Strength Potion"},{"floor":16,"key":"Poison Potion"},{"floor":18,"key":"Explosive Potion"},{"floor":29,"key":"Fire Potion"}],"is_trial":false,"path_per_floor":["M","M","T","$","?","E","R","M","T","R","E","M","R","M","R","B",null,"M","?","T","$","?","R","M","?","T","$","R","E","M","M","R","B"],"character_chosen":"IRONCLAD","items_purchased":["Lantern","Iron Wave","Feel No Pain+1","Disarm","Warcry"],"campfire_rested":2,"item_purchase_floors":[4,4,21,21,27],"current_hp_per_floor":[74,75,75,75,70,33,33,36,36,36,30,35,35,41,41,30,64,64,43,43,43,43,43,31,25,25,25,49,49,37,23,47,0],"gold":89,"neow_bonus":"RANDOM_COMMON_RELIC","is_prod":false,"is_daily":false,"chose_seed":false,"campfire_upgraded":5,"win_rate":0,"timestamp":1552871379,"path_taken":["M","M","?","?","?","E","R","M","T","R","E","M","R","M","R","BOSS","M","?","?","$","?","R","M","?","T","?","R","E","M","M","R","BOSS"],"build_version":"2019-01-23","purchased_purges":0,"victory":false,"max_hp_per_floor":[75,75,75,75,75,75,75,75,75,75,75,75,75,75,75,75,75,75,80,80,80,80,80,80,80,80,80,80,80,80,80,80,80],"card_choices":[{"not_picked":["True Grit","Iron Wave"],"picked":"Thunderclap","floor":1.0},{"not_picked":["Headbutt","Flex"],"picked":"Cleave","floor":2.0},{"not_picked":["Infernal Blade","Juggernaut"],"picked":"True Grit","floor":6.0},{"not_picked":["Anger","True Grit"],"picked":"Armaments","floor":8.0},{"not_picked":["Perfected Strike","Havoc"],"picked":"Disarm","floor":11.0},{"not_picked":["Sword Boomerang","Iron Wave"],"picked":"Feel No Pain+1","floor":12.0},{"not_picked":["Sword Boomerang","Carnage"],"picked":"Rage","floor":14.0},{"not_picked":["Juggernaut+1","Double Tap"],"picked":"Fiend Fire","floor":16},{"not_picked":["Perfected Strike","Rampage"],"picked":"Combust+1","floor":18},{"not_picked":["Warcry","Anger"],"picked":"Reckless Charge","floor":24},{"not_picked":["Clash","Dropkick"],"picked":"Metallicize+1","floor":29},{"not_picked":["Sword Boomerang","Iron Wave"],"picked":"Seeing Red","floor":30},{"not_picked":["Sever Soul+1","Flex"],"picked":"Demon Form+1","floor":30},{"not_picked":["Searing Blow+1","Body Slam"],"picked":"Rupture+1","floor":31},{"not_picked":["Thunderclap","Pommel Strike"],"picked":"Burning Pact","floor":31}],"player_experience":2397851,"relics_obtained":[{"floor":3.0,"key":"Dodecahedron"},{"floor":6.0,"key":"Dead Branch"},{"floor":9.0,"key":"Frozen Egg 2"},{"floor":11.0,"key":"Vajra"},{"floor":20,"key":"Sundial"},{"floor":26,"key":"Singing Bowl"},{"floor":29,"key":"Bag of Marbles"},{"floor":29,"key":"Prayer Wheel"}],"event_choices":[{"damage_healed":0.0,"max_hp_gain":0.0,"max_hp_loss":0.0,"gold_gain":0.0,"event_name":"Scrap Ooze","player_choice":"Fled","floor":5.0,"gold_loss":0.0,"damage_taken":5.0},{"damage_healed":0,"gold_gain":0,"player_choice":"Shed Blood","damage_taken":26,"max_hp_gain":5,"max_hp_loss":0,"event_name":"Forgotten Altar","floor":19,"gold_loss":0},{"damage_healed":0,"gold_gain":0,"player_choice":"Read","damage_taken":0,"max_hp_gain":0,"max_hp_loss":0,"event_name":"The Library","floor":22,"gold_loss":0,"cards_obtained":["True Grit"]},{"damage_healed":0,"gold_gain":0,"player_choice":"Joined the Cult","damage_taken":6,"max_hp_gain":0,"max_hp_loss":0,"event_name":"Nest","floor":25,"gold_loss":0,"cards_obtained":["RitualDagger"]}],"is_beta":false,"boss_relics":[{"not_picked":["Calling Bell","Snecko Eye"],"picked":"Black Star"}],"items_purged_floors":[],"is_endless":false,"potions_floor_spawned":[8,11,12,16,18,29],"killed_by":"Automaton","ascension_level":16}