{"gold_per_floor":[112,128,128,128,56,91,109,109,191,247,260,210,18,34,34,135,135,154,79,94,94,106,106,34,60,133,133,146,146,161,180,180,180],"floor_reached":33,"playtime":3224,"items_purged":[],"score":405,"play_id":"9a9fdc7f-46e8-4d1e-a9e1-00b94280ba9d","local_time":"20180801225419","is_ascension_mode":true,"campfire_choices":[{"data":"Echo Form","floor":8,"key":"SMITH"},{"floor":15,"key":"REST"},{"floor":23,"key":"REST"},{"floor":27,"key":"REST"},{"data":"Darkness","floor":29,"key":"SMITH"},{"floor":32,"key":"REST"}],"neow_cost":"NONE","seed_source_timestamp":90887447864222,"circlet_count":0,"master_deck":["Defend_B","Defend_B","Defend_B","Defend_B","Zap","Dualcast","Electrodynamics","Go for the Eyes","Self Repair","Darkness+1","Echo Form+1","Go for the Eyes","Doom and Gloom","Rebound","Capacitor","Tempest","Sunder","Sunder","Multi-Cast","Tempest","BootSequence+1","Auto Shields","Go for the Eyes","Conserve Battery+1","Coolheaded+1","Go for the Eyes+1"],"relics":["FrozenCore","GremlinMask","Anchor","Letter Opener","Bottled Tornado","Bottled Lightning","Toxic Egg 2"],"potions_floor_usage":[33,33,33],"damage_taken":[{"damage":1,"enemies":"2 Louse","floor":1,"turns":2},{"damage":1,"enemies":"Cultist","floor":2,"turns":3},{"damage":17,"enemies":"3 Sentries","floor":6,"turns":3},{"damage":0,"enemies":"Jaw Worm","floor":7,"turns":3},{"damage":31,"enemies":"Lagavulin Event","floor":10,"turns":5},{"damage":0,"enemies":"Large Slime","floor":11,"turns":3},{"damage":1,"enemies":"Exordium Thugs","floor":14,"turns":3},{"damage":0,"enemies":"Slime Boss","floor":16,"turns":4},{"damage":6,"enemies":"3 Byrds","floor":18,"turns":4},{"damage":19,"enemies":"Chosen","floor":20,"turns":5},{"damage":0,"enemies":"Snake Plant","floor":22,"turns":3},{"damage":35,"enemies":"Slavers","floor":25,"turns":4},{"damage":5,"enemies":"Cultist and Chosen","floor":28,"turns":6},{"damage":16,"enemies":"Chosen and Byrds","floor":30,"turns":5},{"damage":19,"enemies":"Snecko","floor":31,"turns":6},{"damage":88,"enemies":"Champ","floor":33,"turns":13}],"seed_played":"-8760859192783045764","potions_obtained":[{"floor":6,"key":"Explosive Potion"},{"floor":10,"key":"SteroidPotion"},{"floor":16,"key":"EssenceOfSteel"},{"floor":18,"key":"SpeedPotion"}],"is_trial":false,"path_per_floor":["M","M","?","?","$","E","M","R","T","?","M","?","$","M","R","B",null,"M","?","M","?","M","R","$","E","T","R","M","R","M","M","R"],"character_chosen":"DEFECT","items_purchased":["Darkness","Capacitor","Tempest","Sunder","Auto Shields"],"campfire_rested":4,"item_purchase_floors":[5,13,13,13,24],"current_hp_per_floor":[74,73,73,78,78,68,80,80,80,63,63,63,63,62,80,80,80,74,74,69,69,69,80,80,45,45,69,78,78,69,64,80,0],"gold":180,"neow_bonus":"TRANSFORM_CARD","is_prod":false,"is_daily":false,"chose_seed":false,"campfire_upgraded":2,"win_rate":0,"timestamp":1533178459,"path_taken":["M","M","?","?","$","E","M","R","T","?","M","?","$","M","R","BOSS","M","?","M","?","?","R","$","E","T","R","M","R","M","M","R","BOSS"],"build_version":"2018-07-26","purchased_purges":0,"victory":false,"max_hp_per_floor":[75,75,75,80,80,80,80,80,80,80,80,80,80,80,80,80,80,80,80,80,80,80,80,80,80,80,80,80,80,80,80,80,80],"card_choices":[{"not_picked":["Leap","Beam Cell"],"picked":"Go for the Eyes","floor":1},{"not_picked":["Coolheaded","Compile Driver"],"picked":"Self Repair","floor":2},{"not_picked":["Static Discharge","Gash"],"picked":"Echo Form","floor":6},{"not_picked":["Rip and Tear","FTL"],"picked":"Go for the Eyes","floor":7},{"not_picked":["Stack","Redo"],"picked":"Doom and Gloom","floor":10},{"not_picked":["Coolheaded","Barrage"],"picked":"Rebound","floor":11},{"not_picked":["Barrage","Redo"],"picked":"Sunder","floor":14},{"not_picked":["Reboot","Amplify"],"picked":"Multi-Cast","floor":16},{"not_picked":["Ball Lightning","Gash"],"picked":"Tempest","floor":18},{"not_picked":["Gash+1","Recycle"],"picked":"BootSequence+1","floor":20},{"not_picked":["Scrape+1","Gash","Heatsinks"],"picked":"SKIP","floor":22},{"not_picked":["Gash+1","Creative AI"],"picked":"Go for the Eyes","floor":25},{"not_picked":["Go for the Eyes+1","Self Repair"],"picked":"Conserve Battery+1","floor":28},{"not_picked":["Steam+1","Sweeping Beam"],"picked":"Coolheaded+1","floor":30},{"not_picked":["Gash","Capacitor+1"],"picked":"Go for the Eyes+1","floor":31}],"player_experience":1418449,"relics_obtained":[{"floor":6,"key":"Anchor"},{"floor":9,"key":"Letter Opener"},{"floor":10,"key":"Bottled Tornado"},{"floor":25,"key":"Bottled Lightning"},{"floor":26,"key":"Toxic Egg 2"}],"event_choices":[{"event_name":"FaceTrader","player_choice":"Trade","floor":3,"damage_taken":0},{"event_name":"Big Fish","player_choice":"Donut","floor":4,"damage_taken":0},{"event_name":"Dead Adventurer","player_choice":"Searched \u00272\u0027 times","floor":10,"damage_taken":0},{"event_name":"The Cleric","player_choice":"Card Removal","floor":12,"damage_taken":0},{"event_name":"Beggar","player_choice":"Gave Gold","floor":19,"damage_taken":0},{"event_name":"Back to Basics","player_choice":"Elegance","floor":21,"damage_taken":0}],"is_beta":false,"boss_relics":[{"not_picked":["Runic Dome","Snecko Eye"],"picked":"FrozenCore"}],"items_purged_floors":[],"is_endless":false,"potions_floor_spawned":[6,10,16,18,20,22],"killed_by":"Champ","ascension_level":4}