{"gold_per_floor":[111,122,122,142,162,162,187,187,187,216,229,247,247,266,266,345,345,355,555,570,485,485,485,485,504,583,583,598,624,624,78,78,78],"floor_reached":33,"playtime":2870,"items_purged":["Strike_G"],"score":460,"play_id":"d0a902ef-03ad-4bd8-86aa-727ab811a58b","local_time":"20181209022444","is_ascension_mode":true,"campfire_choices":[{"floor":6,"key":"REST"},{"floor":8,"key":"REST"},{"data":"Blur","floor":15,"key":"SMITH"},{"floor":23,"key":"REST"},{"floor":27,"key":"REST"},{"floor":30,"key":"RECALL"},{"floor":32,"key":"REST"}],"neow_cost":"NONE","seed_source_timestamp":823202016006680,"circlet_count":0,"master_deck":["AscendersBane","Defend_G","Defend_G","Defend_G","Defend_G","Defend_G","Strike_G","Strike_G","Strike_G","Survivor","Neutralize+1","Dagger Spray","Slice","Dagger Throw","Blur+1","Cloak And Dagger","Dash","Tools of the Trade","PiercingWail","Terror","Corpse Explosion","Bouncing Flask","Outmaneuver","Flying Knee+1","Malaise","Noxious Fumes"],"relics":["Ring of the Snake","Dead Branch","Unceasing Top","WristBlade","Orichalcum","Darkstone Periapt","Vajra","Mummified Hand","Regal Pillow"],"potions_floor_usage":[16,22,33,33],"damage_taken":[{"damage":7,"enemies":"Small Slimes","floor":1,"turns":4},{"damage":2,"enemies":"Cultist","floor":2,"turns":4},{"damage":0,"enemies":"2 Louse","floor":4,"turns":2},{"damage":9,"enemies":"Large Slime","floor":5,"turns":6},{"damage":20,"enemies":"3 Sentries","floor":7,"turns":10},{"damage":36,"enemies":"Lagavulin","floor":10,"turns":8},{"damage":2,"enemies":"Red Slaver","floor":11,"turns":4},{"damage":7,"enemies":"3 Louse","floor":12,"turns":3},{"damage":0,"enemies":"Looter","floor":14,"turns":3},{"damage":19,"enemies":"Hexaghost","floor":16,"turns":11},{"damage":38,"enemies":"Spheric Guardian","floor":18,"turns":6},{"damage":4,"enemies":"3 Byrds","floor":20,"turns":4},{"damage":0,"enemies":"Centurion and Healer","floor":22,"turns":3},{"damage":16,"enemies":"Sentry and Sphere","floor":25,"turns":4},{"damage":9,"enemies":"Chosen and Byrds","floor":28,"turns":6},{"damage":34,"enemies":"Gremlin Leader","floor":29,"turns":7},{"damage":75,"enemies":"Collector","floor":33,"turns":8}],"seed_played":"6537946289302100676","potions_obtained":[{"floor":1,"key":"GhostInAJar"},{"floor":7,"key":"Explosive Potion"},{"floor":11,"key":"SmokeBomb"},{"floor":25,"key":"Weak Potion"},{"floor":29,"key":"SpeedPotion"}],"is_trial":false,"path_per_floor":["M","M","?","M","M","R","E","R","T","E","M","M","?","M","R","B",null,"M","?","M","?","M","R","?","M","T","R","M","E","R","$","R","B"],"character_chosen":"THE_SILENT","items_purchased":["Mummified Hand","Regal Pillow","Noxious Fumes"],"campfire_rested":5,"item_purchase_floors":[31,31,31],"current_hp_per_floor":[56,54,54,54,45,66,46,67,67,31,29,22,45,45,45,26,59,21,21,17,17,17,38,61,45,45,66,57,23,23,23,59,0],"gold":78,"neow_bonus":"UPGRADE_CARD","is_prod":false,"is_daily":false,"chose_seed":false,"campfire_upgraded":1,"win_rate":0,"timestamp":1544340284,"path_taken":["M","M","?","?","M","R","E","R","T","E","M","M","?","M","R","BOSS","M","?","?","?","M","R","?","M","T","R","M","E","R","$","R","BOSS"],"build_version":"2018-12-06","purchased_purges":1,"victory":false,"max_hp_per_floor":[70,70,70,70,70,70,70,70,70,70,70,70,70,70,70,70,70,70,70,70,70,70,70,70,70,70,70,70,70,70,70,70,70],"card_choices":[{"not_picked":["Calculated Gamble","Bane"],"picked":"Dagger Spray","floor":1},{"not_picked":["Dagger Throw","Reflex"],"picked":"Slice","floor":2},{"not_picked":["Catalyst","Eviscerate"],"picked":"Dagger Throw","floor":4},{"not_picked":["Expertise","Catalyst"],"picked":"Blur","floor":5},{"not_picked":["Eviscerate","Caltrops"],"picked":"Cloak And Dagger","floor":7},{"not_picked":["Outmaneuver","Catalyst"],"picked":"Dash","floor":10},{"not_picked":["Sucker Punch","Dodge and Roll"],"picked":"Tools of the Trade","floor":11},{"not_picked":["Dodge and Roll","Eviscerate"],"picked":"PiercingWail","floor":12},{"not_picked":["Outmaneuver","Eviscerate"],"picked":"Terror","floor":14},{"not_picked":["Night Terror","Malaise"],"picked":"Corpse Explosion","floor":16},{"not_picked":["Backflip","Blade Dance"],"picked":"Bouncing Flask","floor":18},{"not_picked":["Expertise","Sucker Punch","Endless Agony"],"picked":"SKIP","floor":20},{"not_picked":["Acrobatics","Quick Slash"],"picked":"Outmaneuver","floor":25},{"not_picked":["Catalyst","Deflect"],"picked":"Flying Knee+1","floor":28},{"not_picked":["Well Laid Plans","Underhanded Strike"],"picked":"Malaise","floor":29}],"player_experience":2050436,"relics_obtained":[{"floor":7,"key":"Dead Branch"},{"floor":10,"key":"Unceasing Top"},{"floor":26,"key":"Darkstone Periapt"},{"floor":29,"key":"Vajra"}],"event_choices":[{"cards_removed":["Strike_G"],"damage_healed":0,"gold_gain":0,"player_choice":"Purged","damage_taken":0,"max_hp_gain":0,"max_hp_loss":0,"event_name":"Purifier","floor":3,"gold_loss":0},{"damage_healed":23,"gold_gain":0,"player_choice":"Banana","damage_taken":0,"max_hp_gain":0,"max_hp_loss":0,"event_name":"Big Fish","floor":13,"gold_loss":0},{"damage_healed":0,"gold_gain":200,"player_choice":"Gold","damage_taken":0,"max_hp_gain":0,"max_hp_loss":0,"event_name":"Wheel of Change","floor":19,"gold_loss":0},{"damage_healed":0,"gold_gain":0,"player_choice":"Obtained Relic","damage_taken":0,"relics_obtained":["Orichalcum"],"max_hp_gain":0,"max_hp_loss":0,"event_name":"Addict","floor":21,"gold_loss":85},{"damage_healed":23,"gold_gain":0,"player_choice":"Heal","damage_taken":0,"max_hp_gain":0,"max_hp_loss":0,"event_name":"The Library","floor":24,"gold_loss":0}],"is_beta":false,"boss_relics":[{"not_picked":["HoveringKite","Runic Pyramid"],"picked":"WristBlade"}],"items_purged_floors":[31],"is_endless":false,"potions_floor_spawned":[1,7,10,11,12,25,29],"killed_by":"Collector","ascension_level":13}