{"gold_per_floor":[114,33,33,48,223,223,238,268,280,307,349,361,403,430,442,554,566,593,605,617,644,191,191,206,206,256,256,271,271,21,21,21,121,121,136,136,68,168,183,183,183,183,233,233],"floor_reached":44,"playtime":2705,"items_purged":["Bite","Bite"],"score":447,"play_id":"917d8156-8a8e-4f32-87d5-7cc95f9027ca","local_time":"20191010223634","daily_mods":["SealedDeck","Diverse","Lethality"],"is_ascension_mode":false,"campfire_choices":[{"data":"Armaments","floor":6.0,"key":"SMITH"},{"data":"Heavy Blade","floor":12.0,"key":"SMITH"},{"data":"Hologram","floor":15.0,"key":"SMITH"},{"data":"Well Laid Plans","floor":23.0,"key":"SMITH"},{"data":"Limit Break","floor":25.0,"key":"SMITH"},{"data":"Conserve Battery","floor":27.0,"key":"SMITH"},{"data":"Pommel Strike","floor":29.0,"key":"SMITH"},{"data":"Go for the Eyes","floor":32.0,"key":"SMITH"},{"data":"Heavy Blade","floor":40,"key":"SMITH"},{"data":"After Image","floor":42,"key":"SMITH"}],"neow_cost":"","seed_source_timestamp":0,"circlet_count":0,"master_deck":["Stack","Leap+1","Turbo+1","Headbutt","Seeing Red","Pommel Strike+1","Heavy Blade+1","Well Laid Plans+1","Inflame","Armaments+1","BootSequence","Doubt","Deflect","Conserve Battery+1","Rebound","Hologram+1","Coolheaded","Limit Break+1","Bite","Bite","Bite","Stack","Conserve Battery","Intimidate+1","Go for the Eyes","Go for the Eyes+1","After Image+1","Leap+1","Evolve","Dodge and Roll","Heavy Blade+1","Finesse"],"special_seed":18179,"relics":["Burning Blood","MawBank","War Paint","Omamori","Question Card","Sozu","MutagenicStrength","Blood Vial","Strawberry","Happy Flower","Cursed Key","StoneCalendar","Anchor"],"potions_floor_usage":[],"damage_taken":[{"damage":0.0,"enemies":"Cultist","floor":1.0,"turns":2.0},{"damage":0.0,"enemies":"Small Slimes","floor":4.0,"turns":2.0},{"damage":5.0,"enemies":"2 Louse","floor":7.0,"turns":3.0},{"damage":13.0,"enemies":"Lagavulin","floor":8.0,"turns":5.0},{"damage":5.0,"enemies":"Blue Slaver","floor":10.0,"turns":3.0},{"damage":15.0,"enemies":"Gremlin Nob","floor":11.0,"turns":4.0},{"damage":0.0,"enemies":"Lagavulin","floor":13.0,"turns":4.0},{"damage":0.0,"enemies":"Red Slaver","floor":14.0,"turns":3.0},{"damage":32.0,"enemies":"The Guardian","floor":16.0,"turns":5.0},{"damage":6.0,"enemies":"Shell Parasite","floor":18.0,"turns":4.0},{"damage":11.0,"enemies":"Chosen","floor":21.0,"turns":5.0},{"damage":20.0,"enemies":"Snake Plant","floor":24.0,"turns":3.0},{"damage":26.0,"enemies":"3 Cultists","floor":28.0,"turns":5.0},{"damage":38.0,"enemies":"Automaton","floor":33.0,"turns":7.0},{"damage":55.0,"enemies":"3 Darklings","floor":35.0,"turns":5.0},{"damage":12,"enemies":"Mind Bloom Boss Battle","floor":38,"turns":5},{"damage":0,"enemies":"Orb Walker","floor":39,"turns":4},{"damage":44,"enemies":"Sphere and 2 Shapes","floor":44,"turns":3}],"seed_played":"1808118435216149927","potions_obtained":[{"floor":1.0,"key":"Weak Potion"},{"floor":10.0,"key":"Swift Potion"},{"floor":11.0,"key":"FearPotion"}],"is_trial":false,"path_per_floor":["M","$","?","M","?","R","M","E","T","M","E","R","E","M","R","B",null,"M","?","?","M","$","R","M","R","T","R","M","R","$","?","R","B",null,"M","?","$","?","M","R","?","R","T","M"],"character_chosen":"IRONCLAD","items_purchased":["Inflame","Conserve Battery","Blood Vial","Panache","Happy Flower","Evolve"],"campfire_rested":0,"item_purchase_floors":[2,22,22,22,30,37],"current_hp_per_floor":[80,80,80,80,80,80,80,73,73,74,65,65,71,77,77,51,80,80,56,56,53,53,53,47,47,54,54,46,46,46,46,46,28,63,18,18,18,20,34,34,34,34,34,0],"gold":233,"neow_bonus":"","is_prod":false,"is_daily":true,"chose_seed":false,"campfire_upgraded":10,"win_rate":0,"timestamp":1570718194,"path_taken":["M","?","?","?","?","R","M","E","T","M","E","R","E","M","R","BOSS","M","?","?","M","$","R","M","R","T","R","M","R","$","?","R","BOSS","M","?","$","?","M","R","?","R","T","M"],"build_version":"2019-07-17","purchased_purges":2,"victory":false,"max_hp_per_floor":[80,80,80,80,80,80,80,80,80,80,80,80,80,80,80,80,80,80,56,56,56,56,56,56,56,63,63,63,63,63,63,63,63,63,63,63,63,63,63,63,63,63,63,63],"card_choices":[{"not_picked":["PiercingWail","Crippling Poison","Havoc"],"picked":"SKIP","floor":1.0},{"not_picked":["Accuracy","Leap"],"picked":"BootSequence","floor":4.0},{"not_picked":["Predator","Deadly Poison","Slice"],"picked":"SKIP","floor":7.0},{"not_picked":["Underhanded Strike","Choke"],"picked":"Deflect","floor":8.0},{"not_picked":["Quick Slash","Feel No Pain"],"picked":"Conserve Battery","floor":10.0},{"not_picked":["Blizzard","Dual Wield"],"picked":"Rebound","floor":11.0},{"not_picked":["Poisoned Stab","Body Slam"],"picked":"Hologram","floor":13.0},{"not_picked":["Double Energy","Dodge and Roll","Flying Knee"],"picked":"Coolheaded","floor":14.0},{"not_picked":["Amplify","Juggernaut","Malaise"],"picked":"Limit Break","floor":16.0},{"not_picked":["Accuracy","Anger","Bane","Barrage+1"],"picked":"SKIP","floor":18.0},{"not_picked":["Twin Strike+1","Quick Slash","Dash+1"],"picked":"Stack","floor":21.0},{"not_picked":["Corruption+1","Twin Strike+1","Streamline+1"],"picked":"Intimidate+1","floor":24.0},{"not_picked":["Escape Plan","Outmaneuver+1","Prepared"],"picked":"Go for the Eyes","floor":28.0},{"not_picked":["Buffer","Unload","Amplify"],"picked":"After Image","floor":33.0},{"not_picked":["Streamline","True Grit+1","Slice"],"picked":"Leap+1","floor":35.0},{"not_picked":["Poisoned Stab","Compile Driver","Electrodynamics"],"picked":"Dodge and Roll","floor":38},{"not_picked":["Sweeping Beam+1","Deadly Poison+1","True Grit+1"],"picked":"Heavy Blade","floor":39},{"not_picked":["Swift Strike","Trip","Dramatic Entrance"],"picked":"Finesse","floor":41}],"player_experience":147245,"relics_obtained":[{"floor":8.0,"key":"MawBank"},{"floor":9.0,"key":"War Paint"},{"floor":11.0,"key":"Omamori"},{"floor":13.0,"key":"Question Card"},{"floor":26.0,"key":"Strawberry"},{"floor":38,"key":"StoneCalendar"},{"floor":43,"key":"Anchor"}],"event_choices":[{"damage_healed":0.0,"max_hp_gain":0.0,"max_hp_loss":0.0,"gold_gain":0.0,"cards_transformed":["Deflect"],"event_name":"Transmorgrifier","player_choice":"Transformed","floor":3.0,"gold_loss":0.0,"damage_taken":0.0,"cards_obtained":["Armaments"]},{"damage_healed":0.0,"max_hp_gain":0.0,"max_hp_loss":0.0,"gold_gain":175.0,"event_name":"Liars Game","player_choice":"AGREE","floor":5.0,"gold_loss":0.0,"damage_taken":0.0,"cards_obtained":["Doubt"]},{"damage_healed":0.0,"max_hp_gain":0.0,"max_hp_loss":24.0,"gold_gain":0.0,"event_name":"Vampires","player_choice":"Became a vampire","floor":19.0,"gold_loss":0.0,"damage_taken":0.0,"cards_obtained":["Bite","Bite","Bite","Bite","Bite"]},{"damage_healed":0.0,"max_hp_gain":0.0,"max_hp_loss":0.0,"gold_gain":0.0,"event_name":"Drug Dealer","player_choice":"Inject Mutagens","floor":20.0,"gold_loss":0.0,"damage_taken":0.0,"relics_obtained":["MutagenicStrength"]},{"damage_healed":0.0,"max_hp_gain":0.0,"max_hp_loss":0.0,"gold_gain":0.0,"cards_transformed":["Rebound"],"event_name":"Transmorgrifier","player_choice":"Transformed","floor":31.0,"gold_loss":0.0,"damage_taken":0.0,"cards_obtained":["Go for the Eyes"]},{"cards_removed":["Panache"],"damage_healed":0.0,"max_hp_gain":0.0,"max_hp_loss":0.0,"gold_gain":0.0,"event_name":"Falling","player_choice":"Removed Power","floor":36.0,"gold_loss":0.0,"damage_taken":0.0},{"damage_healed":0,"gold_gain":0,"player_choice":"Fight","damage_taken":0,"max_hp_gain":0,"max_hp_loss":0,"event_name":"MindBloom","floor":38,"gold_loss":0},{"damage_healed":0,"gold_gain":0,"player_choice":"Memory 1","damage_taken":0,"max_hp_gain":0,"max_hp_loss":0,"event_name":"SensoryStone","floor":41,"gold_loss":0}],"is_beta":false,"boss_relics":[{"not_picked":["Orrery","Velvet Choker"],"picked":"Sozu"},{"not_picked":["Coffee Dripper","Philosopher\u0027s Stone"],"picked":"Cursed Key"}],"items_purged_floors":[22,30],"is_endless":false,"potions_floor_spawned":[1,10,11,18,24,28,39],"killed_by":"Sphere and 2 Shapes","ascension_level":0}