{"gold_per_floor":[113,133,147,147,159,223,235,264,264,31,46,46,46,46,58,173,185,215,247,275,306,318,348,360,385,449,477,489],"floor_reached":28,"playtime":1935,"items_purged":[],"score":261,"play_id":"209b4fc6-6ec2-4977-b2a3-68f7667aa7f0","local_time":"20190710111453","is_ascension_mode":false,"campfire_choices":[{"floor":13,"key":"REST"},{"floor":15,"key":"REST"},{"floor":24,"key":"REST"}],"neow_cost":"NONE","seed_source_timestamp":911998176499722,"circlet_count":0,"master_deck":["Strike_G","Strike_G","Strike_G","Strike_G","Strike_G","Defend_G","Defend_G","Defend_G","Defend_G","Defend_G","Survivor","Neutralize","Dagger Throw","Noxious Fumes","Cloak And Dagger+1","Bouncing Flask","Die Die Die","Slice","Bane","Leg Sweep","Dagger Spray","Bouncing Flask","Corpse Explosion","Blade Dance","Crippling Poison+1","Slice+1","Infinite Blades","Dagger Throw","Noxious Fumes+1","Endless Agony"],"relics":["Ring of the Snake","Tiny Chest","Dodecahedron","Calipers","Strawberry","MawBank","Philosopher\u0027s Stone","Art of War"],"potions_floor_usage":[6,8,8,19,21,27,27,27,28],"damage_taken":[{"damage":2,"enemies":"Jaw Worm","floor":1,"turns":4},{"damage":0,"enemies":"2 Louse","floor":2,"turns":4},{"damage":2,"enemies":"Small Slimes","floor":3,"turns":5},{"damage":11,"enemies":"Exordium Thugs","floor":5,"turns":5},{"damage":12,"enemies":"Lagavulin","floor":6,"turns":6},{"damage":7,"enemies":"Blue Slaver","floor":7,"turns":3},{"damage":15,"enemies":"3 Sentries","floor":8,"turns":4},{"damage":1,"enemies":"2 Fungi Beasts","floor":11,"turns":2},{"damage":44,"enemies":"Hexaghost","floor":16,"turns":8},{"damage":11,"enemies":"Shell Parasite","floor":18,"turns":4},{"damage":15,"enemies":"2 Thieves","floor":19,"turns":3},{"damage":12,"enemies":"Chosen and Byrds","floor":20,"turns":3},{"damage":11,"enemies":"Centurion and Healer","floor":21,"turns":4},{"damage":6,"enemies":"Snecko","floor":23,"turns":4},{"damage":63,"enemies":"Shelled Parasite and Fungi","floor":25,"turns":6},{"damage":5,"enemies":"Snake Plant","floor":27,"turns":3},{"damage":11,"enemies":"Snecko","floor":28,"turns":2}],"seed_played":"-2002970799487256196","potions_obtained":[{"floor":1,"key":"Block Potion"},{"floor":2,"key":"Strength Potion"},{"floor":6,"key":"Fire Potion"},{"floor":11,"key":"AttackPotion"},{"floor":18,"key":"Strength Potion"},{"floor":19,"key":"Regen Potion"},{"floor":22,"key":"Ancient Potion"},{"floor":22,"key":"Energy Potion"},{"floor":22,"key":"Poison Potion"},{"floor":27,"key":"Ancient Potion"}],"is_trial":false,"path_per_floor":["M","M","M","?","M","E","M","E","T","$","M","?","R","T","R","B",null,"M","M","M","M","?","M","R","M","T","M","M"],"character_chosen":"THE_SILENT","items_purchased":["Strawberry","Leg Sweep","Dagger Spray"],"campfire_rested":3,"item_purchase_floors":[10,10,10],"current_hp_per_floor":[75,75,73,78,67,55,48,33,33,40,39,39,65,65,89,45,89,78,63,51,49,49,43,69,6,6,1,0],"gold":489,"neow_bonus":"TEN_PERCENT_HP_BONUS","is_prod":false,"is_daily":false,"chose_seed":false,"campfire_upgraded":0,"win_rate":0.0,"timestamp":1562768093,"path_taken":["M","M","M","?","M","E","M","E","T","$","M","?","R","?","R","BOSS","M","M","M","M","?","M","R","M","T","M","M"],"build_version":"2019-07-05","purchased_purges":0,"victory":false,"max_hp_per_floor":[77,77,77,82,82,82,82,82,82,89,89,89,89,89,89,89,89,89,89,89,89,89,89,89,89,89,89,89],"card_choices":[{"not_picked":["Catalyst","Outmaneuver"],"picked":"Dagger Throw","floor":1},{"not_picked":["Dodge and Roll","Sucker Punch"],"picked":"Noxious Fumes","floor":2},{"not_picked":["Outmaneuver","Prepared"],"picked":"Cloak And Dagger","floor":3},{"not_picked":["Reflex","Leg Sweep"],"picked":"Bouncing Flask","floor":5},{"not_picked":["All Out Attack","Deadly Poison"],"picked":"Die Die Die","floor":6},{"not_picked":["Sucker Punch","Outmaneuver"],"picked":"Slice","floor":7},{"not_picked":["Distraction","Leg Sweep"],"picked":"Bane","floor":8},{"not_picked":["Dagger Spray","Tools of the Trade"],"picked":"Bouncing Flask","floor":11},{"not_picked":["After Image","Night Terror"],"picked":"Corpse Explosion","floor":16},{"not_picked":["Slice","Endless Agony+1"],"picked":"Blade Dance","floor":18},{"not_picked":["Acrobatics+1","Bouncing Flask"],"picked":"Crippling Poison+1","floor":19},{"not_picked":["Flying Knee","Poisoned Stab"],"picked":"Slice+1","floor":20},{"not_picked":["Riddle With Holes+1","Calculated Gamble"],"picked":"Infinite Blades","floor":21},{"not_picked":["Slice","Deflect"],"picked":"Dagger Throw","floor":23},{"not_picked":["Flying Knee","Quick Slash"],"picked":"Noxious Fumes+1","floor":25},{"not_picked":["Flechettes","Dagger Throw"],"picked":"Endless Agony","floor":27}],"player_experience":117301,"relics_obtained":[{"floor":6,"key":"Tiny Chest"},{"floor":8,"key":"Dodecahedron"},{"floor":9,"key":"Calipers"},{"floor":14,"key":"MawBank"},{"floor":26,"key":"Art of War"}],"event_choices":[{"damage_healed":0,"gold_gain":0,"player_choice":"Donut","damage_taken":0,"max_hp_gain":5,"max_hp_loss":0,"event_name":"Big Fish","floor":4,"gold_loss":0},{"damage_healed":0,"gold_gain":0,"player_choice":"Grow","damage_taken":0,"max_hp_gain":0,"max_hp_loss":0,"event_name":"Living Wall","floor":12,"gold_loss":0,"cards_upgraded":["Cloak And Dagger"]},{"damage_healed":0,"gold_gain":0,"player_choice":"Got Potions","damage_taken":0,"max_hp_gain":0,"max_hp_loss":0,"event_name":"Lab","floor":22,"gold_loss":0}],"is_beta":false,"boss_relics":[{"not_picked":["Snecko Eye","Tiny House"],"picked":"Philosopher\u0027s Stone"}],"items_purged_floors":[],"is_endless":false,"potions_floor_spawned":[1,2,6,11,18,19,27],"killed_by":"Snecko","ascension_level":0}