{"gold_per_floor":[362,51,68,68,12,39,39,69,93,93,109,138,148,148,148,225,225,241,166,184,25,25,56,56,56,56,56,67,81,114,114,114,193,193,206,99,99,99,99,134,134,151,197,197,230,247,261,279,279,279],"floor_reached":50,"playtime":7204,"items_purged":["Strike_P"],"score":1162,"play_id":"9607f998-0993-42f6-ac89-fcae323b62b2","local_time":"20191001212335","is_ascension_mode":true,"campfire_choices":[{"data":"Eruption","floor":7,"key":"SMITH"},{"data":"Judgement","floor":10,"key":"SMITH"},{"data":"Devotion","floor":15,"key":"SMITH"},{"data":"Crescendo","floor":24,"key":"SMITH"},{"floor":27,"key":"REST"},{"floor":32,"key":"REST"},{"data":"Meditate","floor":41,"key":"SMITH"},{"data":"EmptyMind","floor":44,"key":"SMITH"},{"floor":49,"key":"RECALL"}],"neow_cost":"PERCENT_DAMAGE","seed_source_timestamp":5231289814846,"circlet_count":0,"master_deck":["AscendersBane","Strike_P","Strike_P","Defend_P","Defend_P","Defend_P","Defend_P","Eruption+1","Vigilance","WheelKick+1","FearNoEvil","Sanctity","Crescendo+1","Judgement+1","CutThroughFate","Devotion+1","EmptyMind+1","CurseOfTheBell","EmptyBody","SashWhip+1","Tantrum+1","Protect","EmptyFist+1","Dark Shackles","Trip","Finesse","Secret Weapon","Meditate+1","SashWhip+1","Protect","TalkToTheHand+1","Sanctity","DeceiveReality+1"],"relics":["PureWater","Centennial Puzzle","Akabeko","Boot","Anchor","StoneCalendar","Calling Bell","TungstenRod","Lantern","Molten Egg 2","InkBottle","Happy Flower","Blood Vial","Sozu","Ancient Tea Set","Dream Catcher"],"potions_floor_usage":[6,8,20,23,23,33,33],"damage_taken":[{"damage":4,"enemies":"Jaw Worm","floor":1,"turns":5},{"damage":0,"enemies":"2 Louse","floor":3,"turns":3},{"damage":10,"enemies":"Gremlin Nob","floor":6,"turns":3},{"damage":0,"enemies":"Lagavulin","floor":8,"turns":3},{"damage":0,"enemies":"Small Slimes","floor":11,"turns":1},{"damage":14,"enemies":"Gremlin Nob","floor":12,"turns":3},{"damage":0,"enemies":"Exordium Thugs","floor":13,"turns":2},{"damage":19,"enemies":"Slime Boss","floor":16,"turns":5},{"damage":0,"enemies":"Spheric Guardian","floor":18,"turns":1},{"damage":0,"enemies":"Chosen","floor":20,"turns":3},{"damage":34,"enemies":"Book of Stabbing","floor":23,"turns":5},{"damage":12,"enemies":"Snake Plant","floor":28,"turns":2},{"damage":2,"enemies":"Snecko","floor":29,"turns":5},{"damage":18,"enemies":"Gremlin Leader","floor":30,"turns":4},{"damage":22,"enemies":"Automaton","floor":33,"turns":5},{"damage":0,"enemies":"Orb Walker","floor":35,"turns":1},{"damage":12,"enemies":"Giant Head","floor":40,"turns":5},{"damage":0,"enemies":"3 Darklings","floor":42,"turns":3},{"damage":3,"enemies":"Nemesis","floor":45,"turns":3},{"damage":0,"enemies":"Writhing Mass","floor":46,"turns":2},{"damage":0,"enemies":"4 Shapes","floor":47,"turns":7},{"damage":0,"enemies":"Transient","floor":48,"turns":6},{"damage":57,"enemies":"Awakened One","floor":50,"turns":34}],"seed_played":"77878876561907280","potions_obtained":[{"floor":11,"key":"Fire Potion"},{"floor":12,"key":"Strength Potion"},{"floor":23,"key":"PowerPotion"},{"floor":28,"key":"BottledMiracle"}],"is_trial":false,"path_per_floor":["M","$","M","?","$","E","R","E","T","R","M","E","M","?","R","B",null,"M","?","M","$","?","E","R","?","T","R","M","M","E","?","R","B",null,"M","$","?","?","?","E","R","M","T","R","E","M","M","M","R","B"],"character_chosen":"WATCHER","items_purchased":["Centennial Puzzle","FearNoEvil","Ambrosia","SteroidPotion","DuplicationPotion","Dark Shackles"],"campfire_rested":2,"item_purchase_floors":[2,2,2,5,21,36],"current_hp_per_floor":[39,39,39,44,44,34,34,34,34,34,34,20,20,20,20,1,55,55,55,55,55,55,21,21,36,36,57,45,43,25,25,46,26,61,63,63,63,54,54,44,44,46,46,46,45,47,49,51,51,0],"gold":279,"neow_bonus":"TWO_FIFTY_GOLD","is_prod":false,"is_daily":false,"chose_seed":false,"campfire_upgraded":6,"win_rate":0,"timestamp":1569918215,"path_taken":["M","$","M","?","$","E","R","E","T","R","M","E","M","?","R","BOSS","M","?","M","$","?","E","R","?","T","R","M","?","E","?","R","BOSS","M","$","?","?","?","E","R","M","T","R","E","M","M","?","R","BOSS"],"build_version":"2019-09-27","purchased_purges":1,"victory":false,"max_hp_per_floor":[68,68,68,73,73,73,73,73,73,73,73,73,73,73,73,73,73,73,73,73,73,73,73,73,73,73,73,73,73,73,73,73,73,73,73,73,73,73,69,69,69,69,69,69,69,69,69,69,69,69],"card_choices":[{"not_picked":["ClearTheMind","Consecrate"],"picked":"WheelKick","floor":1},{"not_picked":["ThirdEye","ClearTheMind"],"picked":"Sanctity","floor":3},{"not_picked":["CrushJoints","InnerPeace"],"picked":"Crescendo","floor":6},{"not_picked":["CutThroughFate","Vengeance"],"picked":"Judgement","floor":8},{"not_picked":["FollowUp","CarveReality"],"picked":"CutThroughFate","floor":11},{"not_picked":["Halt","Adaptation"],"picked":"Devotion","floor":12},{"not_picked":["CarveReality","Halt"],"picked":"EmptyMind","floor":13},{"not_picked":["TalkToTheHand+1","FollowUp+1"],"picked":"EmptyBody","floor":18},{"not_picked":["FlurryOfBlows+1","EmptyBody"],"picked":"SashWhip+1","floor":20},{"not_picked":["Prostrate","CutThroughFate+1"],"picked":"Tantrum+1","floor":23},{"not_picked":["MasterReality","Crescendo+1"],"picked":"Protect","floor":28},{"not_picked":["Crescendo","CrushJoints+1","FlyingSleeves+1"],"picked":"SKIP","floor":29},{"not_picked":["InnerPeace+1","Indignation"],"picked":"EmptyFist+1","floor":30},{"not_picked":["Indignation","Collect"],"picked":"Sanctity","floor":35},{"not_picked":["Flash of Steel+1","Blind"],"picked":"Trip","floor":38},{"not_picked":["Thinking Ahead","Impatience"],"picked":"Finesse","floor":38},{"not_picked":["Panacea","Metamorphosis"],"picked":"Secret Weapon","floor":38},{"not_picked":["PathToVictory","DevaForm"],"picked":"Meditate","floor":40},{"not_picked":["BowlingBash+1","Crescendo"],"picked":"SashWhip+1","floor":42},{"not_picked":["FearNoEvil+1","Evaluate"],"picked":"Protect","floor":45},{"not_picked":["FollowUp+1","MentalFortress"],"picked":"TalkToTheHand+1","floor":46},{"not_picked":["Worship","WreathOfFlame"],"picked":"Sanctity","floor":47},{"not_picked":["Consecrate+1","Collect"],"picked":"DeceiveReality+1","floor":48}],"player_experience":1385923,"relics_obtained":[{"floor":6,"key":"Akabeko"},{"floor":8,"key":"Boot"},{"floor":9,"key":"Anchor"},{"floor":12,"key":"StoneCalendar"},{"floor":17,"key":"TungstenRod"},{"floor":17,"key":"Lantern"},{"floor":17,"key":"Molten Egg 2"},{"floor":23,"key":"InkBottle"},{"floor":26,"key":"Happy Flower"},{"floor":30,"key":"Blood Vial"},{"floor":40,"key":"Ancient Tea Set"},{"floor":45,"key":"Dream Catcher"}],"event_choices":[{"damage_healed":0,"gold_gain":0,"player_choice":"Donut","damage_taken":0,"max_hp_gain":5,"max_hp_loss":0,"event_name":"Big Fish","floor":4,"gold_loss":0},{"damage_healed":0,"gold_gain":0,"player_choice":"Grow","damage_taken":0,"max_hp_gain":0,"max_hp_loss":0,"event_name":"Living Wall","floor":14,"gold_loss":0,"cards_upgraded":["WheelKick"]},{"cards_removed":["Strike_P"],"damage_healed":0,"gold_gain":0,"player_choice":"Gave Gold","damage_taken":0,"max_hp_gain":0,"max_hp_loss":0,"event_name":"Beggar","floor":19,"gold_loss":75},{"damage_healed":0,"gold_gain":0,"player_choice":"Ignored","damage_taken":0,"max_hp_gain":0,"max_hp_loss":0,"event_name":"The Mausoleum","floor":22,"gold_loss":0},{"damage_healed":15,"gold_gain":0,"player_choice":"Heal","damage_taken":0,"max_hp_gain":0,"max_hp_loss":0,"event_name":"The Library","floor":25,"gold_loss":0},{"damage_healed":0,"gold_gain":0,"player_choice":"Ignored","damage_taken":0,"max_hp_gain":0,"max_hp_loss":0,"event_name":"Ghosts","floor":31,"gold_loss":0},{"cards_removed":["Sanctity"],"damage_healed":0,"gold_gain":0,"player_choice":"Removed Skill","damage_taken":0,"max_hp_gain":0,"max_hp_loss":0,"event_name":"Falling","floor":37,"gold_loss":0},{"damage_healed":0,"gold_gain":0,"player_choice":"Memory 3","damage_taken":10,"max_hp_gain":0,"max_hp_loss":0,"event_name":"SensoryStone","floor":38,"gold_loss":0},{"damage_healed":0,"gold_gain":0,"player_choice":"Max HP","damage_taken":0,"max_hp_gain":0,"max_hp_loss":4,"event_name":"Winding Halls","floor":39,"gold_loss":0}],"is_beta":true,"boss_relics":[{"not_picked":["Tiny House","Philosopher\u0027s Stone"],"picked":"Calling Bell"},{"not_picked":["Empty Cage","SacredBark"],"picked":"Sozu"}],"items_purged_floors":[21],"is_endless":false,"potions_floor_spawned":[11,12,13,23,28,30,40,42,47],"killed_by":"Awakened One","ascension_level":20}