{"gold_per_floor":[114,132,145,155,171,171,197,215,215,215,227,227,227,245,245,336,336,352,368,382,396,396,396,409,434,434,434,434,89,89],"floor_reached":30,"playtime":3063,"items_purged":["Writhe"],"score":405,"play_id":"c6a6e05a-3c79-439e-b056-9ed6f67484c6","local_time":"20190109215840","is_ascension_mode":true,"campfire_choices":[{"floor":6,"key":"REST"},{"floor":10,"key":"REST"},{"floor":15,"key":"REST"},{"floor":23,"key":"REST"},{"floor":27,"key":"REST"}],"neow_cost":"NONE","seed_source_timestamp":318319877192310,"circlet_count":0,"master_deck":["AscendersBane","Defend_G","Defend_G","Defend_G","Defend_G","Defend_G","Strike_G","Strike_G","Strike_G","Strike_G","Strike_G","Survivor","Neutralize","Glass Knife","Backstab","Backflip","Dagger Throw","Dagger Spray","Leg Sweep","Well Laid Plans","Poisoned Stab","Slice","Blur","Bullet Time","Cloak And Dagger","Quick Slash","Deflect+1","Quick Slash","Malaise","Apotheosis","Trip","Bouncing Flask"],"relics":["Ring of the Snake","Shuriken","Bottled Tornado","Golden Idol","Cursed Key","The Courier"],"potions_floor_usage":[4,7,7,21],"damage_taken":[{"damage":0,"enemies":"2 Louse","floor":1,"turns":3},{"damage":1,"enemies":"Jaw Worm","floor":2,"turns":2},{"damage":1,"enemies":"Small Slimes","floor":3,"turns":3},{"damage":3,"enemies":"Blue Slaver","floor":4,"turns":3},{"damage":16,"enemies":"Exordium Wildlife","floor":5,"turns":6},{"damage":43,"enemies":"Gremlin Nob","floor":7,"turns":6},{"damage":0,"enemies":"Looter","floor":8,"turns":3},{"damage":7,"enemies":"Large Slime","floor":11,"turns":7},{"damage":10,"enemies":"Lots of Slimes","floor":14,"turns":4},{"damage":9,"enemies":"The Guardian","floor":16,"turns":13},{"damage":8,"enemies":"2 Thieves","floor":18,"turns":4},{"damage":0,"enemies":"3 Byrds","floor":19,"turns":6},{"damage":7,"enemies":"Cultist and Chosen","floor":20,"turns":8},{"damage":4,"enemies":"Chosen and Byrds","floor":21,"turns":6},{"damage":37,"enemies":"Snake Plant","floor":24,"turns":5},{"damage":9,"enemies":"Centurion and Healer","floor":25,"turns":7},{"damage":26,"enemies":"Shelled Parasite and Fungi","floor":30,"turns":3}],"seed_played":"4461519068974518504","potions_obtained":[{"floor":2,"key":"SkillPotion"},{"floor":3,"key":"LiquidBronze"},{"floor":4,"key":"Swift Potion"},{"floor":5,"key":"AttackPotion"},{"floor":16,"key":"Swift Potion"}],"is_trial":false,"path_per_floor":["M","M","M","M","M","R","E","M","T","R","M","?","?","M","R","B",null,"M","M","M","M","?","R","M","M","T","R","?","$","M"],"character_chosen":"THE_SILENT","items_purchased":["Apotheosis","Trip","Bouncing Flask"],"campfire_rested":5,"item_purchase_floors":[29,29,29],"current_hp_per_floor":[59,58,57,54,38,57,14,14,14,33,26,26,26,16,34,25,52,44,44,37,33,33,51,14,5,5,23,23,23,0],"gold":89,"neow_bonus":"ONE_RANDOM_RARE_CARD","is_prod":false,"is_daily":false,"chose_seed":false,"campfire_upgraded":0,"win_rate":0,"timestamp":1547089120,"path_taken":["M","M","M","M","M","R","E","M","T","R","M","?","?","M","R","BOSS","M","M","M","M","?","R","M","M","T","R","?","$","M"],"build_version":"2019-01-03v4","purchased_purges":1,"victory":false,"max_hp_per_floor":[66,66,66,66,66,66,66,66,66,66,66,61,61,61,61,61,61,61,61,61,61,61,61,61,61,61,61,61,61,61],"card_choices":[{"not_picked":["Blade Dance","Skewer"],"picked":"Backstab","floor":1},{"not_picked":["Concentrate","Calculated Gamble"],"picked":"Backflip","floor":2},{"not_picked":["Storm of Steel","Underhanded Strike"],"picked":"Dagger Throw","floor":3},{"not_picked":["Flying Knee","Heel Hook"],"picked":"Dagger Spray","floor":4},{"not_picked":["PiercingWail","Prepared"],"picked":"Leg Sweep","floor":5},{"not_picked":["Backstab","Backflip"],"picked":"Well Laid Plans","floor":7},{"not_picked":["Catalyst","Backstab"],"picked":"Poisoned Stab","floor":8},{"not_picked":["Dagger Spray","Sucker Punch"],"picked":"Slice","floor":11},{"not_picked":["Riddle With Holes","Eviscerate"],"picked":"Blur","floor":14},{"not_picked":["Unload","Glass Knife"],"picked":"Bullet Time","floor":16},{"not_picked":["Deflect","Poisoned Stab"],"picked":"Cloak And Dagger","floor":18},{"not_picked":["Bane","Reflex"],"picked":"Quick Slash","floor":19},{"not_picked":["Outmaneuver","PiercingWail"],"picked":"Deflect+1","floor":20},{"not_picked":["Poisoned Stab","Flying Knee"],"picked":"Quick Slash","floor":21},{"not_picked":["Sucker Punch","Acrobatics","Dagger Spray"],"picked":"SKIP","floor":24},{"not_picked":["Sucker Punch","Acrobatics","Dagger Spray"],"picked":"SKIP","floor":24},{"not_picked":["Endless Agony","Well Laid Plans"],"picked":"Malaise","floor":25}],"player_experience":2178843,"relics_obtained":[{"floor":7,"key":"Shuriken"},{"floor":9,"key":"Bottled Tornado"},{"floor":26,"key":"The Courier"}],"event_choices":[{"damage_healed":0,"gold_gain":0,"player_choice":"Lose Max HP","damage_taken":0,"relics_obtained":["Golden Idol"],"max_hp_gain":0,"max_hp_loss":5,"event_name":"Golden Idol","floor":12,"gold_loss":0},{"damage_healed":0,"gold_gain":0,"player_choice":"Ignored","damage_taken":0,"max_hp_gain":0,"max_hp_loss":0,"event_name":"Liars Game","floor":13,"gold_loss":0},{"damage_healed":0,"gold_gain":0,"player_choice":"Ignored","damage_taken":0,"max_hp_gain":0,"max_hp_loss":0,"event_name":"Ghosts","floor":22,"gold_loss":0},{"damage_healed":0,"gold_gain":0,"player_choice":"Ignored","damage_taken":0,"max_hp_gain":0,"max_hp_loss":0,"event_name":"Vampires","floor":28,"gold_loss":0}],"is_beta":false,"boss_relics":[{"not_picked":["Astrolabe","Snecko Eye"],"picked":"Cursed Key"}],"items_purged_floors":[29],"is_endless":false,"potions_floor_spawned":[2,3,4,5,16],"killed_by":"Shelled Parasite and Fungi","ascension_level":14}