{"gold_per_floor":[16,16,32,307,317,3,3,20,20,20,20,31,48,12,12,116,116,136,51,51,63,162,162,192,192,243,243,268,284,284,284,284,284],"floor_reached":33,"playtime":4061,"items_purged":["Regret"],"score":382,"play_id":"9eed8298-cfd3-431a-a8ee-2540f8827ada","local_time":"20180907211605","is_ascension_mode":true,"campfire_choices":[{"floor":7,"key":"REST"},{"data":"Neutralize","floor":10,"key":"SMITH"},{"data":"Skewer","floor":15,"key":"SMITH"},{"data":"Terror","floor":23,"key":"SMITH"},{"floor":27,"key":"REST"},{"floor":30,"key":"REST"},{"floor":32,"key":"REST"}],"neow_cost":"NO_GOLD","seed_source_timestamp":20322389181957,"circlet_count":0,"master_deck":["Defend_G+1","Defend_G","Defend_G+1","Defend_G","Defend_G","Strike_G","Strike_G","Strike_G","Strike_G","Survivor","Neutralize+1","Dodge and Roll","Outmaneuver","Caltrops","Well Laid Plans+1","Outmaneuver","Quick Slash","Riddle With Holes","Terror+1","Skewer+1","Die Die Die","Flechettes+1","Dodge and Roll","Backflip","Concentrate+1","Caltrops"],"relics":["Ring of the Snake","Happy Flower","Ornamental Fan","Busted Crown","Sundial","Question Card","Singing Bowl","Lantern","Prayer Wheel"],"potions_floor_usage":[16,18,24,28],"damage_taken":[{"damage":1,"enemies":"Cultist","floor":1,"turns":3},{"damage":1,"enemies":"Small Slimes","floor":3,"turns":5},{"damage":17,"enemies":"Jaw Worm","floor":5,"turns":8},{"damage":1,"enemies":"Red Slaver","floor":8,"turns":6},{"damage":1,"enemies":"Blue Slaver","floor":12,"turns":5},{"damage":4,"enemies":"Exordium Thugs","floor":13,"turns":6},{"damage":5,"enemies":"The Guardian","floor":16,"turns":9},{"damage":14,"enemies":"3 Byrds","floor":18,"turns":4},{"damage":0,"enemies":"Chosen","floor":21,"turns":4},{"damage":14,"enemies":"Book of Stabbing","floor":24,"turns":4},{"damage":24,"enemies":"Slavers","floor":28,"turns":4},{"damage":14,"enemies":"Snake Plant","floor":29,"turns":3},{"damage":132,"enemies":"Automaton","floor":33,"turns":12}],"seed_played":"3496762409231654221","potions_obtained":[{"floor":12,"key":"Weak Potion"},{"floor":16,"key":"Swift Potion"},{"floor":21,"key":"LiquidBronze"},{"floor":24,"key":"Swift Potion"}],"is_trial":false,"path_per_floor":["M","?","M","?","M","$","R","M","T","R","?","M","M","$","R","B",null,"M","?","?","M","?","R","E","T","T","R","E","M","R","?","R"],"character_chosen":"THE_SILENT","items_purchased":["Happy Flower","Well Laid Plans","Outmaneuver","Skewer"],"campfire_rested":4,"item_purchase_floors":[6,6,6,14],"current_hp_per_floor":[76,59,58,58,41,41,66,65,65,65,65,64,60,60,60,55,77,63,63,63,63,63,63,49,49,49,74,50,36,61,61,84,0],"gold":284,"neow_bonus":"TWENTY_PERCENT_HP_BONUS","is_prod":false,"is_daily":false,"chose_seed":false,"campfire_upgraded":3,"win_rate":0,"timestamp":1536369365,"path_taken":["M","?","?","?","M","$","R","?","T","R","?","M","M","$","R","BOSS","M","?","?","M","?","R","E","?","T","R","E","?","R","?","R","BOSS"],"build_version":"2018-08-23v2","purchased_purges":1,"victory":false,"max_hp_per_floor":[84,84,84,84,84,84,84,84,84,84,84,84,84,84,84,84,84,84,84,84,84,84,84,84,84,84,84,84,84,84,84,84,84],"card_choices":[{"not_picked":["Underhanded Strike","Concentrate"],"picked":"Dodge and Roll","floor":1},{"not_picked":["Backflip","Dagger Spray"],"picked":"Outmaneuver","floor":3},{"not_picked":["Acrobatics","Underhanded Strike"],"picked":"Caltrops","floor":5},{"not_picked":["Cloak And Dagger","PiercingWail"],"picked":"Quick Slash","floor":8},{"not_picked":["Sucker Punch","Escape Plan"],"picked":"Riddle With Holes","floor":12},{"not_picked":["Sucker Punch","Well Laid Plans"],"picked":"Terror","floor":13},{"not_picked":["Tools of the Trade","Venomology"],"picked":"Die Die Die","floor":16},{"not_picked":[],"picked":"Flechettes+1","floor":18},{"not_picked":["Eviscerate"],"picked":"SKIP","floor":21},{"not_picked":[],"picked":"Dodge and Roll","floor":24},{"not_picked":["Eviscerate"],"picked":"Backflip","floor":28},{"not_picked":["Dodge and Roll"],"picked":"Concentrate+1","floor":29},{"not_picked":["Predator"],"picked":"Caltrops","floor":29}],"player_experience":1666240,"relics_obtained":[{"floor":9,"key":"Ornamental Fan"},{"floor":24,"key":"Question Card"},{"floor":25,"key":"Singing Bowl"},{"floor":26,"key":"Lantern"},{"floor":28,"key":"Prayer Wheel"}],"event_choices":[{"event_name":"Shining Light","player_choice":"Entered Light","floor":2,"damage_taken":0},{"event_name":"Golden Shrine","player_choice":"Desecrate","floor":4,"damage_taken":0},{"event_name":"Dead Adventurer","player_choice":"Searched \u00271\u0027 times","floor":11,"damage_taken":0},{"event_name":"Addict","player_choice":"Obtained Relic","floor":19,"damage_taken":0},{"event_name":"Purifier","player_choice":"One Purge","floor":20,"damage_taken":0},{"event_name":"Nest","player_choice":"Stole From Cult","floor":22,"damage_taken":0},{"event_name":"Upgrade Shrine","player_choice":"Upgraded","floor":31,"damage_taken":0}],"is_beta":false,"boss_relics":[{"not_picked":["Orrery","Tiny House"],"picked":"Busted Crown"}],"items_purged_floors":[6],"is_endless":false,"potions_floor_spawned":[12,16,21,24],"killed_by":"Automaton","ascension_level":8}