{"gold_per_floor":[119,134,150,162,182,207,207,224,250,250,276,294,294,305,305,382,382,395,413,413,413,33,33,66,66,66,66],"floor_reached":27,"playtime":2056,"items_purged":[],"score":490,"play_id":"d2670453-d35d-42ca-ade3-b252323e708d","local_time":"20190807232958","is_ascension_mode":true,"campfire_choices":[{"data":"Intimidate","floor":7.0,"key":"SMITH"},{"data":"Rampage","floor":10.0,"key":"SMITH"},{"data":"Combust","floor":13,"key":"SMITH"},{"data":"Cleave","floor":15,"key":"SMITH"},{"floor":23,"key":"REST"},{"data":"Limit Break","floor":25,"key":"SMITH"}],"neow_cost":"NONE","seed_source_timestamp":562588742831228,"circlet_count":0,"master_deck":["AscendersBane","Strike_R","Strike_R","Strike_R","Defend_R","Defend_R","Defend_R","Defend_R","Bash","Inflame","Intimidate+1","Sword Boomerang","Spot Weakness","Inflame","Shrug It Off","Rampage+1","Combust+1","Cleave+1","Limit Break+1","Rupture","Hemokinesis","RitualDagger","Flex","Rupture","Shockwave"],"special_seed":0,"relics":["Burning Blood","Anchor","Smiling Mask","Omamori","Boot","Empty Cage","Meat on the Bone","Bag of Preparation","Ornamental Fan"],"potions_floor_usage":[11,16,19,19,24],"damage_taken":[{"damage":2.0,"enemies":"Jaw Worm","floor":1.0,"turns":2.0},{"damage":2.0,"enemies":"Cultist","floor":2.0,"turns":4.0},{"damage":5.0,"enemies":"2 Louse","floor":3.0,"turns":3.0},{"damage":6.0,"enemies":"Exordium Thugs","floor":4.0,"turns":4.0},{"damage":11.0,"enemies":"2 Fungi Beasts","floor":5.0,"turns":4.0},{"damage":14.0,"enemies":"Lagavulin","floor":6.0,"turns":5.0},{"damage":4.0,"enemies":"Looter","floor":8.0,"turns":3.0},{"damage":8,"enemies":"Gremlin Nob","floor":11,"turns":3},{"damage":3,"enemies":"Large Slime","floor":12,"turns":5},{"damage":3,"enemies":"Exordium Wildlife","floor":14,"turns":4},{"damage":18,"enemies":"Slime Boss","floor":16,"turns":7},{"damage":30,"enemies":"Chosen","floor":18,"turns":5},{"damage":20,"enemies":"Spheric Guardian","floor":19,"turns":5},{"damage":48,"enemies":"Slavers","floor":24,"turns":3},{"damage":29,"enemies":"Centurion and Healer","floor":27,"turns":4}],"seed_played":"3340737188744700035","potions_obtained":[{"floor":2.0,"key":"Dexterity Potion"},{"floor":3.0,"key":"Energy Potion"},{"floor":8.0,"key":"FearPotion"},{"floor":12,"key":"EssenceOfSteel"},{"floor":18,"key":"EntropicBrew"},{"floor":19,"key":"PowerPotion"}],"is_trial":false,"path_per_floor":["M","M","M","M","M","E","R","M","T","R","E","M","R","M","R","B",null,"M","M","?","?","$","R","E","R","T","M"],"character_chosen":"IRONCLAD","items_purchased":["Meat on the Bone","Flex","Rupture"],"campfire_rested":1,"item_purchase_floors":[22,22,22],"current_hp_per_floor":[72,75,75,75,70,62,62,64,64,64,62,65,65,68,68,56,70,46,32,26,26,26,48,25,25,25,0],"gold":66,"neow_bonus":"RANDOM_COMMON_RELIC","is_prod":false,"is_daily":false,"chose_seed":false,"campfire_upgraded":5,"win_rate":0,"timestamp":1565234998,"path_taken":["M","M","M","M","M","E","R","M","T","R","E","M","R","M","R","BOSS","M","M","?","?","?","R","E","R","T","M"],"build_version":"2019-01-23","purchased_purges":0,"victory":false,"max_hp_per_floor":[75,75,75,75,75,75,75,75,75,75,75,75,75,75,75,75,75,75,75,75,75,75,75,75,75,75,75],"card_choices":[{"not_picked":["Twin Strike","Iron Wave"],"picked":"Inflame","floor":1.0},{"not_picked":["Flex","Heavy Blade"],"picked":"Intimidate","floor":2.0},{"not_picked":["Berserk","Iron Wave"],"picked":"Sword Boomerang","floor":3.0},{"not_picked":["Sword Boomerang","Uppercut"],"picked":"Spot Weakness","floor":4.0},{"not_picked":["Heavy Blade","Havoc"],"picked":"Inflame","floor":5.0},{"not_picked":["Warcry","Havoc"],"picked":"Shrug It Off","floor":6.0},{"not_picked":["Headbutt","Body Slam"],"picked":"Rampage","floor":8.0},{"not_picked":["Shrug It Off","Rupture","Dark Embrace"],"picked":"SKIP","floor":11},{"not_picked":["Warcry","Wild Strike"],"picked":"Combust","floor":12},{"not_picked":["Sword Boomerang","Heavy Blade"],"picked":"Cleave","floor":14},{"not_picked":["Juggernaut","Berserk"],"picked":"Limit Break","floor":16},{"not_picked":["Perfected Strike","Clothesline"],"picked":"Rupture","floor":18},{"not_picked":["Whirlwind","Infernal Blade"],"picked":"Hemokinesis","floor":19},{"not_picked":["Iron Wave","Body Slam"],"picked":"Shockwave","floor":24}],"player_experience":2770884,"relics_obtained":[{"floor":6.0,"key":"Smiling Mask"},{"floor":9.0,"key":"Omamori"},{"floor":11,"key":"Boot"},{"floor":24,"key":"Bag of Preparation"},{"floor":26,"key":"Ornamental Fan"}],"event_choices":[{"damage_healed":0,"gold_gain":0,"player_choice":"Joined the Cult","damage_taken":6,"max_hp_gain":0,"max_hp_loss":0,"event_name":"Nest","floor":20,"gold_loss":0,"cards_obtained":["RitualDagger"]},{"damage_healed":0,"gold_gain":0,"player_choice":"Ignored","damage_taken":0,"max_hp_gain":0,"max_hp_loss":0,"event_name":"Cursed Tome","floor":21,"gold_loss":0}],"is_beta":false,"boss_relics":[{"not_picked":["Orrery","Black Star"],"picked":"Empty Cage"}],"items_purged_floors":[],"is_endless":false,"potions_floor_spawned":[2,3,4,8,12,14,18,19],"killed_by":"Centurion and Healer","ascension_level":20}