{"gold_per_floor":[117,129,148,161,171,190,47,67,91,102,102,120,120,120,120,120],"floor_reached":16,"playtime":919,"items_purged":[],"score":98,"play_id":"7e421822-3a36-4881-85dd-8e895015f6ea","local_time":"20190626180601","is_ascension_mode":false,"campfire_choices":[{"floor":15,"key":"REST"}],"neow_cost":"NONE","seed_source_timestamp":588560702878954,"circlet_count":0,"master_deck":["Strike_R","Strike_R","Strike_R","Strike_R","Strike_R","Defend_R","Defend_R","Defend_R","Defend_R","Bash","Blood for Blood","Twin Strike","Thunderclap","Hemokinesis","Iron Wave","Double Tap","Clothesline","Hemokinesis","Armaments","Perfected Strike","Twin Strike","Heavy Blade","Cleave"],"relics":["Burning Blood","Bag of Preparation","NlothsMask"],"potions_floor_usage":[16,16,16],"damage_taken":[{"damage":5,"enemies":"2 Louse","floor":1,"turns":3},{"damage":7,"enemies":"Small Slimes","floor":2,"turns":3},{"damage":1,"enemies":"Cultist","floor":3,"turns":3},{"damage":29,"enemies":"Large Slime","floor":4,"turns":5},{"damage":14,"enemies":"Red Slaver","floor":5,"turns":3},{"damage":13,"enemies":"Exordium Wildlife","floor":6,"turns":3},{"damage":18,"enemies":"3 Louse","floor":8,"turns":3},{"damage":9,"enemies":"Blue Slaver","floor":10,"turns":4},{"damage":16,"enemies":"Gremlin Gang","floor":12,"turns":3},{"damage":42,"enemies":"Hexaghost","floor":16,"turns":8}],"seed_played":"-8438823874236921998","potions_obtained":[{"floor":4,"key":"Strength Potion"},{"floor":5,"key":"Explosive Potion"},{"floor":8,"key":"Poison Potion"}],"is_trial":false,"path_per_floor":["M","M","M","M","M","M","$","M","T","M","?","M","?","?","R","B"],"character_chosen":"IRONCLAD","items_purchased":["Hemokinesis","Armaments","Perfected Strike"],"campfire_rested":1,"item_purchase_floors":[7,7,7],"current_hp_per_floor":[80,79,80,57,49,42,42,30,30,27,27,17,17,17,41,0],"gold":120,"neow_bonus":"THREE_CARDS","is_prod":false,"is_daily":false,"chose_seed":false,"campfire_upgraded":0,"win_rate":0.0,"timestamp":1561583161,"path_taken":["M","M","M","M","M","M","$","M","T","M","?","M","?","?","R","BOSS"],"build_version":"2019-01-23","purchased_purges":0,"victory":false,"max_hp_per_floor":[80,80,80,80,80,80,80,80,80,80,80,80,80,80,80,80],"card_choices":[{"not_picked":["Armaments","Pummel"],"picked":"Blood for Blood","floor":0},{"not_picked":["Iron Wave","Thunderclap"],"picked":"Twin Strike","floor":1},{"not_picked":["Clothesline","Dual Wield"],"picked":"Thunderclap","floor":2},{"not_picked":["Dual Wield","Burning Pact"],"picked":"Hemokinesis","floor":3},{"not_picked":["True Grit","Sever Soul"],"picked":"Iron Wave","floor":4},{"not_picked":["Anger","Shrug It Off"],"picked":"Double Tap","floor":5},{"not_picked":["Flame Barrier","Warcry"],"picked":"Clothesline","floor":6},{"not_picked":["Thunderclap","Second Wind"],"picked":"Twin Strike","floor":8},{"not_picked":["Headbutt","Rage"],"picked":"Heavy Blade","floor":10},{"not_picked":["Clash","Perfected Strike"],"picked":"Cleave","floor":12}],"player_experience":14445,"relics_obtained":[{"floor":9,"key":"Bag of Preparation"}],"event_choices":[{"damage_healed":0,"gold_gain":0,"player_choice":"Fled","damage_taken":0,"max_hp_gain":0,"max_hp_loss":0,"event_name":"Scrap Ooze","floor":11,"gold_loss":0},{"damage_healed":0,"gold_gain":0,"player_choice":"Ignored","damage_taken":0,"max_hp_gain":0,"max_hp_loss":0,"event_name":"Liars Game","floor":13,"gold_loss":0},{"damage_healed":0,"gold_gain":0,"player_choice":"Trade","damage_taken":0,"relics_obtained":["NlothsMask"],"max_hp_gain":0,"max_hp_loss":0,"event_name":"FaceTrader","floor":14,"gold_loss":0}],"is_beta":false,"boss_relics":[],"items_purged_floors":[],"is_endless":false,"potions_floor_spawned":[4,5,8],"killed_by":"Hexaghost","ascension_level":0}