{"gold_per_floor":[114,133,146,156,166,195,195,27,27,45,45,58,58,71,71,71],"floor_reached":16,"playtime":1276,"items_purged":[],"score":212,"play_id":"914d2363-568d-44b9-88ec-7a21ba8e0576","local_time":"20190729181129","is_ascension_mode":true,"campfire_choices":[{"floor":7.0,"key":"REST"},{"data":"Limit Break","floor":11.0,"key":"SMITH"},{"data":"Flex","floor":15.0,"key":"SMITH"}],"neow_cost":"NONE","seed_source_timestamp":444434260616814,"circlet_count":0,"master_deck":["AscendersBane","Strike_R","Strike_R","Strike_R","Strike_R","Strike_R","Defend_R","Defend_R","Defend_R","Defend_R","Bash","Flex+1","True Grit","Disarm","Headbutt","Carnage","Limit Break+1","Inflame","Shockwave","Twin Strike","Pommel Strike","Flame Barrier","Battle Trance","Headbutt"],"special_seed":0,"relics":["Burning Blood","PreservedInsect","Kunai"],"potions_floor_usage":[16,16],"damage_taken":[{"damage":5.0,"enemies":"2 Louse","floor":1.0,"turns":3.0},{"damage":7.0,"enemies":"Jaw Worm","floor":2.0,"turns":4.0},{"damage":20.0,"enemies":"Small Slimes","floor":3.0,"turns":6.0},{"damage":12.0,"enemies":"3 Louse","floor":4.0,"turns":6.0},{"damage":13.0,"enemies":"Large Slime","floor":5.0,"turns":5.0},{"damage":40.0,"enemies":"Lagavulin","floor":6.0,"turns":6.0},{"damage":4.0,"enemies":"Exordium Wildlife","floor":10.0,"turns":4.0},{"damage":9.0,"enemies":"Blue Slaver","floor":12.0,"turns":4.0},{"damage":0.0,"enemies":"Large Slime","floor":14.0,"turns":4.0},{"damage":36,"enemies":"The Guardian","floor":16,"turns":5}],"seed_played":"5985964211589862370","potions_obtained":[{"floor":2.0,"key":"SteroidPotion"},{"floor":3.0,"key":"Ancient Potion"},{"floor":4.0,"key":"LiquidBronze"},{"floor":6.0,"key":"Poison Potion"},{"floor":10.0,"key":"Strength Potion"}],"is_trial":false,"path_per_floor":["M","M","M","M","M","E","R","$","T","M","R","M","?","M","R","B"],"character_chosen":"IRONCLAD","items_purchased":["Shockwave","Twin Strike","Pommel Strike"],"campfire_rested":1,"item_purchase_floors":[8,8,8],"current_hp_per_floor":[69,68,54,48,41,7,29,29,29,31,31,28,28,34,34,0],"gold":71,"neow_bonus":"THREE_CARDS","is_prod":false,"is_daily":false,"chose_seed":false,"campfire_upgraded":2,"win_rate":0,"timestamp":1564438289,"path_taken":["M","M","M","M","M","E","R","$","T","M","R","M","?","M","R","BOSS"],"build_version":"2019-01-23","purchased_purges":0,"victory":false,"max_hp_per_floor":[75,75,75,75,75,75,75,75,75,75,75,75,75,75,75,75],"card_choices":[{"not_picked":["Sentinel","Evolve"],"picked":"Flex","floor":0.0},{"not_picked":["Warcry","Body Slam"],"picked":"True Grit","floor":1.0},{"not_picked":["Evolve","Hemokinesis"],"picked":"Disarm","floor":2.0},{"not_picked":["True Grit","Clash"],"picked":"Headbutt","floor":3.0},{"not_picked":["Headbutt","Flex"],"picked":"Carnage","floor":4.0},{"not_picked":["Seeing Red","Body Slam"],"picked":"Limit Break","floor":5.0},{"not_picked":["Warcry","Anger"],"picked":"Inflame","floor":6.0},{"not_picked":["Anger","Bloodletting"],"picked":"Flame Barrier","floor":10.0},{"not_picked":["Clash","Warcry"],"picked":"Battle Trance","floor":12.0},{"not_picked":["Shrug It Off","Second Wind"],"picked":"Headbutt","floor":14.0}],"player_experience":2744991,"relics_obtained":[{"floor":6.0,"key":"PreservedInsect"},{"floor":9.0,"key":"Kunai"}],"event_choices":[{"damage_healed":0.0,"max_hp_gain":0.0,"max_hp_loss":0.0,"gold_gain":0.0,"event_name":"Golden Idol","player_choice":"Ignored","floor":13.0,"gold_loss":0.0,"damage_taken":0.0}],"is_beta":false,"boss_relics":[],"items_purged_floors":[],"is_endless":false,"potions_floor_spawned":[2,3,4,6,10],"killed_by":"The Guardian","ascension_level":20}