{"gold_per_floor":[109,109,129,48,48,48,64,84,164,233,185,209,27,27,27,27],"floor_reached":16,"playtime":408,"items_purged":[],"score":115,"play_id":"7f613e26-7173-4b67-88df-2645414870b1","local_time":"20190902082922","is_ascension_mode":true,"campfire_choices":[{"data":"Fusion","floor":6,"key":"SMITH"},{"floor":15,"key":"REST"}],"neow_cost":"NONE","seed_source_timestamp":132224717188670,"circlet_count":0,"master_deck":["Strike_B","Strike_B","Strike_B","Strike_B","Defend_B","Defend_B","Defend_B","Defend_B","Zap","Dualcast","Ball Lightning","Fusion+1","Melter","Injury","Gash","Gash","Static Discharge","Cold Snap","Sunder"],"relics":["Cracked Core","Golden Idol","Letter Opener","Tiny Chest","DataDisk"],"potions_floor_usage":[16,16],"damage_taken":[{"damage":0,"enemies":"Small Slimes","floor":1,"turns":3},{"damage":8,"enemies":"2 Louse","floor":3,"turns":3},{"damage":2,"enemies":"Jaw Worm","floor":7,"turns":3},{"damage":20,"enemies":"Large Slime","floor":8,"turns":5},{"damage":31,"enemies":"Gremlin Nob","floor":10,"turns":4},{"damage":8,"enemies":"3 Louse","floor":12,"turns":3},{"damage":43,"enemies":"The Guardian","floor":16,"turns":3}],"seed_played":"3363179118060338001","potions_obtained":[{"floor":7,"key":"LiquidBronze"},{"floor":8,"key":"Strength Potion"}],"is_trial":false,"path_per_floor":["M","?","M","$","?","R","M","M","T","E","?","M","$","?","R","B"],"character_chosen":"DEFECT","items_purchased":["Melter","Sunder","DataDisk"],"campfire_rested":1,"item_purchase_floors":[4,13,13],"current_hp_per_floor":[82,82,74,74,74,74,72,52,52,21,21,13,13,13,37,0],"gold":27,"neow_bonus":"TEN_PERCENT_HP_BONUS","is_prod":false,"is_daily":false,"chose_seed":false,"campfire_upgraded":1,"win_rate":0,"timestamp":1567423762,"path_taken":["M","?","M","$","?","R","M","M","T","E","?","M","$","?","R","BOSS"],"build_version":"2019-07-17","purchased_purges":0,"victory":false,"max_hp_per_floor":[82,82,82,82,82,82,82,82,82,82,82,82,82,82,82,82],"card_choices":[{"not_picked":["Hologram","Coolheaded"],"picked":"Ball Lightning","floor":1},{"not_picked":["Force Field","Leap"],"picked":"Fusion","floor":3},{"not_picked":["Tempest","Streamline"],"picked":"Gash","floor":7},{"not_picked":["Chaos","Double Energy"],"picked":"Gash","floor":8},{"not_picked":["Ball Lightning","Rebound"],"picked":"Static Discharge","floor":10},{"not_picked":["Streamline","Beam Cell"],"picked":"Cold Snap","floor":12}],"player_experience":362857,"relics_obtained":[{"floor":9,"key":"Letter Opener"},{"floor":10,"key":"Tiny Chest"}],"event_choices":[{"damage_healed":0,"gold_gain":0,"player_choice":"Leave","damage_taken":0,"max_hp_gain":0,"max_hp_loss":0,"event_name":"The Cleric","floor":2,"gold_loss":0},{"damage_healed":0,"gold_gain":0,"player_choice":"Take Wound","damage_taken":0,"relics_obtained":["Golden Idol"],"max_hp_gain":0,"max_hp_loss":0,"event_name":"Golden Idol","floor":5,"gold_loss":0,"cards_obtained":["Injury"]},{"damage_healed":0,"gold_gain":0,"player_choice":"Left Gold","damage_taken":0,"max_hp_gain":0,"max_hp_loss":0,"event_name":"World of Goop","floor":11,"gold_loss":48},{"damage_healed":0,"gold_gain":0,"player_choice":"Searched \u00270\u0027 times","damage_taken":0,"max_hp_gain":0,"max_hp_loss":0,"event_name":"Dead Adventurer","floor":14,"gold_loss":0}],"is_beta":false,"boss_relics":[],"items_purged_floors":[],"is_endless":false,"potions_floor_spawned":[7,8],"killed_by":"The Guardian","ascension_level":3}