{"gold_per_floor":[110,126,137,31,49,49,76,95,95,95],"floor_reached":10,"playtime":884,"items_purged":[],"score":70,"play_id":"ed14bb53-2c7a-4f5e-b43d-c8fedd13871b","local_time":"20190706093932","is_ascension_mode":false,"campfire_choices":[{"data":"Neutralize","floor":6,"key":"SMITH"}],"neow_cost":"NONE","seed_source_timestamp":857313500230113,"circlet_count":0,"master_deck":["Strike_G","Strike_G","Strike_G","Strike_G","Strike_G","Defend_G","Defend_G","Defend_G","Defend_G","Defend_G","Survivor","Neutralize+1","Blade Dance","Acrobatics","Deflect","Slice","Deep Breath","Slice","Bane","Backflip"],"relics":["Ring of the Snake","Bottled Lightning","Molten Egg 2"],"potions_floor_usage":[7],"damage_taken":[{"damage":0,"enemies":"Jaw Worm","floor":1,"turns":6},{"damage":1,"enemies":"Cultist","floor":2,"turns":4},{"damage":0,"enemies":"2 Louse","floor":3,"turns":3},{"damage":0,"enemies":"Blue Slaver","floor":5,"turns":5},{"damage":51,"enemies":"Lagavulin","floor":7,"turns":12},{"damage":9,"enemies":"Lots of Slimes","floor":8,"turns":6},{"damage":32,"enemies":"Gremlin Nob","floor":10,"turns":4}],"seed_played":"-2339954756721643690","potions_obtained":[{"floor":1,"key":"SpeedPotion"},{"floor":2,"key":"Regen Potion"}],"is_trial":false,"path_per_floor":["M","M","M","$","M","R","E","M","T","E"],"character_chosen":"THE_SILENT","items_purchased":["Slice","Deep Breath"],"campfire_rested":0,"item_purchase_floors":[4,4],"current_hp_per_floor":[77,76,76,76,76,76,40,31,31,0],"gold":95,"neow_bonus":"TEN_PERCENT_HP_BONUS","is_prod":false,"is_daily":false,"chose_seed":false,"campfire_upgraded":1,"win_rate":0.0,"timestamp":1562416772,"path_taken":["M","M","M","$","M","R","E","M","T","E"],"build_version":"2019-07-05","purchased_purges":0,"victory":false,"max_hp_per_floor":[77,77,77,77,77,77,77,77,77,77],"card_choices":[{"not_picked":["Tactician","Expertise"],"picked":"Blade Dance","floor":1},{"not_picked":["Prepared","Underhanded Strike"],"picked":"Acrobatics","floor":2},{"not_picked":["Catalyst","Backflip"],"picked":"Deflect","floor":3},{"not_picked":["Underhanded Strike","Adrenaline"],"picked":"Slice","floor":5},{"not_picked":["Acrobatics","Finisher"],"picked":"Bane","floor":7},{"not_picked":["Bane","Acrobatics"],"picked":"Backflip","floor":8}],"player_experience":98597,"relics_obtained":[{"floor":7,"key":"Bottled Lightning"},{"floor":9,"key":"Molten Egg 2"}],"event_choices":[],"is_beta":false,"boss_relics":[],"items_purged_floors":[],"is_endless":false,"potions_floor_spawned":[1,2],"killed_by":"Gremlin Nob","ascension_level":0}