{"gold_per_floor":[117,133,145,19,69,102,122,150,150,22,22,41,41,55,55,130,130,146,160,60,60,75,75,107,107,183,208,219,219],"floor_reached":29,"playtime":2519,"items_purged":["Strike_P","Strike_P"],"score":481,"play_id":"995e9e52-d2a9-4e94-b514-b236f7a57754","local_time":"20190915234703","is_ascension_mode":true,"campfire_choices":[{"data":"BowlingBash","floor":11,"key":"SMITH"},{"data":"Crescendo","floor":13,"key":"SMITH"},{"floor":15,"key":"REST"},{"data":"Ragnarok","floor":23,"key":"SMITH"},{"data":"EmptyMind","floor":25,"key":"SMITH"}],"neow_cost":"TEN_PERCENT_HP_LOSS","seed_source_timestamp":37640982389070,"circlet_count":0,"master_deck":["AscendersBane","Strike_P+1","Defend_P+1","Defend_P+1","Defend_P","Eruption+1","Vigilance+1","BowlingBash+1","EmptyFist","FearNoEvil","LessonLearned","Crescendo+1","EmptyMind+1","ClearTheMind+1","MasterReality","Ragnarok+1","CutThroughFate","Meditate+1","WreathOfFlame","Devotion"],"relics":["PureWater","Question Card","Vajra","PreservedInsect","Snecko Eye","Bottled Tornado","Bottled Flame","Bottled Lightning"],"potions_floor_usage":[6,8,16,16,24,27,28,28],"damage_taken":[{"damage":0,"enemies":"Cultist","floor":1,"turns":2},{"damage":4,"enemies":"2 Louse","floor":2,"turns":2},{"damage":7,"enemies":"Small Slimes","floor":3,"turns":3},{"damage":22,"enemies":"3 Sentries","floor":6,"turns":7},{"damage":0,"enemies":"Exordium Thugs","floor":7,"turns":3},{"damage":4,"enemies":"Gremlin Nob","floor":8,"turns":3},{"damage":0,"enemies":"Exordium Wildlife","floor":12,"turns":4},{"damage":1,"enemies":"Looter","floor":14,"turns":2},{"damage":11,"enemies":"Slime Boss","floor":16,"turns":7},{"damage":10,"enemies":"Shell Parasite","floor":18,"turns":3},{"damage":0,"enemies":"Spheric Guardian","floor":19,"turns":1},{"damage":0,"enemies":"3 Cultists","floor":22,"turns":3},{"damage":11,"enemies":"Book of Stabbing","floor":24,"turns":3},{"damage":16,"enemies":"Slavers","floor":27,"turns":2},{"damage":13,"enemies":"Shelled Parasite and Fungi","floor":28,"turns":3},{"damage":19,"enemies":"Centurion and Healer","floor":29,"turns":2}],"seed_played":"7984316017674272294","potions_obtained":[{"floor":3,"key":"PowerPotion"},{"floor":6,"key":"Block Potion"},{"floor":12,"key":"Poison Potion"},{"floor":19,"key":"SkillPotion"},{"floor":22,"key":"SteroidPotion"},{"floor":24,"key":"Explosive Potion"},{"floor":27,"key":"Weak Potion"}],"is_trial":false,"path_per_floor":["M","M","M","$","?","E","M","E","T","$","R","M","R","M","R","B",null,"M","M","$","?","M","R","E","R","T","E","M","M"],"character_chosen":"WATCHER","items_purchased":["FearNoEvil","FearPotion","ClearTheMind"],"campfire_rested":1,"item_purchase_floors":[4,4,10],"current_hp_per_floor":[55,51,44,44,39,17,17,13,13,13,13,13,13,12,28,17,46,36,36,36,55,55,55,44,44,44,28,15,0],"gold":219,"neow_bonus":"REMOVE_TWO","is_prod":false,"is_daily":false,"chose_seed":false,"campfire_upgraded":4,"win_rate":0,"timestamp":1568548023,"path_taken":["M","?","M","$","?","E","M","E","T","$","R","?","R","M","R","BOSS","M","M","$","?","M","R","E","R","T","E","M","M"],"build_version":"2019-09-12","purchased_purges":2,"victory":false,"max_hp_per_floor":[55,55,55,55,55,55,55,55,55,55,55,55,55,55,55,55,55,55,55,55,55,55,55,55,55,55,55,55,55],"card_choices":[{"not_picked":["Sanctity","Perseverance"],"picked":"BowlingBash","floor":1},{"not_picked":["Devotion","EmptyBody"],"picked":"EmptyFist","floor":2},{"not_picked":["CutThroughFate","FlyingSleeves"],"picked":"TalkToTheHand","floor":3},{"not_picked":["FlurryOfBlows","Fasting"],"picked":"LessonLearned","floor":6},{"not_picked":["Devotion","PathToVictory","MentalFortress"],"picked":"Crescendo","floor":7},{"not_picked":["Weave","EmptyFist","Evaluate"],"picked":"EmptyMind","floor":8},{"not_picked":["BowlingBash","Prostrate","Perseverance","Conclude"],"picked":"SKIP","floor":12},{"not_picked":["Sanctity","Consecrate","ClearTheMind"],"picked":"MasterReality","floor":14},{"not_picked":["DeusExMachina","SignatureMove","Nirvana"],"picked":"Ragnarok","floor":16},{"not_picked":["Halt+1","Sanctity","EmptyFist"],"picked":"CutThroughFate","floor":18},{"not_picked":["DeceiveReality","TalkToTheHand+1","FearNoEvil"],"picked":"Meditate+1","floor":19},{"not_picked":["Sanctity","Weave","Unraveling"],"picked":"WreathOfFlame","floor":22},{"not_picked":["FlurryOfBlows","WaveOfTheHand","BowlingBash","Nirvana"],"picked":"SKIP","floor":24},{"not_picked":["Prostrate","FlyingSleeves","BowlingBash","Vengeance"],"picked":"SKIP","floor":27},{"not_picked":["FlyingSleeves+1","CutThroughFate+1","Fasting"],"picked":"Devotion","floor":28}],"player_experience":1107016,"relics_obtained":[{"floor":6,"key":"Question Card"},{"floor":8,"key":"Vajra"},{"floor":9,"key":"PreservedInsect"},{"floor":24,"key":"Bottled Tornado"},{"floor":26,"key":"Bottled Flame"},{"floor":27,"key":"Bottled Lightning"}],"event_choices":[{"damage_healed":0,"gold_gain":50,"player_choice":"Touch","damage_taken":5,"max_hp_gain":0,"max_hp_loss":0,"event_name":"FaceTrader","floor":5,"gold_loss":0},{"cards_removed":["TalkToTheHand"],"damage_healed":19,"gold_gain":0,"player_choice":"Offered Uncommon","damage_taken":0,"max_hp_gain":0,"max_hp_loss":0,"event_name":"Bonfire Elementals","floor":21,"gold_loss":0}],"is_beta":true,"boss_relics":[{"not_picked":["Cursed Key","Coffee Dripper"],"picked":"Snecko Eye"}],"items_purged_floors":[10,20],"is_endless":false,"potions_floor_spawned":[3,6,12,19,22,24,27],"killed_by":"Centurion and Healer","ascension_level":15}