{"gold_per_floor":[114,126,201,201,217,217,245,245,245,245,276,291,291,305,305,409,409,423,423,523,538,550,550,550],"floor_reached":24,"playtime":1464,"items_purged":[],"score":319,"play_id":"3cbc871b-52f8-440f-9688-5856055ea3c9","local_time":"20181124184854","is_ascension_mode":true,"campfire_choices":[{"floor":6.0,"key":"REST"},{"data":"Zap","floor":8.0,"key":"SMITH"},{"floor":15.0,"key":"REST"},{"data":"Hologram","floor":23,"key":"SMITH"}],"neow_cost":"NONE","seed_source_timestamp":0,"circlet_count":0,"master_deck":["AscendersBane","Strike_B","Defend_B","Defend_B","Zap+1","Dualcast","Hologram+1","Sunder","Streamline","Gash","Steam","Sweeping Beam","Beam Cell","Chill","Seek","Sweeping Beam+1","Recycle+1","Steam+1","Defragment","Ball Lightning","Hologram"],"special_seed":0,"relics":["Cracked Core","Blue Candle","Ancient Tea Set","Juzu Bracelet","Astrolabe"],"potions_floor_usage":[16,16,21],"damage_taken":[{"damage":3.0,"enemies":"2 Louse","floor":1.0,"turns":3.0},{"damage":15.0,"enemies":"Small Slimes","floor":2.0,"turns":3.0},{"damage":1.0,"enemies":"Cultist","floor":5.0,"turns":3.0},{"damage":5.0,"enemies":"Gremlin Nob","floor":7.0,"turns":3.0},{"damage":30.0,"enemies":"Lagavulin","floor":11.0,"turns":7.0},{"damage":13.0,"enemies":"Blue Slaver","floor":12.0,"turns":3.0},{"damage":3.0,"enemies":"Red Slaver","floor":14.0,"turns":3.0},{"damage":2,"enemies":"Slime Boss","floor":16,"turns":7},{"damage":14,"enemies":"Shell Parasite","floor":18,"turns":5},{"damage":3,"enemies":"3 Byrds","floor":21,"turns":3},{"damage":3,"enemies":"3 Cultists","floor":22,"turns":5},{"damage":52,"enemies":"Book of Stabbing","floor":24,"turns":5}],"seed_played":"-4417111130840664459","potions_obtained":[{"floor":1.0,"key":"GamblersBrew"},{"floor":4.0,"key":"Fire Potion"},{"floor":4.0,"key":"Ancient Potion"},{"floor":11.0,"key":"Swift Potion"},{"floor":14.0,"key":"Poison Potion"},{"floor":18,"key":"Fire Potion"}],"is_trial":false,"path_per_floor":["M","M","?","?","M","R","E","R","T","?","E","M","?","M","R","B",null,"M","?","?","M","M","R","E"],"character_chosen":"DEFECT","items_purchased":[],"campfire_rested":2,"item_purchase_floors":[],"current_hp_per_floor":[65,50,39,39,38,60,55,55,55,55,25,12,37,34,56,54,70,56,56,56,53,50,50,0],"gold":550,"neow_bonus":"REMOVE_CARD","is_prod":false,"is_daily":false,"chose_seed":false,"campfire_upgraded":2,"win_rate":0,"timestamp":1543103334,"path_taken":["M","M","?","?","?","R","E","R","T","?","E","M","?","M","R","BOSS","M","?","?","M","M","R","E"],"build_version":"2018-11-15","purchased_purges":0,"victory":false,"max_hp_per_floor":[75,75,75,75,75,75,75,75,75,75,75,75,75,75,75,75,75,75,75,75,75,75,75,75],"card_choices":[{"not_picked":["Self Repair","Capacitor"],"picked":"Hologram","floor":1.0},{"not_picked":["Consume","Barrage"],"picked":"Sunder","floor":2.0},{"not_picked":["Rebound","Redo"],"picked":"Streamline","floor":5.0},{"not_picked":["Blizzard","Turbo"],"picked":"Gash","floor":7.0},{"not_picked":["Meteor Strike","Barrage"],"picked":"Sweeping Beam","floor":11.0},{"not_picked":["Aggregate","Fusion"],"picked":"Beam Cell","floor":12.0},{"not_picked":["Double Energy","Cold Snap"],"picked":"Chill","floor":14.0},{"not_picked":["Core Surge","Buffer"],"picked":"Seek","floor":16},{"not_picked":["Coolheaded","Beam Cell"],"picked":"Defragment","floor":18},{"not_picked":["Streamline","Redo"],"picked":"Ball Lightning","floor":21},{"not_picked":["Leap+1","Storm"],"picked":"Hologram","floor":22}],"player_experience":2021553,"relics_obtained":[{"floor":7.0,"key":"Blue Candle"},{"floor":9.0,"key":"Ancient Tea Set"},{"floor":11.0,"key":"Juzu Bracelet"}],"event_choices":[{"damage_healed":0.0,"max_hp_gain":0.0,"max_hp_loss":0.0,"gold_gain":75.0,"event_name":"World of Goop","player_choice":"Gather Gold","floor":3.0,"gold_loss":0.0,"damage_taken":11.0},{"damage_healed":0.0,"max_hp_gain":0.0,"max_hp_loss":0.0,"gold_gain":0.0,"event_name":"Lab","player_choice":"Got Potions","floor":4.0,"gold_loss":0.0,"damage_taken":0.0},{"damage_healed":0.0,"max_hp_gain":0.0,"max_hp_loss":0.0,"gold_gain":0.0,"cards_transformed":["Strike_B"],"event_name":"Transmorgrifier","player_choice":"Transformed","floor":10.0,"gold_loss":0.0,"damage_taken":0.0,"cards_obtained":["Steam"]},{"damage_healed":25.0,"max_hp_gain":0.0,"max_hp_loss":0.0,"gold_gain":0.0,"event_name":"Big Fish","player_choice":"Banana","floor":13.0,"gold_loss":0.0,"damage_taken":0.0},{"damage_healed":0,"gold_gain":0,"player_choice":"Ignored","damage_taken":0,"max_hp_gain":0,"max_hp_loss":0,"event_name":"Vampires","floor":19,"gold_loss":0},{"damage_healed":0,"gold_gain":100,"player_choice":"Pray","damage_taken":0,"max_hp_gain":0,"max_hp_loss":0,"event_name":"Golden Shrine","floor":20,"gold_loss":0}],"is_beta":false,"boss_relics":[{"not_picked":["Snecko Eye","FrozenCore"],"picked":"Astrolabe"}],"items_purged_floors":[],"is_endless":false,"potions_floor_spawned":[1,11,14,18],"killed_by":"Book of Stabbing","ascension_level":11}