{"gold_per_floor":[217,45,57,57,74,74,99,49,49,49,25,25,25,53,53,158,158,171,25,30,41,60,60,88,88,88,88,123,134,152,59,59,162,162,180,1,17,17,17,17,49,49,73,73,87,100,111,127,127,127],"floor_reached":51,"playtime":5272,"items_purged":["Strike_G"],"score":1149,"play_id":"abe4f2a8-6521-416e-9fdd-19de25be8a82","local_time":"20181111224839","is_ascension_mode":true,"campfire_choices":[{"data":"Neutralize","floor":6.0,"key":"SMITH"},{"floor":10.0,"key":"REST"},{"floor":12.0,"key":"REST"},{"floor":15.0,"key":"REST"},{"floor":23.0,"key":"REST"},{"data":"Bouncing Flask","floor":25.0,"key":"SMITH"},{"data":"Malaise","floor":27.0,"key":"SMITH"},{"floor":32.0,"key":"REST"},{"data":"Tools of the Trade","floor":40,"key":"SMITH"},{"data":"Terror","floor":42,"key":"SMITH"},{"data":"Adrenaline","floor":44,"key":"SMITH"},{"data":"Corpse Explosion","floor":49,"key":"SMITH"}],"neow_cost":"NONE","seed_source_timestamp":0,"circlet_count":0,"master_deck":["AscendersBane","Defend_G","Defend_G","Defend_G","Defend_G","Defend_G","Strike_G","Strike_G","Survivor","Neutralize+1","Flying Knee","Bouncing Flask+1","Dagger Spray","PiercingWail","Predator","Footwork","Cloak And Dagger","Tools of the Trade+1","Malaise+1","Underhanded Strike","Corpse Explosion+1","Well Laid Plans","Backstab+1","Riddle With Holes+1","Dagger Spray+1","Decay","Masterful Stab","Reflex","Terror+1","Good Instincts","Adrenaline+1","Catalyst+1","Panache","Reflex+1","Sadistic Nature","Madness","Madness","Bouncing Flask+1","Parasite","Backstab+1","Infinite Blades+1","Infinite Blades+1","Backstab"],"special_seed":0,"relics":["Ring of the Snake","Meat on the Bone","Darkstone Periapt","Dead Branch","Question Card","Cursed Key","Centennial Puzzle","Kunai","Eternal Feather","Singing Bowl","Lantern"],"potions_floor_usage":[46,50,50],"damage_taken":[{"damage":1.0,"enemies":"2 Louse","floor":1.0,"turns":4.0},{"damage":4.0,"enemies":"Jaw Worm","floor":3.0,"turns":3.0},{"damage":1.0,"enemies":"Cultist","floor":5.0,"turns":3.0},{"damage":30.0,"enemies":"3 Sentries","floor":7.0,"turns":8.0},{"damage":20.0,"enemies":"Gremlin Nob","floor":14.0,"turns":4.0},{"damage":13.0,"enemies":"The Guardian","floor":16.0,"turns":10.0},{"damage":1.0,"enemies":"3 Byrds","floor":18.0,"turns":6.0},{"damage":1.0,"enemies":"2 Thieves","floor":20.0,"turns":4.0},{"damage":0.0,"enemies":"Snake Plant","floor":21.0,"turns":6.0},{"damage":16.0,"enemies":"Snecko","floor":22.0,"turns":5.0},{"damage":20.0,"enemies":"Gremlin Leader","floor":24.0,"turns":10.0},{"damage":0.0,"enemies":"Slavers","floor":28.0,"turns":2.0},{"damage":10.0,"enemies":"Centurion and Healer","floor":29.0,"turns":5.0},{"damage":33.0,"enemies":"Shelled Parasite and Fungi","floor":30.0,"turns":4.0},{"damage":28,"enemies":"Collector","floor":33,"turns":9},{"damage":8,"enemies":"3 Shapes","floor":35,"turns":4},{"damage":5,"enemies":"3 Darklings","floor":37,"turns":3},{"damage":29,"enemies":"Reptomancer","floor":41,"turns":5},{"damage":10,"enemies":"Spire Growth","floor":45,"turns":3},{"damage":0,"enemies":"Transient","floor":46,"turns":5},{"damage":0,"enemies":"3 Darklings","floor":47,"turns":2},{"damage":14,"enemies":"Jaw Worm Horde","floor":48,"turns":3},{"damage":57,"enemies":"Donu and Deca","floor":50,"turns":5}],"seed_played":"7059213352993933645","potions_obtained":[{"floor":3.0,"key":"Swift Potion"},{"floor":16.0,"key":"Fire Potion"},{"floor":21.0,"key":"GhostInAJar"},{"floor":24.0,"key":"SkillPotion"},{"floor":28.0,"key":"SteroidPotion"},{"floor":29.0,"key":"FearPotion"},{"floor":41,"key":"GhostInAJar"},{"floor":46,"key":"SkillPotion"}],"is_trial":false,"path_per_floor":["M","$","M","?","M","R","E","?","T","R","$","R","?","E","R","B",null,"M","$","M","M","M","R","E","R","T","R","E","M","M","$","R","B",null,"M","$","M","?","?","R","E","R","T","R","M","M","M","M","R","B",null],"character_chosen":"THE_SILENT","items_purchased":["Bouncing Flask","Dagger Spray","Cloak And Dagger","Corpse Explosion","Good Instincts","Panache"],"campfire_rested":5,"item_purchase_floors":[2,2,11,19,31,36],"current_hp_per_floor":[62,62,58,58,57,57,27,27,27,48,48,69,69,49,70,57,67,66,66,65,65,49,70,50,50,56,56,56,46,25,25,47,31,65,57,57,52,52,42,63,46,67,73,82,72,72,72,58,82,37],"gold":127,"neow_bonus":"HUNDRED_GOLD","is_prod":false,"is_daily":false,"chose_seed":false,"campfire_upgraded":7,"win_rate":0,"timestamp":1541994519,"path_taken":["M","$","M","?","M","R","E","?","T","R","?","R","?","E","R","BOSS","M","$","M","M","?","R","E","R","T","R","E","M","M","$","R","BOSS","M","$","?","?","?","R","E","R","T","R","?","M","M","M","R","BOSS"],"build_version":"2018-11-08","purchased_purges":1,"victory":true,"max_hp_per_floor":[70,70,70,70,70,70,70,70,70,70,70,70,70,70,70,70,70,70,70,70,70,70,70,70,70,76,76,76,76,76,76,76,76,76,76,76,76,76,76,76,76,76,82,82,82,82,82,82,82,82],"card_choices":[{"not_picked":["Quick Slash","Acrobatics"],"picked":"Flying Knee","floor":1.0},{"not_picked":["Flying Knee","Dodge and Roll"],"picked":"PiercingWail","floor":3.0},{"not_picked":["Deadly Poison","Dagger Spray"],"picked":"Predator","floor":5.0},{"not_picked":["Endless Agony","Flechettes"],"picked":"Footwork","floor":7.0},{"not_picked":["Skewer","Predator"],"picked":"Tools of the Trade","floor":14.0},{"not_picked":["Unload","Storm of Steel","Night Terror"],"picked":"Malaise","floor":16.0},{"not_picked":["Distraction","Quick Slash","Leg Sweep"],"picked":"Underhanded Strike","floor":18.0},{"not_picked":["Poisoned Stab","Flechettes","Quick Slash+1"],"picked":"Well Laid Plans","floor":20.0},{"not_picked":["Choke","Dodge and Roll+1","Slice"],"picked":"Backstab+1","floor":21.0},{"not_picked":["Distraction","Backflip+1","Unload"],"picked":"Riddle With Holes+1","floor":22.0},{"not_picked":["Prepared","Flechettes+1","Accuracy"],"picked":"Dagger Spray+1","floor":24.0},{"not_picked":["Dash","Quick Slash+1","Dagger Spray"],"picked":"Masterful Stab","floor":28.0},{"not_picked":["Backflip","Prepared","Outmaneuver"],"picked":"Reflex","floor":29.0},{"not_picked":["Sucker Punch+1","Expertise+1","Dodge and Roll+1"],"picked":"Terror","floor":30.0},{"not_picked":["Unload","Night Terror","Venomology"],"picked":"Adrenaline","floor":33},{"not_picked":["Expertise","Reflex","Prepared+1"],"picked":"Catalyst+1","floor":35},{"not_picked":["Dagger Throw","Backflip+1","Sucker Punch+1"],"picked":"Reflex+1","floor":37},{"not_picked":["Dark Shackles","Finesse","Deep Breath"],"picked":"Sadistic Nature","floor":38},{"not_picked":["Bane","Dash","Setup+1"],"picked":"Bouncing Flask+1","floor":41},{"not_picked":["Prepared+1","Dagger Throw","Doppelganger"],"picked":"Backstab+1","floor":45},{"not_picked":["Blade Dance","Caltrops+1","Dodge and Roll"],"picked":"Infinite Blades+1","floor":46},{"not_picked":["All Out Attack+1","Dagger Spray","Outmaneuver"],"picked":"Infinite Blades+1","floor":47},{"not_picked":["Caltrops","Expertise+1","Well Laid Plans+1"],"picked":"Backstab","floor":48}],"player_experience":1971003,"relics_obtained":[{"floor":7.0,"key":"Meat on the Bone"},{"floor":9.0,"key":"Darkstone Periapt"},{"floor":14.0,"key":"Question Card"},{"floor":24.0,"key":"Centennial Puzzle"},{"floor":28.0,"key":"Kunai"},{"floor":41,"key":"Singing Bowl"},{"floor":43,"key":"Lantern"}],"event_choices":[{"cards_removed":["Strike_G"],"damage_healed":0.0,"max_hp_gain":0.0,"max_hp_loss":0.0,"gold_gain":0.0,"event_name":"Living Wall","player_choice":"Forget","floor":4.0,"gold_loss":0.0,"damage_taken":0.0},{"cards_removed":["Strike_G"],"damage_healed":0.0,"max_hp_gain":0.0,"max_hp_loss":0.0,"gold_gain":0.0,"event_name":"The Cleric","player_choice":"Card Removal","floor":8.0,"gold_loss":50.0,"damage_taken":0.0},{"damage_healed":0.0,"max_hp_gain":0.0,"max_hp_loss":0.0,"gold_gain":0.0,"event_name":"WeMeetAgain","player_choice":"Gave Potion","floor":13.0,"gold_loss":0.0,"damage_taken":0.0,"relics_obtained":["Dead Branch"]},{"damage_healed":0,"gold_gain":0,"player_choice":"Memory 1","damage_taken":0,"max_hp_gain":0,"max_hp_loss":0,"event_name":"SensoryStone","floor":38,"gold_loss":0},{"damage_healed":0,"gold_gain":0,"player_choice":"Embrace Madness","damage_taken":10,"max_hp_gain":0,"max_hp_loss":0,"event_name":"Winding Halls","floor":39,"gold_loss":0,"cards_obtained":["Madness","Madness"]}],"is_beta":false,"boss_relics":[{"not_picked":["Philosopher\u0027s Stone","Busted Crown"],"picked":"Cursed Key"},{"not_picked":["Orrery","Black Star"],"picked":"Eternal Feather"}],"items_purged_floors":[2],"is_endless":false,"potions_floor_spawned":[3,16,21,24,28,29,41,46,47,48],"ascension_level":11}