{"gold_per_floor":[113,113,68,84,104,104,117,24,48,48,62,62,79,89,89,184,184,202,23,23,30,46,46,61,61,84,104,104],"floor_reached":28,"playtime":1709,"items_purged":[],"score":214,"play_id":"6c783d4d-73b9-4326-bfce-9e2baac7b1f6","local_time":"20190725165024","is_ascension_mode":false,"campfire_choices":[{"data":"Zap","floor":6,"key":"SMITH"},{"floor":12,"key":"REST"},{"floor":15,"key":"REST"},{"floor":23,"key":"REST"},{"floor":25,"key":"REST"}],"neow_cost":"NONE","seed_source_timestamp":70215394208020,"circlet_count":0,"master_deck":["Strike_B","Strike_B","Strike_B","Strike_B","Defend_B","Defend_B","Defend_B","Defend_B","Zap+1","Dualcast","Force Field","Double Energy","Gash","Redo","Defragment","Cold Snap","Melter","Hello World","Loop","Meteor Strike","Glacier","White Noise","Doom and Gloom","Rip and Tear","Defragment","Sweeping Beam+1","Chill","BootSequence","Buffer"],"relics":["FrozenCore","Smiling Mask","Bag of Marbles","Vajra"],"potions_floor_usage":[7,16,16,16,22,22,27],"damage_taken":[{"damage":1,"enemies":"Jaw Worm","floor":1,"turns":3},{"damage":0,"enemies":"Small Slimes","floor":4,"turns":4},{"damage":0,"enemies":"Cultist","floor":5,"turns":3},{"damage":9,"enemies":"3 Louse","floor":7,"turns":3},{"damage":8,"enemies":"Exordium Wildlife","floor":11,"turns":4},{"damage":16,"enemies":"Exordium Thugs","floor":13,"turns":4},{"damage":13,"enemies":"Red Slaver","floor":14,"turns":2},{"damage":35,"enemies":"Hexaghost","floor":16,"turns":11},{"damage":11,"enemies":"Spheric Guardian","floor":18,"turns":4},{"damage":32,"enemies":"2 Thieves","floor":21,"turns":4},{"damage":26,"enemies":"Chosen and Byrds","floor":22,"turns":9},{"damage":0,"enemies":"Centurion and Healer","floor":24,"turns":9},{"damage":10,"enemies":"Snake Plant","floor":27,"turns":4},{"damage":51,"enemies":"Gremlin Leader","floor":28,"turns":10}],"seed_played":"1081425406412433573","potions_obtained":[{"floor":4,"key":"AttackPotion"},{"floor":11,"key":"Weak Potion"},{"floor":13,"key":"Dexterity Potion"},{"floor":14,"key":"GamblersBrew"},{"floor":18,"key":"Weak Potion"},{"floor":21,"key":"PowerPotion"},{"floor":24,"key":"SkillPotion"}],"is_trial":false,"path_per_floor":["M","?","?","M","M","R","M","$","T","$","M","R","M","M","R","B",null,"M","$","?","M","M","R","M","R","T","M","E"],"character_chosen":"DEFECT","items_purchased":["Defragment","Cold Snap","White Noise","Doom and Gloom","Rip and Tear"],"campfire_rested":4,"item_purchase_floors":[8,8,19,19,19],"current_hp_per_floor":[74,74,74,74,74,74,65,65,65,65,57,75,59,46,68,33,75,64,64,64,32,6,28,28,50,50,40,0],"gold":104,"neow_bonus":"RANDOM_COMMON_RELIC","is_prod":false,"is_daily":false,"chose_seed":false,"campfire_upgraded":1,"win_rate":0.0,"timestamp":1564084224,"path_taken":["M","?","?","M","M","R","M","$","T","$","M","R","M","?","R","BOSS","M","$","?","M","?","R","M","R","T","M","E"],"build_version":"2019-07-17","purchased_purges":0,"victory":false,"max_hp_per_floor":[75,75,75,75,75,75,75,75,75,75,75,75,75,75,75,75,75,75,75,75,75,75,75,75,75,75,75,75],"card_choices":[{"not_picked":["Coolheaded","Beam Cell"],"picked":"Force Field","floor":1},{"not_picked":["Redo","Force Field"],"picked":"Double Energy","floor":4},{"not_picked":["Compile Driver","Chill"],"picked":"Gash","floor":5},{"not_picked":["Leap","Static Discharge"],"picked":"Redo","floor":7},{"not_picked":["Streamline","Redo"],"picked":"Melter","floor":11},{"not_picked":["Double Energy","Self Repair"],"picked":"Hello World","floor":13},{"not_picked":["Hologram","Leap"],"picked":"Loop","floor":14},{"not_picked":["Multi-Cast","Biased Cognition"],"picked":"Meteor Strike","floor":16},{"not_picked":["Streamline","Leap"],"picked":"Glacier","floor":18},{"not_picked":["Barrage","Beam Cell+1"],"picked":"Sweeping Beam+1","floor":21},{"not_picked":["Consume","Self Repair"],"picked":"Chill","floor":22},{"not_picked":["Ball Lightning+1","Consume"],"picked":"BootSequence","floor":24},{"not_picked":["Rebound+1","Beam Cell"],"picked":"Buffer","floor":27}],"player_experience":227620,"relics_obtained":[{"floor":9,"key":"Bag of Marbles"},{"floor":26,"key":"Vajra"}],"event_choices":[{"damage_healed":0,"gold_gain":0,"player_choice":"Ignored","damage_taken":0,"max_hp_gain":0,"max_hp_loss":0,"event_name":"Liars Game","floor":2,"gold_loss":0},{"damage_healed":0,"gold_gain":0,"player_choice":"Left Gold","damage_taken":0,"max_hp_gain":0,"max_hp_loss":0,"event_name":"World of Goop","floor":3,"gold_loss":45},{"damage_healed":0,"gold_gain":0,"player_choice":"Copied","damage_taken":0,"max_hp_gain":0,"max_hp_loss":0,"event_name":"Duplicator","floor":20,"gold_loss":0,"cards_obtained":["Defragment"]}],"is_beta":false,"boss_relics":[{"not_picked":["Cursed Key","Runic Dome"],"picked":"FrozenCore"}],"items_purged_floors":[],"is_endless":false,"potions_floor_spawned":[4,11,13,14,18,21,24],"killed_by":"Gremlin Leader","ascension_level":0}