{"gold_per_floor":[117,129,143,159,31,31,57,57,81,95,95,95,95,112,112,112],"floor_reached":16,"playtime":1325,"items_purged":["Strike_G"],"score":102,"play_id":"6c13154e-764c-4574-b5bd-cfd42d921a81","local_time":"20190926221008","is_ascension_mode":false,"campfire_choices":[{"data":"Bane","floor":6,"key":"SMITH"},{"data":"Tactician","floor":8,"key":"SMITH"},{"data":"Acrobatics","floor":11,"key":"SMITH"},{"floor":13,"key":"REST"},{"data":"Bouncing Flask","floor":15,"key":"SMITH"}],"neow_cost":"NONE","seed_source_timestamp":784155709805000,"circlet_count":0,"master_deck":["Strike_G","Strike_G","Strike_G","Defend_G","Defend_G","Defend_G","Defend_G","Defend_G","Survivor","Neutralize","Tactician+1","Acrobatics+1","Bane+1","Deadly Poison","Poisoned Stab","Acrobatics","Outmaneuver","Poisoned Stab","Bouncing Flask+1"],"relics":["Ring of the Snake","Ancient Tea Set","Bronze Scales"],"potions_floor_usage":[],"damage_taken":[{"damage":2,"enemies":"Jaw Worm","floor":1,"turns":9},{"damage":5,"enemies":"Small Slimes","floor":2,"turns":6},{"damage":1,"enemies":"Cultist","floor":3,"turns":4},{"damage":2,"enemies":"Blue Slaver","floor":4,"turns":5},{"damage":32,"enemies":"Lagavulin","floor":7,"turns":6},{"damage":12,"enemies":"Large Slime","floor":10,"turns":6},{"damage":0,"enemies":"Exordium Thugs","floor":14,"turns":3},{"damage":38,"enemies":"Slime Boss","floor":16,"turns":5}],"seed_played":"-4444596050784360052","potions_obtained":[{"floor":4,"key":"PowerPotion"},{"floor":7,"key":"LiquidBronze"},{"floor":14,"key":"AttackPotion"}],"is_trial":false,"path_per_floor":["M","M","M","M","$","R","E","R","T","M","R","?","R","M","R","B"],"character_chosen":"THE_SILENT","items_purchased":["Acrobatics"],"campfire_rested":1,"item_purchase_floors":[5],"current_hp_per_floor":[68,63,62,60,60,60,28,28,28,16,16,9,30,30,30,0],"gold":112,"neow_bonus":"THREE_CARDS","is_prod":false,"is_daily":false,"chose_seed":false,"campfire_upgraded":4,"win_rate":0.0,"timestamp":1569507008,"path_taken":["M","M","M","M","$","R","E","R","T","M","R","?","R","M","R","BOSS"],"build_version":"2019-07-17","purchased_purges":1,"victory":false,"max_hp_per_floor":[70,70,70,70,70,70,70,70,70,70,70,70,70,70,70,70],"card_choices":[{"not_picked":["Underhanded Strike","Deflect"],"picked":"Tactician","floor":0},{"not_picked":["Deflect","Bouncing Flask"],"picked":"Acrobatics","floor":1},{"not_picked":["Bouncing Flask","Blade Dance"],"picked":"Bane","floor":2},{"not_picked":["Dash","Quick Slash"],"picked":"Deadly Poison","floor":3},{"not_picked":["Footwork","Skewer"],"picked":"Poisoned Stab","floor":4},{"not_picked":["Eviscerate","Dash"],"picked":"Outmaneuver","floor":7},{"not_picked":["Dagger Spray","Riddle With Holes"],"picked":"Poisoned Stab","floor":10},{"not_picked":["Backflip","Terror"],"picked":"Bouncing Flask","floor":14}],"player_experience":10223,"relics_obtained":[{"floor":7,"key":"Ancient Tea Set"},{"floor":9,"key":"Bronze Scales"}],"event_choices":[{"cards_removed":["Strike_G"],"damage_healed":0,"gold_gain":0,"player_choice":"Card Removal","damage_taken":7,"max_hp_gain":0,"max_hp_loss":0,"event_name":"Golden Wing","floor":12,"gold_loss":0}],"is_beta":false,"boss_relics":[],"items_purged_floors":[5],"is_endless":false,"potions_floor_spawned":[4,7,14],"killed_by":"Slime Boss","ascension_level":0}