{"path_per_floor":["M","$","M","?","M","E","M","R","T","E","M","E","R","M","R","B",null,"M","?","$","M","$","E","R","M","T","?","?","M","R","M","R"],"character_chosen":"DEFECT","items_purchased":[],"gold_per_floor":[115,40,58,28,40,73,83,83,109,142,156,183,183,195,195,298,298,316,231,131,145,20,55,55,65,65,245,245,256,256,267,267,267],"floor_reached":33,"campfire_rested":1,"playtime":3899,"item_purchase_floors":[],"current_hp_per_floor":[69,69,69,69,69,65,64,64,64,64,71,75,75,75,75,75,75,75,75,75,72,72,60,60,50,50,26,26,25,62,49,49,0],"items_purged":["Strike_B","Defend_B","Strike_B"],"gold":267,"score":406,"play_id":"3a95fc05-64fc-4c02-aaec-cdfb1d7f1509","local_time":"20180610170927","is_prod":false,"is_daily":false,"chose_seed":false,"is_ascension_mode":true,"campfire_upgraded":5,"win_rate":0.0,"timestamp":1528664967,"campfire_choices":[{"data":"Dualcast","floor":8,"key":"SMITH"},{"data":"Redo","floor":13,"key":"SMITH"},{"data":"Fusion","floor":15,"key":"SMITH"},{"data":"Electrodynamics","floor":24,"key":"SMITH"},{"floor":30,"key":"REST"},{"data":"Machine Learning","floor":32,"key":"SMITH"}],"path_taken":["M","$","M","?","?","E","M","R","T","E","?","E","R","M","R","BOSS","M","?","$","M","$","E","R","M","T","?","?","M","R","M","R","BOSS"],"build_version":"2018-06-07v3","seed_source_timestamp":928440162466838,"purchased_purges":3,"victory":false,"master_deck":["Strike_B+1","Strike_B","Defend_B","Defend_B","Zap","Dualcast+1","Gash+1","Melter","Glacier","Auto Shields","Melter","Self Repair","Redo+1","Fusion+1","Electrodynamics+1","Hello World+1","Gash","BootSequence+1","Double Energy+1","Normality","Machine Learning+1"],"max_hp_per_floor":[75,75,75,75,75,75,75,75,75,75,75,75,75,75,75,75,75,75,75,75,75,75,75,75,75,75,75,75,75,75,75,75,75],"relics":["Cracked Core","Lantern","Bag of Preparation","Regal Pillow","Ancient Tea Set","Nuclear Battery","Art of War","Blue Candle","Whetstone","Ornamental Fan"],"card_choices":[{"not_picked":["Coolheaded","Ball Lightning"],"picked":"Gash","floor":1},{"not_picked":["Barrage","White Noise"],"picked":"Melter","floor":3},{"not_picked":["Stack","Redo"],"picked":"Glacier","floor":5},{"not_picked":["White Noise","Leap"],"picked":"Auto Shields","floor":6},{"not_picked":["Sweeping Beam","Force Field"],"picked":"Melter","floor":7},{"not_picked":["Meteor Strike","Fission"],"picked":"Self Repair","floor":10},{"not_picked":["Coolheaded","Conserve Battery","Cold Snap"],"picked":"SKIP","floor":11},{"not_picked":["Sweeping Beam","Leap"],"picked":"Redo","floor":12},{"not_picked":["Beam Cell","Cold Snap"],"picked":"Fusion","floor":14},{"not_picked":["Machine Learning","Buffer"],"picked":"Electrodynamics","floor":16},{"not_picked":["Hologram+1","Streamline"],"picked":"Hello World+1","floor":18},{"not_picked":["Undo","White Noise+1"],"picked":"Gash","floor":21},{"not_picked":["Hologram","Go for the Eyes"],"picked":"BootSequence+1","floor":23},{"not_picked":["Coolheaded+1","Rebound"],"picked":"Double Energy+1","floor":25},{"not_picked":["Stack","Auto Shields"],"picked":"Machine Learning","floor":29},{"not_picked":["Blizzard","Coolheaded","Ball Lightning"],"picked":"SKIP","floor":31}],"player_experience":578951,"potions_floor_usage":[12,12,16,25,33,33,33],"damage_taken":[{"damage":6,"enemies":"Jaw Worm","floor":1,"turns":3},{"damage":0,"enemies":"Cultist","floor":3,"turns":3},{"damage":0,"enemies":"2 Louse","floor":5,"turns":1},{"damage":4,"enemies":"Lagavulin","floor":6,"turns":9},{"damage":1,"enemies":"Exordium Wildlife","floor":7,"turns":6},{"damage":0,"enemies":"3 Sentries","floor":10,"turns":7},{"damage":0,"enemies":"Large Slime","floor":11,"turns":4},{"damage":0,"enemies":"Gremlin Nob","floor":12,"turns":2},{"damage":0,"enemies":"3 Louse","floor":14,"turns":3},{"damage":0,"enemies":"Slime Boss","floor":16,"turns":8},{"damage":0,"enemies":"Chosen","floor":18,"turns":4},{"damage":10,"enemies":"3 Byrds","floor":21,"turns":2},{"damage":19,"enemies":"Gremlin Leader","floor":23,"turns":7},{"damage":17,"enemies":"Snecko","floor":25,"turns":5},{"damage":8,"enemies":"Centurion and Healer","floor":29,"turns":7},{"damage":20,"enemies":"Chosen and Byrds","floor":31,"turns":6},{"damage":53,"enemies":"Automaton","floor":33,"turns":10}],"relics_obtained":[{"floor":6,"key":"Lantern"},{"floor":9,"key":"Bag of Preparation"},{"floor":10,"key":"Regal Pillow"},{"floor":12,"key":"Ancient Tea Set"},{"floor":23,"key":"Blue Candle"},{"floor":26,"key":"Whetstone"}],"event_choices":[{"event_name":"The Woman in Blue","player_choice":"Bought 2 Potions","floor":4,"damage_taken":0},{"event_name":"Addict","player_choice":"Obtained Relic","floor":19,"damage_taken":0},{"event_name":"Knowing Skull","player_choice":"GOLD GOLD ","floor":27,"damage_taken":0},{"event_name":"Accursed Blacksmith","player_choice":"Rummage","floor":28,"damage_taken":0}],"boss_relics":[{"not_picked":["Lizard Tail","Snecko Eye"],"picked":"Nuclear Battery"}],"items_purged_floors":[2,20,22],"potions_floor_spawned":[3,7,11,12,16,25,31],"seed_played":"1740269219831384296","killed_by":"Automaton","ascension_level":1,"potions_obtained":[{"floor":3,"key":"SpeedPotion"},{"floor":4,"key":"AttackPotion"},{"floor":4,"key":"Poison Potion"},{"floor":11,"key":"LiquidBronze"},{"floor":12,"key":"SkillPotion"},{"floor":16,"key":"FearPotion"},{"floor":25,"key":"GamblersBrew"},{"floor":31,"key":"PowerPotion"}],"is_trial":false}