{"gold_per_floor":[17,35,48,60,79,79,97,130,153,179,190,210,210,235,235,335,335,351,368,384,396,311,337,337,70,70,89,89],"floor_reached":28,"playtime":3546,"items_purged":["Defend_R"],"score":256,"play_id":"a7c60cd4-2559-4d67-a5d2-46e40744c53c","local_time":"20190503004532","is_ascension_mode":false,"campfire_choices":[{"data":"Perfected Strike","floor":6.0,"key":"SMITH"},{"floor":13.0,"key":"REST"},{"floor":15.0,"key":"REST"},{"floor":24.0,"key":"REST"}],"neow_cost":"NO_GOLD","seed_source_timestamp":0,"circlet_count":0,"master_deck":["Strike_R","Strike_R","Strike_R","Strike_R","Strike_R","Defend_R","Defend_R","Defend_R","Bash","Mayhem","Secret Technique","Warcry","Warcry","Iron Wave","Pommel Strike","Perfected Strike+1","Headbutt","Shrug It Off","Barricade","Iron Wave","Heavy Blade","Juggernaut","Carnage","Perfected Strike","Shrug It Off","Carnage","Apotheosis"],"special_seed":0,"relics":["Burning Blood","Letter Opener","Happy Flower","Ancient Tea Set","Boot","Sozu","Strawberry","Juzu Bracelet","Darkstone Periapt"],"potions_floor_usage":[],"damage_taken":[{"damage":1.0,"enemies":"Cultist","floor":1.0,"turns":3.0},{"damage":6.0,"enemies":"Jaw Worm","floor":2.0,"turns":5.0},{"damage":5.0,"enemies":"Small Slimes","floor":3.0,"turns":5.0},{"damage":17.0,"enemies":"Looter","floor":4.0,"turns":4.0},{"damage":34.0,"enemies":"Exordium Thugs","floor":5.0,"turns":7.0},{"damage":22.0,"enemies":"Lots of Slimes","floor":7.0,"turns":6.0},{"damage":16.0,"enemies":"Lagavulin","floor":8.0,"turns":7.0},{"damage":8.0,"enemies":"Gremlin Nob","floor":10.0,"turns":3.0},{"damage":3.0,"enemies":"Large Slime","floor":11.0,"turns":8.0},{"damage":14.0,"enemies":"Exordium Thugs","floor":12.0,"turns":4.0},{"damage":25.0,"enemies":"The Guardian","floor":16.0,"turns":13.0},{"damage":20.0,"enemies":"2 Thieves","floor":18.0,"turns":5.0},{"damage":11.0,"enemies":"Chosen","floor":19.0,"turns":6.0},{"damage":10.0,"enemies":"Snecko","floor":20.0,"turns":4.0},{"damage":16.0,"enemies":"3 Cultists","floor":21.0,"turns":5.0},{"damage":44.0,"enemies":"Book of Stabbing","floor":23.0,"turns":7.0},{"damage":25,"enemies":"Centurion and Healer","floor":27,"turns":4},{"damage":25,"enemies":"Gremlin Leader","floor":28,"turns":3}],"seed_played":"-5406348780215130763","potions_obtained":[{"floor":1.0,"key":"SkillPotion"},{"floor":5.0,"key":"Swift Potion"},{"floor":7.0,"key":"PowerPotion"},{"floor":8.0,"key":"Dexterity Potion"},{"floor":12.0,"key":"Dexterity Potion"}],"is_trial":false,"path_per_floor":["M","M","M","M","M","R","M","E","T","E","M","M","R","T","R","B",null,"M","M","M","M","?","E","R","$","T","M","E"],"character_chosen":"IRONCLAD","items_purchased":["Apotheosis"],"campfire_rested":3,"item_purchase_floors":[25],"current_hp_per_floor":[80,80,80,69,41,41,25,15,15,13,16,8,32,32,56,37,80,66,61,57,47,54,16,42,42,42,23,0],"gold":89,"neow_bonus":"RANDOM_COLORLESS_2","is_prod":false,"is_daily":false,"chose_seed":false,"campfire_upgraded":1,"win_rate":0.0,"timestamp":1556862332,"path_taken":["M","M","M","M","M","R","M","E","T","E","M","M","R","?","R","BOSS","M","?","M","?","?","E","R","?","T","M","E"],"build_version":"2019-01-23","purchased_purges":1,"victory":false,"max_hp_per_floor":[80,80,80,80,80,80,80,80,80,80,80,80,80,80,80,80,80,80,80,80,80,87,87,87,87,87,87,87],"card_choices":[{"not_picked":["Infernal Blade","Searing Blow"],"picked":"Warcry","floor":1.0},{"not_picked":["Intimidate","Spot Weakness"],"picked":"Warcry","floor":2.0},{"not_picked":["Armaments","Second Wind"],"picked":"Iron Wave","floor":3.0},{"not_picked":["Cleave","Whirlwind"],"picked":"Pommel Strike","floor":4.0},{"not_picked":["Body Slam","Bloodletting"],"picked":"Perfected Strike","floor":5.0},{"not_picked":["Evolve","Whirlwind"],"picked":"Headbutt","floor":7.0},{"not_picked":["Twin Strike","Headbutt"],"picked":"Shrug It Off","floor":8.0},{"not_picked":["Dropkick","Pummel"],"picked":"Barricade","floor":10.0},{"not_picked":["Wild Strike","True Grit"],"picked":"Iron Wave","floor":11.0},{"not_picked":["Sever Soul","Headbutt"],"picked":"Heavy Blade","floor":12.0},{"not_picked":["Immolate","Berserk"],"picked":"Juggernaut","floor":16.0},{"not_picked":["Headbutt","Body Slam"],"picked":"Carnage","floor":18.0},{"not_picked":["Iron Wave","Twin Strike"],"picked":"Perfected Strike","floor":19.0},{"not_picked":["True Grit","Second Wind"],"picked":"Shrug It Off","floor":20.0},{"not_picked":["Battle Trance","Burning Pact","Dual Wield"],"picked":"SKIP","floor":21.0},{"not_picked":["Berserk","Headbutt"],"picked":"Carnage","floor":23.0},{"not_picked":["Twin Strike","Heavy Blade","Body Slam"],"picked":"SKIP","floor":27}],"player_experience":34881,"relics_obtained":[{"floor":8.0,"key":"Letter Opener"},{"floor":9.0,"key":"Happy Flower"},{"floor":10.0,"key":"Ancient Tea Set"},{"floor":14.0,"key":"Boot"},{"floor":23.0,"key":"Juzu Bracelet"},{"floor":26,"key":"Darkstone Periapt"}],"event_choices":[{"damage_healed":0.0,"max_hp_gain":0.0,"max_hp_loss":0.0,"gold_gain":0.0,"event_name":"Addict","player_choice":"Obtained Relic","floor":22.0,"gold_loss":85.0,"damage_taken":0.0,"relics_obtained":["Strawberry"]}],"is_beta":false,"boss_relics":[{"not_picked":["Philosopher\u0027s Stone","Runic Dome"],"picked":"Sozu"}],"items_purged_floors":[25],"is_endless":false,"potions_floor_spawned":[1,5,7,8,12,18,23],"killed_by":"Gremlin Leader","ascension_level":0}