{"gold_per_floor":[117,117,117,136,146,146,160,160,211,231,231,231,242,268,268,366,366,291,291,291,291,291,291,291,291,291,241,241,241,241,241,241,241,241,241,191,191,191,191,191,191,191,191,191,191,93,93,93,93,93],"floor_reached":51,"playtime":1604,"items_purged":["Strike_B","Strike_B","Strike_B"],"score":701,"play_id":"b58b0ce7-7802-4b14-8aa6-b1243bfbda7b","local_time":"20190225003805","is_ascension_mode":false,"campfire_choices":[{"data":"Dualcast","floor":6.0,"key":"SMITH"},{"data":"Zap","floor":8.0,"key":"SMITH"},{"data":"Melter","floor":11.0,"key":"SMITH"},{"data":"Creative AI","floor":15.0,"key":"SMITH"},{"data":"Ball Lightning","floor":23,"key":"SMITH"},{"data":"Cold Snap","floor":25,"key":"SMITH"},{"data":"Conserve Battery","floor":28,"key":"SMITH"},{"floor":32,"key":"REST"},{"floor":40,"key":"REST"},{"floor":47,"key":"REST"},{"floor":49,"key":"REST"}],"neow_cost":"NONE","seed_source_timestamp":1081613711753819,"circlet_count":0,"master_deck":["Strike_B","Defend_B","Defend_B","Defend_B","Defend_B","Zap+1","Dualcast+1","Cold Snap+1","Melter+1","Conserve Battery+1","Creative AI+1","Ball Lightning+1","Conserve Battery+1","Seek","Stack+1","Capacitor+1","Coolheaded","Chill+1","Force Field+1","Go for the Eyes","Darkness+1","Go for the Eyes"],"special_seed":0,"relics":["Cracked Core","Ancient Tea Set","Dream Catcher","Smiling Mask","Singing Bowl","Ectoplasm","Letter Opener","Nuclear Battery"],"potions_floor_usage":[18,18,50,50,50,50,50,50],"damage_taken":[{"damage":0.0,"enemies":"Cultist","floor":1.0,"turns":3.0},{"damage":0.0,"enemies":"2 Louse","floor":4.0,"turns":2.0},{"damage":9.0,"enemies":"Jaw Worm","floor":5.0,"turns":3.0},{"damage":0.0,"enemies":"Exordium Thugs","floor":7.0,"turns":4.0},{"damage":0.0,"enemies":"Large Slime","floor":10.0,"turns":4.0},{"damage":2.0,"enemies":"2 Fungi Beasts","floor":13.0,"turns":3.0},{"damage":5.0,"enemies":"Lagavulin","floor":14.0,"turns":7.0},{"damage":21.0,"enemies":"The Guardian","floor":16.0,"turns":10.0},{"damage":4,"enemies":"2 Thieves","floor":18,"turns":4},{"damage":0,"enemies":"Spheric Guardian","floor":19,"turns":1},{"damage":9,"enemies":"Chosen and Byrds","floor":20,"turns":6},{"damage":10,"enemies":"Centurion and Healer","floor":29,"turns":7},{"damage":56,"enemies":"Collector","floor":33,"turns":9},{"damage":9,"enemies":"3 Shapes","floor":35,"turns":6},{"damage":26,"enemies":"3 Darklings","floor":37,"turns":6},{"damage":4,"enemies":"Sphere and 2 Shapes","floor":38,"turns":5},{"damage":0,"enemies":"Writhing Mass","floor":41,"turns":7},{"damage":38,"enemies":"Transient","floor":42,"turns":5},{"damage":0,"enemies":"4 Shapes","floor":44,"turns":7},{"damage":22,"enemies":"Maw","floor":45,"turns":9},{"damage":0,"enemies":"Writhing Mass","floor":48,"turns":6},{"damage":44,"enemies":"Awakened One","floor":50,"turns":11}],"seed_played":"-5642249514674544341","potions_obtained":[{"floor":1.0,"key":"SkillPotion"},{"floor":4.0,"key":"GamblersBrew"},{"floor":5.0,"key":"EntropicBrew"},{"floor":18,"key":"PowerPotion"},{"floor":35,"key":"Ancient Potion"}],"is_trial":false,"path_per_floor":["M","$","T","M","M","R","M","R","T","M","R","?","M","E","R","B",null,"M","M","M","$","?","R","$","R","T","$","R","M","?","?","R","B",null,"M","$","M","M","?","R","M","M","T","M","M","$","R","M","R","B",null],"character_chosen":"DEFECT","items_purchased":["Go for the Eyes"],"campfire_rested":4,"item_purchase_floors":[46],"current_hp_per_floor":[82,82,82,82,73,73,73,73,73,73,73,70,68,65,65,46,86,82,84,77,77,68,68,68,68,68,68,68,60,60,42,71,15,97,90,90,64,60,60,89,89,53,53,55,33,33,63,65,96,52],"gold":93,"neow_bonus":"TEN_PERCENT_HP_BONUS","is_prod":false,"is_daily":false,"chose_seed":false,"campfire_upgraded":7,"win_rate":0,"timestamp":1551055085,"path_taken":["M","$","?","M","M","R","M","R","T","M","R","?","M","E","R","BOSS","M","M","M","$","?","R","$","R","T","?","R","M","?","?","R","BOSS","M","$","M","M","?","R","M","M","T","?","M","$","R","M","R","BOSS"],"build_version":"2019-01-23","purchased_purges":3,"victory":true,"max_hp_per_floor":[82,82,82,82,82,82,82,82,82,82,82,82,82,84,84,86,86,86,88,90,90,90,90,90,90,90,90,90,92,92,97,97,97,97,99,99,99,99,99,99,99,101,101,103,103,103,103,105,105,105],"card_choices":[{"not_picked":["Gash","Go for the Eyes"],"picked":"Cold Snap","floor":1.0},{"not_picked":["Steam","Barrage"],"picked":"Melter","floor":4.0},{"not_picked":["Lockon","Storm"],"picked":"Conserve Battery","floor":5.0},{"not_picked":["Compile Driver","Blizzard","Redo"],"picked":"SKIP","floor":7.0},{"not_picked":["Cold Snap","Chaos","Compile Driver"],"picked":"SKIP","floor":10.0},{"not_picked":["Recycle","Fusion"],"picked":"Creative AI","floor":13.0},{"not_picked":["Beam Cell","Capacitor","Conserve Battery"],"picked":"Singing Bowl","floor":14.0},{"not_picked":["Hyperbeam","Core Surge","Amplify"],"picked":"Singing Bowl","floor":16.0},{"not_picked":["Consume+1","Lockon+1"],"picked":"Ball Lightning","floor":18},{"not_picked":["Blizzard","Sunder","Aggregate"],"picked":"Singing Bowl","floor":19},{"not_picked":["Rebound","Capacitor","Barrage"],"picked":"Singing Bowl","floor":20},{"not_picked":["Turbo","Skim+1","Stack"],"picked":"Singing Bowl","floor":29},{"not_picked":["Lockon+1","Redo"],"picked":"Conserve Battery+1","floor":32},{"not_picked":["Amplify","All For One"],"picked":"Seek","floor":33},{"not_picked":["Compile Driver+1","Sweeping Beam+1","Gash+1"],"picked":"Singing Bowl","floor":35},{"not_picked":["Scrape","Sweeping Beam+1"],"picked":"Stack+1","floor":37},{"not_picked":["Rebound+1","Double Energy"],"picked":"Capacitor+1","floor":38},{"not_picked":["Beam Cell+1","Hologram"],"picked":"Coolheaded","floor":40},{"not_picked":["Steam+1","Recycle+1"],"picked":"Chill+1","floor":41},{"not_picked":["Redo+1","Stack+1","Blizzard"],"picked":"Singing Bowl","floor":42},{"not_picked":["Turbo","Redo+1","Beam Cell"],"picked":"Singing Bowl","floor":44},{"not_picked":["Stack","Gash+1"],"picked":"Force Field+1","floor":45},{"not_picked":["Storm+1","Seek"],"picked":"Darkness+1","floor":47},{"not_picked":["Turbo+1","Stack+1","Hologram+1"],"picked":"Singing Bowl","floor":48},{"not_picked":["Turbo","Streamline+1"],"picked":"Go for the Eyes","floor":49}],"player_experience":1066273,"relics_obtained":[{"floor":3.0,"key":"Ancient Tea Set"},{"floor":9.0,"key":"Dream Catcher"},{"floor":14.0,"key":"Singing Bowl"},{"floor":26,"key":"Letter Opener"}],"event_choices":[{"damage_healed":0.0,"max_hp_gain":0.0,"max_hp_loss":0.0,"gold_gain":0.0,"event_name":"Scrap Ooze","player_choice":"Success","floor":12.0,"gold_loss":0.0,"damage_taken":3.0,"relics_obtained":["Smiling Mask"]},{"damage_healed":0,"gold_gain":0,"player_choice":"Damaged","damage_taken":9,"max_hp_gain":0,"max_hp_loss":0,"event_name":"Wheel of Change","floor":22,"gold_loss":0},{"damage_healed":0,"gold_gain":0,"player_choice":"Ignored","damage_taken":0,"max_hp_gain":0,"max_hp_loss":0,"event_name":"Cursed Tome","floor":30,"gold_loss":0},{"damage_healed":0,"gold_gain":0,"player_choice":"Shed Blood","damage_taken":23,"max_hp_gain":5,"max_hp_loss":0,"event_name":"Forgotten Altar","floor":31,"gold_loss":0},{"damage_healed":0,"gold_gain":0,"player_choice":"Bought 0 Potions","damage_taken":0,"max_hp_gain":0,"max_hp_loss":0,"event_name":"The Woman in Blue","floor":39,"gold_loss":0}],"is_beta":false,"boss_relics":[{"not_picked":["Lizard Tail","Busted Crown"],"picked":"Ectoplasm"},{"not_picked":["Sozu","Coffee Dripper"],"picked":"Nuclear Battery"}],"items_purged_floors":[27,36,46],"is_endless":false,"potions_floor_spawned":[1,4,5,16,18,35,37,38,44,45],"ascension_level":0}