{"gold_per_floor":[214,230,230,230,251,294,171,212,260,304,304,319,63,88,88,216,216,232,232,248,41,60,60,73,92,168,191,191,216,91,116,116,116],"floor_reached":33,"playtime":1002,"items_purged":["Strike_B","Strike_B","Defend_B"],"score":321,"play_id":"8d7f82a7-da76-401b-925e-7367d9f0e603","local_time":"20190602232920","is_ascension_mode":false,"campfire_choices":[{"floor":11.0,"key":"REST"},{"data":"Sunder","floor":15.0,"key":"SMITH"},{"data":"Buffer","floor":23,"key":"SMITH"},{"data":"Buffer","floor":28,"key":"SMITH"},{"data":"Zap","floor":32,"key":"SMITH"}],"neow_cost":"NONE","seed_source_timestamp":354072183835428,"circlet_count":0,"master_deck":["Strike_B","Strike_B","Defend_B","Defend_B","Zap+1","Dualcast+1","Coolheaded+1","Sunder+1","Ball Lightning","Glacier","Buffer+1","Buffer+1","Glacier","Glacier","Melter","BootSequence+1"],"special_seed":0,"relics":["Cracked Core","Golden Idol","Matryoshka","Blood Vial","Ancient Tea Set","Vajra","Pen Nib","War Paint","Orrery","Runic Capacitor","Lantern","Pantograph"],"potions_floor_usage":[],"damage_taken":[{"damage":0.0,"enemies":"Jaw Worm","floor":1.0,"turns":4.0},{"damage":0.0,"enemies":"Cultist","floor":2.0,"turns":2.0},{"damage":0.0,"enemies":"2 Louse","floor":5.0,"turns":2.0},{"damage":16.0,"enemies":"Gremlin Nob","floor":6.0,"turns":4.0},{"damage":24.0,"enemies":"Lagavulin","floor":8.0,"turns":8.0},{"damage":14.0,"enemies":"Gremlin Nob","floor":10.0,"turns":3.0},{"damage":0.0,"enemies":"Exordium Wildlife","floor":12.0,"turns":4.0},{"damage":4.0,"enemies":"Large Slime","floor":14.0,"turns":4.0},{"damage":0.0,"enemies":"Slime Boss","floor":16.0,"turns":10.0},{"damage":7.0,"enemies":"2 Thieves","floor":18.0,"turns":4.0},{"damage":6,"enemies":"Shell Parasite","floor":20,"turns":8},{"damage":13,"enemies":"Snake Plant","floor":22,"turns":7},{"damage":0,"enemies":"Sentry and Sphere","floor":24,"turns":5},{"damage":2,"enemies":"Centurion and Healer","floor":25,"turns":12},{"damage":0,"enemies":"Cultist and Chosen","floor":27,"turns":6},{"damage":5,"enemies":"Snake Plant","floor":29,"turns":5},{"damage":0,"enemies":"Snecko","floor":31,"turns":7},{"damage":0,"enemies":"Collector","floor":33,"turns":1}],"seed_played":"-4905147324401721658","potions_obtained":[{"floor":2.0,"key":"PowerPotion"},{"floor":8.0,"key":"LiquidBronze"},{"floor":12.0,"key":"Explosive Potion"},{"floor":18.0,"key":"SteroidPotion"},{"floor":22,"key":"Weak Potion"},{"floor":25,"key":"GamblersBrew"}],"is_trial":false,"path_per_floor":["M","M","?","?","M","E","$","E","T","E","R","M","$","M","R","B",null,"M","?","M","$","M","R","M","M","T","M","R","M","$","M","R","B"],"character_chosen":"DEFECT","items_purchased":["Ball Lightning","War Paint","Runic Capacitor"],"campfire_rested":1,"item_purchase_floors":[7,13,21],"current_hp_per_floor":[75,75,57,57,57,41,41,17,17,5,27,29,29,27,27,29,75,68,68,64,64,53,53,55,55,55,57,57,54,54,56,56,75],"gold":116,"neow_bonus":"HUNDRED_GOLD","is_prod":false,"is_daily":false,"chose_seed":false,"campfire_upgraded":4,"win_rate":0,"timestamp":1559514560,"path_taken":["M","M","?","?","M","E","$","E","T","E","R","M","$","?","R","BOSS","M","?","M","$","M","R","M","M","T","M","R","?","$","?","R","BOSS"],"build_version":"2019-01-23","purchased_purges":3,"victory":false,"max_hp_per_floor":[75,75,75,75,75,75,75,75,75,75,75,75,75,75,75,75,75,75,75,75,75,75,75,75,75,75,75,75,75,75,75,75,75],"card_choices":[{"not_picked":["Hologram","Leap","Redo"],"picked":"SKIP","floor":1.0},{"not_picked":["Turbo","Redo","Gash"],"picked":"SKIP","floor":2.0},{"not_picked":["Genetic Algorithm","Double Energy"],"picked":"Coolheaded","floor":5.0},{"not_picked":["Reboot","Leap"],"picked":"Sunder","floor":6.0},{"not_picked":["Hologram","Stack"],"picked":"Glacier","floor":8.0},{"not_picked":["Ball Lightning","Coolheaded"],"picked":"Buffer","floor":10.0},{"not_picked":["Stack","Sweeping Beam","Hologram"],"picked":"SKIP","floor":12.0},{"not_picked":["Steam","Hologram","Machine Learning"],"picked":"SKIP","floor":14.0},{"not_picked":["Core Surge","All For One"],"picked":"Buffer","floor":16.0},{"not_picked":["Barrage","Force Field"],"picked":"Glacier","floor":17.0},{"not_picked":["Barrage","Cold Snap"],"picked":"Glacier","floor":17.0},{"not_picked":["Hologram","Coolheaded","Sweeping Beam"],"picked":"SKIP","floor":18.0},{"not_picked":["Core Surge","Gash","Auto Shields"],"picked":"SKIP","floor":20},{"not_picked":["Beam Cell","Compile Driver"],"picked":"BootSequence+1","floor":22},{"not_picked":["Turbo","Self Repair","Consume"],"picked":"SKIP","floor":24},{"not_picked":["Loop","Undo","Glacier"],"picked":"SKIP","floor":25},{"not_picked":["Reinforced Body+1","Ball Lightning","Redo+1"],"picked":"SKIP","floor":27},{"not_picked":["BootSequence","Stack","Rip and Tear"],"picked":"SKIP","floor":29},{"not_picked":["Recycle+1","Chaos","Rip and Tear+1"],"picked":"SKIP","floor":31}],"player_experience":1275353,"relics_obtained":[{"floor":6.0,"key":"Matryoshka"},{"floor":8.0,"key":"Blood Vial"},{"floor":9.0,"key":"Ancient Tea Set"},{"floor":9.0,"key":"Vajra"},{"floor":10.0,"key":"Pen Nib"},{"floor":26,"key":"Lantern"},{"floor":26,"key":"Pantograph"}],"event_choices":[{"damage_healed":0.0,"max_hp_gain":0.0,"max_hp_loss":0.0,"gold_gain":0.0,"event_name":"Golden Idol","player_choice":"Take Damage","floor":3.0,"gold_loss":0.0,"damage_taken":18.0,"relics_obtained":["Golden Idol"]},{"damage_healed":0.0,"max_hp_gain":0.0,"max_hp_loss":0.0,"gold_gain":0.0,"event_name":"Match and Keep!","player_choice":"0 cards matched","floor":4.0,"gold_loss":0.0,"damage_taken":0.0,"cards_obtained":[]},{"damage_healed":0,"gold_gain":0,"cards_transformed":["Defend_B"],"player_choice":"Transformed","damage_taken":0,"max_hp_gain":0,"max_hp_loss":0,"event_name":"Transmorgrifier","floor":19,"gold_loss":0,"cards_obtained":["Melter"]}],"is_beta":false,"boss_relics":[{"not_picked":["Runic Dome","Runic Pyramid"],"picked":"Orrery"}],"items_purged_floors":[7,13,30],"is_endless":false,"potions_floor_spawned":[2,8,12,18,22,25,27],"killed_by":"Collector","ascension_level":0}