{"gold_per_floor":[216,216,233,233,251,251,261,261,314,324,343,370,370,370,370,466,466,486,486,505,336,611,611,623,306,306,306,331,343,355,390,390,494,494,510,510,233,244,260,260,260,260,260,260,260,270,270,283,283,283],"floor_reached":51,"playtime":1739,"items_purged":["Rebound","Regret","Rip and Tear+1"],"score":752,"play_id":"1a333243-b271-45ca-a4a5-f48de524cf43","local_time":"20190316153226","is_ascension_mode":false,"campfire_choices":[{"data":"Dualcast","floor":6.0,"key":"SMITH"},{"data":"Zap","floor":8.0,"key":"SMITH"},{"data":"Ball Lightning","floor":13.0,"key":"SMITH"},{"data":"Coolheaded","floor":15.0,"key":"SMITH"},{"data":"Defragment","floor":23,"key":"SMITH"},{"data":"Defragment","floor":27,"key":"SMITH"},{"floor":32,"key":"REST"},{"data":"Rainbow","floor":40,"key":"SMITH"},{"data":"Echo Form","floor":42,"key":"SMITH"},{"data":"White Noise","floor":45,"key":"SMITH"},{"data":"Conserve Battery","floor":49,"key":"SMITH"}],"neow_cost":"NONE","seed_source_timestamp":747552240538989,"circlet_count":0,"master_deck":["Zap+1","Dualcast+1","Glacier","Coolheaded+1","Conserve Battery+1","Rainbow+1","FTL+1","Defragment+1","Echo Form+1","Go for the Eyes+1","White Noise+1","Defragment+1","Chill+1","Undo","Auto Shields","Echo Form+1","Thunder Strike+1","Glacier"],"special_seed":0,"relics":["Cracked Core","Pen Nib","Odd Mushroom","Pandora\u0027s Box","DataDisk","Vajra","Oddly Smooth Stone","Frozen Egg 2","Astrolabe","Whetstone","Ice Cream"],"potions_floor_usage":[50,50,50],"damage_taken":[{"damage":0.0,"enemies":"2 Louse","floor":1.0,"turns":1.0},{"damage":0.0,"enemies":"Cultist","floor":3.0,"turns":2.0},{"damage":5.0,"enemies":"Small Slimes","floor":5.0,"turns":3.0},{"damage":5.0,"enemies":"Looter","floor":7.0,"turns":3.0},{"damage":0.0,"enemies":"Red Slaver","floor":10.0,"turns":3.0},{"damage":1.0,"enemies":"Lots of Slimes","floor":11.0,"turns":6.0},{"damage":5.0,"enemies":"The Mushroom Lair","floor":12.0,"turns":7.0},{"damage":18.0,"enemies":"Slime Boss","floor":16.0,"turns":12.0},{"damage":14,"enemies":"3 Byrds","floor":18,"turns":3},{"damage":6,"enemies":"Chosen","floor":20,"turns":3},{"damage":17,"enemies":"Snecko","floor":24,"turns":4},{"damage":6,"enemies":"Slavers","floor":28,"turns":6},{"damage":6,"enemies":"Shelled Parasite and Fungi","floor":29,"turns":6},{"damage":0,"enemies":"Cultist and Chosen","floor":30,"turns":7},{"damage":0,"enemies":"Gremlin Leader","floor":31,"turns":7},{"damage":26,"enemies":"Collector","floor":33,"turns":11},{"damage":2,"enemies":"3 Shapes","floor":35,"turns":6},{"damage":1,"enemies":"Orb Walker","floor":38,"turns":4},{"damage":0,"enemies":"Sphere and 2 Shapes","floor":39,"turns":8},{"damage":5,"enemies":"3 Darklings","floor":46,"turns":6},{"damage":0,"enemies":"Transient","floor":48,"turns":5},{"damage":0,"enemies":"Donu and Deca","floor":50,"turns":9}],"seed_played":"-5866529374039638576","potions_obtained":[{"floor":3.0,"key":"Ancient Potion"},{"floor":5.0,"key":"AttackPotion"},{"floor":7.0,"key":"Strength Potion"},{"floor":12.0,"key":"SkillPotion"},{"floor":20,"key":"Energy Potion"},{"floor":38,"key":"PowerPotion"}],"is_trial":false,"path_per_floor":["M","$","M","$","M","R","M","R","T","M","M","?","R","?","R","B",null,"M","?","M","$","?","R","M","$","T","R","E","M","M","E","R","B",null,"M","?","$","M","M","R","?","R","T","?","R","M","?","M","R","B",null],"character_chosen":"DEFECT","items_purchased":["Defragment","Stack","DataDisk","FocusPotion","Whetstone"],"campfire_rested":1,"item_purchase_floors":[21,21,25,25,37],"current_hp_per_floor":[75,75,75,75,70,70,65,65,65,65,64,59,59,64,64,46,80,66,66,60,60,60,60,43,43,43,43,37,31,31,31,55,29,80,78,78,78,77,77,77,77,77,77,77,77,72,72,72,72,72],"gold":283,"neow_bonus":"HUNDRED_GOLD","is_prod":false,"is_daily":false,"chose_seed":false,"campfire_upgraded":10,"win_rate":0,"timestamp":1552750346,"path_taken":["M","$","M","$","M","R","M","R","T","M","M","?","R","?","R","BOSS","M","?","?","$","?","R","M","$","T","R","E","?","M","E","R","BOSS","M","?","$","M","M","R","?","R","T","?","R","?","?","M","R","BOSS"],"build_version":"2019-01-23","purchased_purges":3,"victory":true,"max_hp_per_floor":[75,75,75,75,75,75,75,75,75,75,75,75,75,80,80,80,80,80,80,80,80,80,80,80,80,80,80,80,80,80,80,80,80,80,80,80,80,80,80,80,80,80,80,80,80,80,80,80,80,80],"card_choices":[{"not_picked":["Stack","Consume","Streamline"],"picked":"SKIP","floor":1.0},{"not_picked":["Turbo","Sweeping Beam"],"picked":"Ball Lightning","floor":3.0},{"not_picked":["Compile Driver","Fission"],"picked":"Glacier","floor":5.0},{"not_picked":["Compile Driver","Sweeping Beam"],"picked":"Coolheaded","floor":7.0},{"not_picked":["Rebound","Sweeping Beam","Leap"],"picked":"SKIP","floor":10.0},{"not_picked":["Ball Lightning","Genetic Algorithm"],"picked":"Conserve Battery","floor":11.0},{"not_picked":["Redo","Aggregate","Rebound"],"picked":"SKIP","floor":18},{"not_picked":["Reprogram","Ball Lightning"],"picked":"White Noise","floor":20},{"not_picked":["Streamline","Hologram"],"picked":"Chill+1","floor":24},{"not_picked":["Streamline","Coolheaded"],"picked":"Undo","floor":28},{"not_picked":["Ball Lightning","Leap"],"picked":"Auto Shields","floor":29},{"not_picked":["Rebound","Skim","Go for the Eyes"],"picked":"SKIP","floor":30},{"not_picked":["Self Repair","Reprogram","Stack"],"picked":"SKIP","floor":31},{"not_picked":["Seek","Rainbow"],"picked":"Echo Form+1","floor":33},{"not_picked":["Leap+1","Stack"],"picked":"Glacier","floor":35},{"not_picked":["Undo+1","Sunder","Leap+1"],"picked":"SKIP","floor":38},{"not_picked":["Coolheaded+1","Recycle","Hologram+1"],"picked":"SKIP","floor":39},{"not_picked":["Reinforced Body","Glacier","Doom and Gloom"],"picked":"SKIP","floor":46},{"not_picked":["Stack","Hello World+1","Auto Shields+1"],"picked":"SKIP","floor":48}],"player_experience":1116242,"relics_obtained":[{"floor":9.0,"key":"Pen Nib"},{"floor":12.0,"key":"Odd Mushroom"},{"floor":26,"key":"Vajra"},{"floor":28,"key":"Oddly Smooth Stone"},{"floor":31,"key":"Frozen Egg 2"},{"floor":43,"key":"Ice Cream"}],"event_choices":[{"damage_healed":0.0,"max_hp_gain":0.0,"max_hp_loss":0.0,"gold_gain":0.0,"event_name":"Mushrooms","player_choice":"Fought Mushrooms","floor":12.0,"gold_loss":0.0,"damage_taken":0.0},{"damage_healed":0.0,"max_hp_gain":5.0,"max_hp_loss":0.0,"gold_gain":0.0,"event_name":"Big Fish","player_choice":"Donut","floor":14.0,"gold_loss":0.0,"damage_taken":0.0},{"cards_removed":["Rainbow"],"damage_healed":0,"gold_gain":0,"player_choice":"Took Card","damage_taken":0,"max_hp_gain":0,"max_hp_loss":0,"event_name":"NoteForYourself","floor":19,"gold_loss":0,"cards_obtained":["Defend_B"]},{"damage_healed":0,"gold_gain":275,"player_choice":"Desecrate","damage_taken":0,"max_hp_gain":0,"max_hp_loss":0,"event_name":"Golden Shrine","floor":22,"gold_loss":0,"cards_obtained":["Regret"]},{"cards_removed":["Ball Lightning"],"damage_healed":0,"gold_gain":0,"player_choice":"Removed Attack","damage_taken":0,"max_hp_gain":0,"max_hp_loss":0,"event_name":"Falling","floor":36,"gold_loss":0},{"damage_healed":0,"gold_gain":0,"player_choice":"Ignored","damage_taken":0,"max_hp_gain":0,"max_hp_loss":0,"event_name":"Tomb of Lord Red Mask","floor":41,"gold_loss":0},{"damage_healed":0,"gold_gain":0,"player_choice":"0 cards matched","damage_taken":0,"max_hp_gain":0,"max_hp_loss":0,"event_name":"Match and Keep!","floor":44,"gold_loss":0,"cards_obtained":[]},{"cards_removed":["Amplify"],"damage_healed":0,"gold_gain":0,"player_choice":"Purged","damage_taken":0,"max_hp_gain":0,"max_hp_loss":0,"event_name":"Purifier","floor":47,"gold_loss":0}],"is_beta":false,"boss_relics":[{"not_picked":["Orrery","Runic Pyramid"],"picked":"Pandora\u0027s Box"},{"not_picked":["Eternal Feather","Snecko Eye"],"picked":"Astrolabe"}],"items_purged_floors":[21,25,37],"is_endless":false,"potions_floor_spawned":[3,5,7,12,16,18,20,31,38,39,46],"ascension_level":0}