{"gold_per_floor":[112,59,59,72,72,72,103,103,103,103,117,161,161,161,161,290,290,314,165,188,188,188,219,219,243,266,266,291,152,167,42,42,170,170,188,212,134,149,82,82,96,0,27,62,85,104,104,54,54,54],"floor_reached":51,"playtime":1987,"items_purged":["Strike_B","Strike_B","Strike_B"],"score":703,"play_id":"3d751afb-03c6-40a4-a634-53eaf859e914","local_time":"20190304221632","is_ascension_mode":false,"campfire_choices":[{"data":"Dualcast","floor":6.0,"key":"SMITH"},{"data":"Zap","floor":10.0,"key":"SMITH"},{"floor":13.0,"key":"REST"},{"data":"Ball Lightning","floor":15.0,"key":"SMITH"},{"data":"Defragment","floor":24,"key":"SMITH"},{"data":"Conserve Battery","floor":27,"key":"SMITH"},{"floor":32,"key":"REST"},{"data":"Defragment","floor":40,"key":"SMITH"},{"data":"Defragment","floor":47,"key":"SMITH"},{"floor":49,"key":"REST"}],"neow_cost":"NONE","seed_source_timestamp":1763966274549419,"circlet_count":0,"master_deck":["Strike_B+1","Defend_B","Defend_B+1","Zap+1","Dualcast+1","Chill","Ball Lightning+1","Conserve Battery","Conserve Battery+1","Cold Snap+1","Thunder Strike+1","FTL+1","Defragment+1","BootSequence+1","Beam Cell+1","Steam+1","Defragment+1","Go for the Eyes+1","Echo Form","BootSequence","Ball Lightning+1","Defragment+1"],"special_seed":0,"relics":["Cracked Core","Golden Idol","Pear","Molten Egg 2","Gambling Chip","Nuclear Battery","Bag of Preparation","Empty Cage","Red Mask","Vajra","Art of War"],"potions_floor_usage":[50,50,50],"damage_taken":[{"damage":0.0,"enemies":"Cultist","floor":1.0,"turns":3.0},{"damage":0.0,"enemies":"2 Louse","floor":4.0,"turns":2.0},{"damage":22.0,"enemies":"Gremlin Nob","floor":7.0,"turns":5.0},{"damage":0.0,"enemies":"Small Slimes","floor":11.0,"turns":2.0},{"damage":22.0,"enemies":"Lagavulin","floor":12.0,"turns":6.0},{"damage":22.0,"enemies":"Slime Boss","floor":16.0,"turns":11.0},{"damage":0.0,"enemies":"Shell Parasite","floor":18.0,"turns":6.0},{"damage":2.0,"enemies":"Spheric Guardian","floor":20.0,"turns":4.0},{"damage":9.0,"enemies":"Colosseum Slavers","floor":21.0,"turns":5.0},{"damage":36.0,"enemies":"Book of Stabbing","floor":23.0,"turns":6.0},{"damage":0,"enemies":"Shelled Parasite and Fungi","floor":25,"turns":6},{"damage":0,"enemies":"Snake Plant","floor":28,"turns":3},{"damage":0,"enemies":"Snecko","floor":30,"turns":3},{"damage":13,"enemies":"Champ","floor":33,"turns":10},{"damage":7,"enemies":"3 Darklings","floor":35,"turns":6},{"damage":0,"enemies":"Orb Walker","floor":36,"turns":3},{"damage":13,"enemies":"Jaw Worm Horde","floor":38,"turns":6},{"damage":0,"enemies":"Sphere and 2 Shapes","floor":41,"turns":6},{"damage":3,"enemies":"Giant Head","floor":44,"turns":6},{"damage":3,"enemies":"3 Darklings","floor":45,"turns":4},{"damage":0,"enemies":"Maw","floor":46,"turns":5},{"damage":66,"enemies":"Donu and Deca","floor":50,"turns":8}],"seed_played":"2386708807181838873","potions_obtained":[{"floor":1.0,"key":"SpeedPotion"},{"floor":7.0,"key":"Energy Potion"},{"floor":11.0,"key":"FocusPotion"},{"floor":20.0,"key":"AttackPotion"}],"is_trial":false,"path_per_floor":["M","$","?","M","$","R","E","?","T","R","M","E","R","?","R","B",null,"M","$","M","?","?","E","R","M","T","R","M","$","M","$","R","B",null,"M","M","$","M","$","R","M","?","T","E","M","M","R","$","R","B",null],"character_chosen":"DEFECT","items_purchased":["Conserve Battery","Defragment","Defragment","FocusPotion","Defragment","PowerPotion"],"campfire_rested":3,"item_purchase_floors":[2,19,29,37,39,48],"current_hp_per_floor":[75,75,57,57,57,57,45,28,28,28,28,6,31,31,31,9,85,85,85,83,74,74,38,38,38,38,38,38,38,38,38,63,50,85,78,78,78,65,65,65,65,65,65,62,59,59,59,59,84,18],"gold":54,"neow_bonus":"THREE_CARDS","is_prod":false,"is_daily":false,"chose_seed":false,"campfire_upgraded":7,"win_rate":0,"timestamp":1551737792,"path_taken":["M","$","?","M","$","R","E","?","T","R","M","E","R","?","R","BOSS","M","$","M","?","?","E","R","M","T","R","M","$","M","?","R","BOSS","M","M","$","M","$","R","M","?","T","E","M","M","R","$","R","BOSS"],"build_version":"2019-01-23","purchased_purges":3,"victory":true,"max_hp_per_floor":[75,75,75,75,75,75,85,85,85,85,85,85,85,85,85,85,85,85,85,85,85,85,85,85,85,85,85,85,85,85,85,85,85,85,85,85,85,85,85,85,85,85,85,85,85,85,85,85,85,85],"card_choices":[{"not_picked":["Skim","Heatsinks"],"picked":"Chill","floor":0.0},{"not_picked":["Double Energy","Hologram"],"picked":"Ball Lightning","floor":1.0},{"not_picked":["Hologram","Force Field","Turbo"],"picked":"SKIP","floor":4.0},{"not_picked":["Coolheaded","Force Field","Chaos"],"picked":"SKIP","floor":7.0},{"not_picked":["Doom and Gloom+1","Genetic Algorithm"],"picked":"Conserve Battery","floor":11.0},{"not_picked":["Consume","Fusion"],"picked":"Cold Snap+1","floor":12.0},{"not_picked":["Rainbow","Reboot"],"picked":"Thunder Strike+1","floor":16.0},{"not_picked":["Redo","Coolheaded"],"picked":"FTL+1","floor":18.0},{"not_picked":["Force Field","Scrape+1","Hello World+1"],"picked":"SKIP","floor":20.0},{"not_picked":["Fission","Ball Lightning+1"],"picked":"BootSequence+1","floor":23},{"not_picked":["Redo","Turbo"],"picked":"Beam Cell+1","floor":25},{"not_picked":["Force Field","Coolheaded"],"picked":"Steam+1","floor":28},{"not_picked":["Consume+1","Ball Lightning+1"],"picked":"Go for the Eyes+1","floor":30},{"not_picked":["Multi-Cast","Creative AI"],"picked":"Echo Form","floor":33},{"not_picked":["Gash+1","Steam+1"],"picked":"BootSequence","floor":35},{"not_picked":["Reprogram","Gash+1"],"picked":"Ball Lightning+1","floor":36},{"not_picked":["Steam+1","Go for the Eyes+1","Cold Snap+1"],"picked":"SKIP","floor":38},{"not_picked":["Conserve Battery+1","Machine Learning","Lockon+1"],"picked":"SKIP","floor":41},{"not_picked":["Consume","Sunder+1","Steam"],"picked":"SKIP","floor":44},{"not_picked":["Compile Driver+1","Stack+1","Leap"],"picked":"SKIP","floor":45},{"not_picked":["Ball Lightning+1","Redo+1","Turbo"],"picked":"SKIP","floor":46}],"player_experience":1082739,"relics_obtained":[{"floor":7.0,"key":"Pear"},{"floor":9.0,"key":"Molten Egg 2"},{"floor":12.0,"key":"Gambling Chip"},{"floor":26,"key":"Bag of Preparation"},{"floor":43,"key":"Vajra"},{"floor":44,"key":"Art of War"}],"event_choices":[{"damage_healed":0.0,"max_hp_gain":0.0,"max_hp_loss":0.0,"gold_gain":0.0,"event_name":"Golden Idol","player_choice":"Take Damage","floor":3.0,"gold_loss":0.0,"damage_taken":18.0,"relics_obtained":["Golden Idol"]},{"damage_healed":0.0,"max_hp_gain":0.0,"max_hp_loss":0.0,"gold_gain":0.0,"event_name":"Shining Light","player_choice":"Entered Light","floor":8.0,"gold_loss":0.0,"damage_taken":17.0,"cards_upgraded":["Defend_B","Strike_B"]},{"damage_healed":0.0,"max_hp_gain":0.0,"max_hp_loss":0.0,"gold_gain":0.0,"event_name":"Dead Adventurer","player_choice":"Searched \u00270\u0027 times","floor":14.0,"gold_loss":0.0,"damage_taken":0.0},{"damage_healed":0.0,"max_hp_gain":0.0,"max_hp_loss":0.0,"gold_gain":0.0,"event_name":"Colosseum","player_choice":"Fight","floor":21.0,"gold_loss":0.0,"damage_taken":0.0},{"damage_healed":0.0,"max_hp_gain":0.0,"max_hp_loss":0.0,"gold_gain":0.0,"event_name":"Colosseum","player_choice":"Fled From Nobs","floor":21.0,"gold_loss":0.0,"damage_taken":0.0},{"damage_healed":0.0,"max_hp_gain":0.0,"max_hp_loss":0.0,"gold_gain":0.0,"event_name":"NoteForYourself","player_choice":"Ignored","floor":22.0,"gold_loss":0.0,"damage_taken":0.0},{"damage_healed":0,"gold_gain":0,"player_choice":"Paid","damage_taken":0,"relics_obtained":["Red Mask"],"max_hp_gain":0,"max_hp_loss":0,"event_name":"Tomb of Lord Red Mask","floor":42,"gold_loss":96}],"is_beta":false,"boss_relics":[{"not_picked":["Coffee Dripper","Runic Dome"],"picked":"Nuclear Battery"},{"not_picked":["Eternal Feather","White Beast Statue"],"picked":"Empty Cage"}],"items_purged_floors":[19,29,31],"is_endless":false,"potions_floor_spawned":[1,7,11,20,25,33,35,41,46],"ascension_level":0}