{"gold_per_floor":[113,73,85,95,115,142,152,152,152,171,201,201,227,257,257,257],"floor_reached":16,"playtime":1793,"items_purged":[],"score":128,"play_id":"e7bd116e-d32a-4207-9e00-7efc2279e736","local_time":"20190505043842","is_ascension_mode":true,"campfire_choices":[{"floor":8.0,"key":"REST"},{"floor":12.0,"key":"REST"},{"floor":15,"key":"RECALL"}],"neow_cost":"PERCENT_DAMAGE","seed_source_timestamp":711793293822600,"circlet_count":0,"master_deck":["Strike_R","Strike_R","Strike_R","Strike_R","Defend_R","Defend_R","Defend_R","Bash","Combust","Feel No Pain","Iron Wave","True Grit","Dropkick","Ghostly Armor","Combust","Thunderclap","Second Wind","Shockwave","Corruption"],"special_seed":0,"relics":["Burning Blood","Dodecahedron","Orichalcum","Strawberry","Sundial","Darkstone Periapt"],"potions_floor_usage":[16,16],"damage_taken":[{"damage":10.0,"enemies":"2 Louse","floor":1.0,"turns":3.0},{"damage":3.0,"enemies":"Cultist","floor":3.0,"turns":3.0},{"damage":6.0,"enemies":"Jaw Worm","floor":4.0,"turns":5.0},{"damage":12.0,"enemies":"Blue Slaver","floor":5.0,"turns":3.0},{"damage":29.0,"enemies":"3 Sentries","floor":6.0,"turns":11.0},{"damage":9.0,"enemies":"Lots of Slimes","floor":7.0,"turns":3.0},{"damage":12.0,"enemies":"2 Fungi Beasts","floor":10.0,"turns":3.0},{"damage":19.0,"enemies":"Gremlin Nob","floor":11.0,"turns":5.0},{"damage":12,"enemies":"3 Sentries","floor":13,"turns":4},{"damage":55,"enemies":"The Guardian","floor":16,"turns":11}],"seed_played":"5947957185379081975","potions_obtained":[{"floor":2.0,"key":"Fire Potion"},{"floor":2.0,"key":"SpeedPotion"},{"floor":2.0,"key":"Poison Potion"},{"floor":5.0,"key":"Strength Potion"},{"floor":7.0,"key":"GamblersBrew"},{"floor":10.0,"key":"SkillPotion"},{"floor":11.0,"key":"Weak Potion"}],"is_trial":false,"path_per_floor":["M","?","M","M","M","E","M","R","T","M","E","R","E","?","R","B"],"character_chosen":"IRONCLAD","items_purchased":[],"campfire_rested":2,"item_purchase_floors":[],"current_hp_per_floor":[52,52,55,55,49,26,23,47,47,41,35,61,55,55,55,0],"gold":257,"neow_bonus":"TRANSFORM_TWO_CARDS","is_prod":false,"is_daily":false,"chose_seed":false,"campfire_upgraded":0,"win_rate":0,"timestamp":1557049122,"path_taken":["M","?","M","M","M","E","M","R","T","?","E","R","E","?","R","BOSS"],"build_version":"2019-01-23","purchased_purges":0,"victory":false,"max_hp_per_floor":[80,80,80,80,80,80,80,80,80,80,87,87,87,87,87,87],"card_choices":[{"not_picked":["Flex","Perfected Strike"],"picked":"Iron Wave","floor":1.0},{"not_picked":["Disarm","Iron Wave"],"picked":"True Grit","floor":3.0},{"not_picked":["Warcry","Shrug It Off"],"picked":"Dropkick","floor":4.0},{"not_picked":["Battle Trance","Spot Weakness"],"picked":"Ghostly Armor","floor":5.0},{"not_picked":["Clothesline","Hemokinesis"],"picked":"Combust","floor":6.0},{"not_picked":["Headbutt","Sword Boomerang"],"picked":"Thunderclap","floor":7.0},{"not_picked":["Heavy Blade","Clash"],"picked":"Second Wind","floor":10.0},{"not_picked":["Thunderclap","Evolve"],"picked":"Shockwave","floor":11.0},{"not_picked":["Headbutt","Demon Form"],"picked":"Corruption","floor":13}],"player_experience":69259,"relics_obtained":[{"floor":6.0,"key":"Dodecahedron"},{"floor":9.0,"key":"Orichalcum"},{"floor":11.0,"key":"Strawberry"},{"floor":13,"key":"Sundial"}],"event_choices":[{"damage_healed":0.0,"max_hp_gain":0.0,"max_hp_loss":0.0,"gold_gain":0.0,"event_name":"The Woman in Blue","player_choice":"Bought 3 Potions","floor":2.0,"gold_loss":0.0,"damage_taken":0.0},{"damage_healed":0,"gold_gain":30,"player_choice":"Searched \u00273\u0027 times","damage_taken":0,"relics_obtained":["Darkstone Periapt"],"max_hp_gain":0,"max_hp_loss":0,"event_name":"Dead Adventurer","floor":14,"gold_loss":0}],"is_beta":false,"boss_relics":[],"items_purged_floors":[],"is_endless":false,"potions_floor_spawned":[5,7,10,11],"killed_by":"The Guardian","ascension_level":1}