{"gold_per_floor":[119,119,137,155,166,166,197,197,223,398,416,5,35,48,48,150,200,216,216,116,129,143,143,174,174,174,49,49,60,60,79,79],"floor_reached":32,"playtime":857,"items_purged":["Doubt","Defend_B","Strike_B"],"score":297,"play_id":"0dcf2c7e-8249-4177-b671-f373d2639902","local_time":"20190615231121","is_ascension_mode":false,"campfire_choices":[{"data":"Dualcast","floor":6.0,"key":"SMITH"},{"data":"Doom and Gloom","floor":8.0,"key":"SMITH"},{"data":"Go for the Eyes","floor":15.0,"key":"SMITH"},{"data":"Zap","floor":23,"key":"SMITH"},{"data":"Rainbow","floor":25,"key":"SMITH"},{"floor":32,"key":"REST"}],"neow_cost":"NONE","seed_source_timestamp":39855960182051,"circlet_count":0,"master_deck":["Strike_B","Strike_B","Strike_B","Defend_B","Defend_B+1","Defend_B+1","Zap+1","Dualcast+1","Doom and Gloom+1","Go for the Eyes+1","Glacier+1","Capacitor","Echo Form","Conserve Battery","Ball Lightning","Rainbow+1"],"special_seed":0,"relics":["Cracked Core","Art of War","Pen Nib","War Paint","Runic Capacitor","Bag of Preparation","Nloth\u0027s Gift","Ancient Tea Set","Singing Bowl"],"potions_floor_usage":[],"damage_taken":[{"damage":0.0,"enemies":"Cultist","floor":1.0,"turns":3.0},{"damage":0.0,"enemies":"2 Louse","floor":3.0,"turns":2.0},{"damage":3.0,"enemies":"Small Slimes","floor":4.0,"turns":2.0},{"damage":5.0,"enemies":"Gremlin Gang","floor":5.0,"turns":5.0},{"damage":16.0,"enemies":"Gremlin Nob","floor":7.0,"turns":5.0},{"damage":4.0,"enemies":"Red Slaver","floor":11.0,"turns":3.0},{"damage":2.0,"enemies":"Lagavulin","floor":13.0,"turns":8.0},{"damage":0.0,"enemies":"Looter","floor":14.0,"turns":3.0},{"damage":6.0,"enemies":"The Guardian","floor":16.0,"turns":10.0},{"damage":6.0,"enemies":"Chosen","floor":18.0,"turns":4.0},{"damage":3.0,"enemies":"Shell Parasite","floor":21.0,"turns":8.0},{"damage":21,"enemies":"3 Cultists","floor":22,"turns":6},{"damage":9,"enemies":"Book of Stabbing","floor":24,"turns":7},{"damage":1,"enemies":"Centurion and Healer","floor":29,"turns":4},{"damage":18,"enemies":"Shelled Parasite and Fungi","floor":31,"turns":7}],"seed_played":"-715624672211874613","potions_obtained":[{"floor":1.0,"key":"LiquidBronze"},{"floor":4.0,"key":"SkillPotion"},{"floor":5.0,"key":"EssenceOfSteel"},{"floor":21.0,"key":"Swift Potion"}],"is_trial":false,"path_per_floor":["M","$","M","M","M","R","E","R","T","?","M","$","E","M","R","B",null,"M","?","$","M","M","R","E","R","T","$","?","M","?","M","R"],"character_chosen":"DEFECT","items_purchased":["War Paint","Runic Capacitor"],"campfire_rested":1,"item_purchase_floors":[12,12],"current_hp_per_floor":[82,82,82,79,74,74,58,58,58,58,54,54,52,52,52,46,87,81,81,81,78,57,57,48,48,48,48,31,32,32,16,44],"gold":79,"neow_bonus":"TEN_PERCENT_HP_BONUS","is_prod":false,"is_daily":false,"chose_seed":false,"campfire_upgraded":5,"win_rate":0,"timestamp":1560636681,"path_taken":["M","?","M","M","?","R","E","R","T","?","M","$","E","M","R","BOSS","M","?","$","?","M","R","E","R","T","$","?","M","?","M","R"],"build_version":"2019-01-23","purchased_purges":3,"victory":false,"max_hp_per_floor":[82,82,82,82,82,82,82,82,82,82,82,82,82,82,82,82,87,87,87,87,87,87,87,87,87,87,87,92,94,94,96,96],"card_choices":[{"not_picked":["Doom and Gloom","Hello World","Loop"],"picked":"SKIP","floor":1.0},{"not_picked":["Hello World","Loop"],"picked":"Doom and Gloom","floor":1.0},{"not_picked":["Capacitor","Redo"],"picked":"Go for the Eyes","floor":3.0},{"not_picked":["Blizzard","Coolheaded"],"picked":"Glacier","floor":4.0},{"not_picked":["Force Field","Chaos","Leap"],"picked":"SKIP","floor":5.0},{"not_picked":["Storm","White Noise","Recycle"],"picked":"SKIP","floor":7.0},{"not_picked":["Stack","Sunder","Turbo"],"picked":"SKIP","floor":11.0},{"not_picked":["Force Field","Barrage","Sunder"],"picked":"SKIP","floor":13.0},{"not_picked":["Rebound","Hologram"],"picked":"Capacitor","floor":14.0},{"not_picked":["Reboot","Biased Cognition"],"picked":"Echo Form","floor":16.0},{"not_picked":["Go for the Eyes","Leap"],"picked":"Conserve Battery","floor":18.0},{"not_picked":["Sweeping Beam","Stack","Compile Driver"],"picked":"SKIP","floor":21.0},{"not_picked":["Doom and Gloom","Skim+1"],"picked":"Ball Lightning","floor":22},{"not_picked":["Leap+1","Conserve Battery"],"picked":"Rainbow","floor":24},{"not_picked":["Hologram","Go for the Eyes+1","Redo"],"picked":"Singing Bowl","floor":29},{"not_picked":["Steam","Go for the Eyes","Coolheaded"],"picked":"Singing Bowl","floor":31}],"player_experience":1295260,"relics_obtained":[{"floor":7.0,"key":"Art of War"},{"floor":9.0,"key":"Pen Nib"},{"floor":13.0,"key":"Bag of Preparation"},{"floor":24,"key":"Ancient Tea Set"},{"floor":26,"key":"Singing Bowl"}],"event_choices":[{"damage_healed":0.0,"max_hp_gain":0.0,"max_hp_loss":0.0,"gold_gain":175.0,"event_name":"Liars Game","player_choice":"AGREE","floor":10.0,"gold_loss":0.0,"damage_taken":0.0,"cards_obtained":["Doubt"]},{"damage_healed":0.0,"max_hp_gain":0.0,"max_hp_loss":0.0,"gold_gain":0.0,"event_name":"N\u0027loth","player_choice":"Traded Relic","floor":19.0,"relics_lost":["Tiny House"],"gold_loss":0.0,"damage_taken":0.0,"relics_obtained":["Nloth\u0027s Gift"]},{"damage_healed":0,"gold_gain":0,"player_choice":"Shed Blood","damage_taken":22,"max_hp_gain":5,"max_hp_loss":0,"event_name":"Forgotten Altar","floor":28,"gold_loss":0},{"damage_healed":0,"gold_gain":0,"player_choice":"Ignored","damage_taken":0,"max_hp_gain":0,"max_hp_loss":0,"event_name":"Vampires","floor":30,"gold_loss":0}],"is_beta":false,"boss_relics":[{"not_picked":["Lizard Tail","White Beast Statue"],"picked":"Tiny House"}],"items_purged_floors":[12,20,27],"is_endless":false,"potions_floor_spawned":[1,4,5,13,16,21,24],"ascension_level":0}