{"gold_per_floor":[119,70,90,107,117,142,142,161,161,195,207,233,233,158,158,263,263,276,276,293,392,214,241,258,258,285,304,324,324,338,369,369,467,467,485,498,350,350,364,364,382,401,470,470,483,499,517,171,171,171],"floor_reached":51,"playtime":2057,"items_purged":["Strike_B","Defend_B"],"score":765,"play_id":"994a3dd0-5698-4c63-b94c-bf62e0106805","local_time":"20190322231555","is_ascension_mode":false,"campfire_choices":[{"data":"Dualcast","floor":7.0,"key":"SMITH"},{"data":"Zap","floor":13.0,"key":"SMITH"},{"data":"Ball Lightning","floor":15.0,"key":"SMITH"},{"data":"Apotheosis","floor":25.0,"key":"SMITH"},{"data":"Go for the Eyes","floor":29.0,"key":"SMITH"},{"floor":32.0,"key":"REST"},{"floor":40,"key":"REST"},{"floor":49,"key":"REST"}],"neow_cost":"NONE","seed_source_timestamp":510886625404630,"circlet_count":0,"master_deck":["Strike_B","Strike_B","Strike_B","Defend_B","Defend_B","Defend_B","Dualcast+1","Ball Lightning+1","Cold Snap","Core Surge","Conserve Battery","Conserve Battery","Beam Cell+1","Go for the Eyes+1","Apotheosis+1","Melter","Stack+1","Leap","Buffer+1","BootSequence","FTL+1","Conserve Battery+1","Coolheaded+1","Loop+1","Mind Blast","Sadistic Nature"],"special_seed":0,"relics":["Cracked Core","Vajra","Pantograph","Oddly Smooth Stone","Cables","Sozu","Kunai","Anchor","Blue Candle","Nuclear Battery","Happy Flower","Darkstone Periapt"],"potions_floor_usage":[50,50],"damage_taken":[{"damage":11.0,"enemies":"Jaw Worm","floor":1.0,"turns":4.0},{"damage":0.0,"enemies":"2 Louse","floor":3.0,"turns":2.0},{"damage":1.0,"enemies":"Small Slimes","floor":4.0,"turns":3.0},{"damage":13.0,"enemies":"Red Slaver","floor":5.0,"turns":2.0},{"damage":10.0,"enemies":"3 Sentries","floor":6.0,"turns":8.0},{"damage":5.0,"enemies":"Gremlin Gang","floor":8.0,"turns":4.0},{"damage":17.0,"enemies":"Lagavulin","floor":10.0,"turns":6.0},{"damage":0.0,"enemies":"Blue Slaver","floor":11.0,"turns":2.0},{"damage":12.0,"enemies":"3 Sentries","floor":12.0,"turns":7.0},{"damage":33.0,"enemies":"Slime Boss","floor":16.0,"turns":10.0},{"damage":6.0,"enemies":"2 Thieves","floor":18.0,"turns":3.0},{"damage":0.0,"enemies":"Shell Parasite","floor":20.0,"turns":4.0},{"damage":4.0,"enemies":"Book of Stabbing","floor":23.0,"turns":6.0},{"damage":10.0,"enemies":"3 Cultists","floor":24.0,"turns":5.0},{"damage":0.0,"enemies":"Sentry and Sphere","floor":27.0,"turns":3.0},{"damage":0.0,"enemies":"Chosen and Byrds","floor":28.0,"turns":4.0},{"damage":10.0,"enemies":"Snake Plant","floor":30.0,"turns":4.0},{"damage":10.0,"enemies":"Slavers","floor":31.0,"turns":5.0},{"damage":77.0,"enemies":"Automaton","floor":33.0,"turns":15.0},{"damage":11,"enemies":"3 Shapes","floor":35,"turns":4},{"damage":0,"enemies":"3 Darklings","floor":36,"turns":11},{"damage":4,"enemies":"Spire Growth","floor":39,"turns":6},{"damage":1,"enemies":"Sphere and 2 Shapes","floor":41,"turns":4},{"damage":0,"enemies":"Jaw Worm Horde","floor":42,"turns":5},{"damage":24,"enemies":"Maw","floor":45,"turns":12},{"damage":0,"enemies":"Writhing Mass","floor":46,"turns":11},{"damage":0,"enemies":"Sphere and 2 Shapes","floor":47,"turns":6},{"damage":0,"enemies":"Awakened One","floor":50,"turns":24}],"seed_played":"-2574097596560892863","potions_obtained":[{"floor":4.0,"key":"SkillPotion"},{"floor":6.0,"key":"Strength Potion"},{"floor":10.0,"key":"Ancient Potion"},{"floor":11.0,"key":"Dexterity Potion"},{"floor":16.0,"key":"Block Potion"}],"is_trial":false,"path_per_floor":["M","$","M","M","M","E","R","M","T","E","M","E","R","$","R","B",null,"M","$","M","?","$","E","M","R","T","M","M","R","M","E","R","B",null,"M","M","$","?","M","R","M","M","T","?","M","M","M","$","R","B",null],"character_chosen":"DEFECT","items_purchased":["Ball Lightning","Apotheosis","Happy Flower","Mind Blast","Sadistic Nature"],"campfire_rested":3,"item_purchase_floors":[2,22,37,48,48],"current_hp_per_floor":[71,71,71,70,57,47,47,42,42,25,25,13,13,13,13,5,82,76,76,76,76,76,72,62,62,62,62,62,62,52,42,66,5,82,71,71,71,71,67,82,81,81,81,81,57,57,57,57,81,82],"gold":171,"neow_bonus":"TEN_PERCENT_HP_BONUS","is_prod":false,"is_daily":false,"chose_seed":false,"campfire_upgraded":5,"win_rate":0,"timestamp":1553296555,"path_taken":["M","$","M","M","M","E","R","M","T","E","M","E","R","$","R","BOSS","M","$","M","?","$","E","M","R","T","M","M","R","M","E","R","BOSS","M","M","$","?","M","R","M","M","T","?","?","?","M","$","R","BOSS"],"build_version":"2019-01-23","purchased_purges":2,"victory":true,"max_hp_per_floor":[82,82,82,82,82,82,82,82,82,82,82,82,82,82,82,82,82,82,82,82,82,82,82,82,82,82,82,82,82,82,82,82,82,82,82,82,82,82,82,82,82,82,82,82,82,82,82,82,82,82],"card_choices":[{"not_picked":["Gash","Stack","Redo"],"picked":"SKIP","floor":1.0},{"not_picked":["Beam Cell","Hologram"],"picked":"Cold Snap","floor":3.0},{"not_picked":["Beam Cell","Scrape"],"picked":"Core Surge","floor":4.0},{"not_picked":["Genetic Algorithm","Steam","Storm"],"picked":"SKIP","floor":5.0},{"not_picked":["Coolheaded","Melter","Steam Power"],"picked":"SKIP","floor":6.0},{"not_picked":["Gash","Coolheaded","Turbo"],"picked":"SKIP","floor":8.0},{"not_picked":["Sweeping Beam","Loop"],"picked":"Conserve Battery","floor":10.0},{"not_picked":["Buffer","Leap"],"picked":"Conserve Battery","floor":11.0},{"not_picked":["Turbo","Blizzard","Cold Snap"],"picked":"SKIP","floor":12.0},{"not_picked":["Steam Power+1","Rebound"],"picked":"Beam Cell+1","floor":18.0},{"not_picked":["Sweeping Beam","Static Discharge"],"picked":"Go for the Eyes","floor":20.0},{"not_picked":["Rebound","Reprogram"],"picked":"Melter","floor":23.0},{"not_picked":["Hello World+1","Steam Power","Beam Cell"],"picked":"SKIP","floor":24.0},{"not_picked":["Barrage","Tempest","Amplify"],"picked":"SKIP","floor":27.0},{"not_picked":["Rebound","Loop+1"],"picked":"Stack+1","floor":28.0},{"not_picked":["Hologram","Meteor Strike","Steam"],"picked":"SKIP","floor":30.0},{"not_picked":["Go for the Eyes","Hologram"],"picked":"Leap","floor":31.0},{"not_picked":["Amplify","Biased Cognition"],"picked":"Buffer","floor":33.0},{"not_picked":["Cold Snap+1","Streamline"],"picked":"BootSequence","floor":35},{"not_picked":["Stack+1","Consume+1","Static Discharge"],"picked":"SKIP","floor":36},{"not_picked":["Scrape","Sweeping Beam"],"picked":"FTL+1","floor":39},{"not_picked":["Redo","Turbo","Darkness+1"],"picked":"SKIP","floor":41},{"not_picked":["Turbo+1","Stack+1"],"picked":"Conserve Battery+1","floor":42},{"not_picked":["Sweeping Beam+1","Static Discharge"],"picked":"Coolheaded+1","floor":45},{"not_picked":["Coolheaded+1","Conserve Battery+1"],"picked":"Loop+1","floor":46},{"not_picked":["Recycle+1","Gash","Go for the Eyes"],"picked":"SKIP","floor":47}],"player_experience":1127452,"relics_obtained":[{"floor":6.0,"key":"Vajra"},{"floor":9.0,"key":"Pantograph"},{"floor":10.0,"key":"Oddly Smooth Stone"},{"floor":12.0,"key":"Cables"},{"floor":23.0,"key":"Kunai"},{"floor":26.0,"key":"Anchor"},{"floor":31.0,"key":"Blue Candle"},{"floor":43,"key":"Darkstone Periapt"}],"event_choices":[{"damage_healed":0.0,"max_hp_gain":0.0,"max_hp_loss":0.0,"gold_gain":99.0,"event_name":"Nest","player_choice":"Stole From Cult","floor":21.0,"gold_loss":0.0,"damage_taken":0.0},{"cards_removed":["Zap"],"damage_healed":0,"gold_gain":0,"player_choice":"Removed Skill","damage_taken":0,"max_hp_gain":0,"max_hp_loss":0,"event_name":"Falling","floor":38,"gold_loss":0},{"damage_healed":0,"gold_gain":0,"player_choice":"Forge","damage_taken":0,"max_hp_gain":0,"max_hp_loss":0,"event_name":"Accursed Blacksmith","floor":44,"gold_loss":0,"cards_upgraded":["Buffer"]}],"is_beta":false,"boss_relics":[{"not_picked":["White Beast Statue","Snecko Eye"],"picked":"Sozu"},{"not_picked":["Lizard Tail","Pandora\u0027s Box"],"picked":"Nuclear Battery"}],"items_purged_floors":[14,48],"is_endless":false,"potions_floor_spawned":[4,6,10,11,16,20,24,28,31,39,41,42,47],"ascension_level":0}