{"gold_per_floor":[118,64,80,95,112,112,141,141,213,230,230,305,81,81,81,183,183,200,213,233,82,100,100,118,118,118,118,118,148,148,177,177,177],"floor_reached":33,"playtime":1356,"items_purged":["Defend_B"],"score":285,"play_id":"10640b7b-f6bb-434e-b775-f3740495654a","local_time":"20190525112847","is_ascension_mode":false,"campfire_choices":[{"data":"Dualcast","floor":6.0,"key":"SMITH"},{"data":"Zap","floor":8.0,"key":"SMITH"},{"data":"Seek","floor":11.0,"key":"SMITH"},{"data":"Melter","floor":15.0,"key":"SMITH"},{"data":"Rainbow","floor":23.0,"key":"SMITH"},{"data":"Ball Lightning","floor":25.0,"key":"SMITH"},{"floor":28.0,"key":"REST"},{"floor":32,"key":"REST"}],"neow_cost":"NONE","seed_source_timestamp":0,"circlet_count":0,"master_deck":["Strike_B","Strike_B","Strike_B","Strike_B","Defend_B","Defend_B","Defend_B","Zap+1","Dualcast+1","Seek+1","Conserve Battery","Glacier","Glacier","Melter+1","Rainbow+1","Ball Lightning+1","Coolheaded+1","Conserve Battery+1"],"special_seed":0,"relics":["FrozenCore","Pantograph","PreservedInsect","Art of War","Bottled Lightning","Ancient Tea Set","Anchor"],"potions_floor_usage":[33],"damage_taken":[{"damage":1.0,"enemies":"2 Louse","floor":1.0,"turns":3.0},{"damage":5.0,"enemies":"Small Slimes","floor":3.0,"turns":4.0},{"damage":0.0,"enemies":"Jaw Worm","floor":4.0,"turns":4.0},{"damage":7.0,"enemies":"2 Fungi Beasts","floor":5.0,"turns":4.0},{"damage":24.0,"enemies":"Gremlin Nob","floor":7.0,"turns":5.0},{"damage":2.0,"enemies":"Exordium Thugs","floor":10.0,"turns":6.0},{"damage":11.0,"enemies":"The Guardian","floor":16.0,"turns":15.0},{"damage":2.0,"enemies":"2 Thieves","floor":18.0,"turns":3.0},{"damage":0.0,"enemies":"Spheric Guardian","floor":19.0,"turns":2.0},{"damage":9.0,"enemies":"Snake Plant","floor":20.0,"turns":5.0},{"damage":0.0,"enemies":"Cultist and Chosen","floor":22.0,"turns":8.0},{"damage":17.0,"enemies":"3 Cultists","floor":24.0,"turns":8.0},{"damage":5.0,"enemies":"Colosseum Slavers","floor":27.0,"turns":8.0},{"damage":30,"enemies":"Gremlin Leader","floor":29,"turns":10},{"damage":8,"enemies":"Book of Stabbing","floor":31,"turns":5},{"damage":72,"enemies":"Champ","floor":33,"turns":17}],"seed_played":"-8677290258146448612","potions_obtained":[{"floor":1.0,"key":"SpeedPotion"},{"floor":4.0,"key":"FocusPotion"},{"floor":5.0,"key":"FearPotion"},{"floor":10.0,"key":"PowerPotion"},{"floor":19.0,"key":"Regen Potion"},{"floor":20.0,"key":"FocusPotion"}],"is_trial":false,"path_per_floor":["M","$","M","M","M","R","E","R","T","M","R","?","$","?","R","B",null,"M","M","M","$","M","R","M","R","T","?","R","E","?","E","R","B"],"character_chosen":"DEFECT","items_purchased":["Conserve Battery","Melter","PreservedInsect","FocusPotion"],"campfire_rested":2,"item_purchase_floors":[2,13,13,21],"current_hp_per_floor":[74,74,69,69,62,62,38,38,38,36,36,25,25,13,13,27,75,73,73,64,64,64,64,47,47,47,42,64,34,34,26,48,1],"gold":177,"neow_bonus":"ONE_RANDOM_RARE_CARD","is_prod":false,"is_daily":false,"chose_seed":false,"campfire_upgraded":6,"win_rate":0,"timestamp":1558780127,"path_taken":["M","$","M","M","M","R","E","R","T","M","R","?","$","?","R","BOSS","M","M","M","$","M","R","M","R","T","?","R","E","?","E","R","BOSS"],"build_version":"2019-01-23","purchased_purges":1,"victory":false,"max_hp_per_floor":[75,75,75,75,75,75,75,75,75,75,75,75,75,75,75,75,75,75,75,75,75,75,75,75,75,75,75,75,75,75,75,75,75],"card_choices":[{"not_picked":["Barrage","Gash","Redo"],"picked":"SKIP","floor":1.0},{"not_picked":["Cold Snap","Hologram","Lockon"],"picked":"SKIP","floor":3.0},{"not_picked":["Rebound","Darkness","Static Discharge"],"picked":"SKIP","floor":4.0},{"not_picked":["Compile Driver","Ball Lightning"],"picked":"Glacier","floor":5.0},{"not_picked":["Hello World","All For One","Stack"],"picked":"SKIP","floor":7.0},{"not_picked":["Rip and Tear","Chaos"],"picked":"Glacier","floor":10.0},{"not_picked":["Biased Cognition","Fission"],"picked":"Rainbow","floor":16.0},{"not_picked":["Loop","Gash"],"picked":"Ball Lightning","floor":18.0},{"not_picked":["Ball Lightning","Storm+1"],"picked":"Coolheaded+1","floor":19.0},{"not_picked":["Turbo+1","Redo","Gash"],"picked":"SKIP","floor":20.0},{"not_picked":["Rainbow","Streamline","Stack"],"picked":"SKIP","floor":22.0},{"not_picked":["Coolheaded+1","Ball Lightning","Redo+1"],"picked":"SKIP","floor":24.0},{"not_picked":["Barrage","Gash+1","Turbo"],"picked":"SKIP","floor":29},{"not_picked":["Barrage","Coolheaded"],"picked":"Conserve Battery+1","floor":31}],"player_experience":1255233,"relics_obtained":[{"floor":9.0,"key":"Pantograph"},{"floor":26.0,"key":"Bottled Lightning"},{"floor":29,"key":"Ancient Tea Set"},{"floor":31,"key":"Anchor"}],"event_choices":[{"damage_healed":0.0,"max_hp_gain":0.0,"max_hp_loss":0.0,"gold_gain":75.0,"event_name":"World of Goop","player_choice":"Gather Gold","floor":12.0,"gold_loss":0.0,"damage_taken":11.0},{"damage_healed":0.0,"max_hp_gain":0.0,"max_hp_loss":0.0,"gold_gain":0.0,"event_name":"Scrap Ooze","player_choice":"Success","floor":14.0,"gold_loss":0.0,"damage_taken":12.0,"relics_obtained":["Art of War"]},{"damage_healed":0.0,"max_hp_gain":0.0,"max_hp_loss":0.0,"gold_gain":0.0,"event_name":"Colosseum","player_choice":"Fight","floor":27.0,"gold_loss":0.0,"damage_taken":0.0},{"damage_healed":0.0,"max_hp_gain":0.0,"max_hp_loss":0.0,"gold_gain":0.0,"event_name":"Colosseum","player_choice":"Fled From Nobs","floor":27.0,"gold_loss":0.0,"damage_taken":0.0},{"damage_healed":0,"gold_gain":0,"player_choice":"Ignored","damage_taken":0,"max_hp_gain":0,"max_hp_loss":0,"event_name":"Vampires","floor":30,"gold_loss":0}],"is_beta":false,"boss_relics":[{"not_picked":["Lizard Tail","Philosopher\u0027s Stone"],"picked":"FrozenCore"}],"items_purged_floors":[21],"is_endless":false,"potions_floor_spawned":[1,4,5,10,16,19,20,31],"killed_by":"Champ","ascension_level":0}