{"gold_per_floor":[109,127,142,142,44,44,73,73,73,88,118,24,52,63,63,165,165,178,178,195,206,216,216,241,241,241,241,272,31,42,69,69,168,168,187,198,53,64,74,99,112,112],"floor_reached":42,"playtime":4652,"items_purged":["Regret"],"score":614,"play_id":"5ee2646a-45fc-4cc7-a52c-8923202c1e5b","local_time":"20190512010454","is_ascension_mode":true,"campfire_choices":[{"data":"Footwork","floor":6,"key":"SMITH"},{"floor":15,"key":"REST"},{"floor":23,"key":"REST"},{"floor":25,"key":"RECALL"},{"floor":27,"key":"REST"},{"data":"Finesse","floor":32,"key":"SMITH"}],"neow_cost":"NONE","seed_source_timestamp":193939097322000,"circlet_count":0,"master_deck":["Defend_G","Defend_G","Defend_G","Defend_G","Defend_G","Strike_G","Strike_G","Strike_G","Strike_G","Strike_G","Survivor","Neutralize","Finesse+1","Footwork+1","Flying Knee","Bouncing Flask","Deflect","Predator","Bane","Footwork+1","Noxious Fumes+1","Deflect","Die Die Die","Sucker Punch","A Thousand Cuts+1","PiercingWail+1","Escape Plan","Cloak And Dagger+1","Bouncing Flask+1","Corpse Explosion","Poisoned Stab+1","Deadly Poison","Accuracy+1","Footwork+1","A Thousand Cuts+1","Noxious Fumes+1","Bane+1"],"relics":["Ring of the Snake","Ginger","Omamori","WarpedTongs","Frozen Egg 2","Art of War","Ancient Tea Set","Cursed Key","Potion Belt","Regal Pillow","Mercury Hourglass","Orichalcum","Vajra","Dead Branch","Busted Crown","Anchor","Bottled Lightning"],"potions_floor_usage":[7,7,14,16,24,24,38,39,42,42,42,42],"damage_taken":[{"damage":4,"enemies":"Jaw Worm","floor":1,"turns":7},{"damage":0,"enemies":"2 Louse","floor":2,"turns":3},{"damage":0,"enemies":"Cultist","floor":3,"turns":3},{"damage":16,"enemies":"Gremlin Nob","floor":7,"turns":4},{"damage":7,"enemies":"Exordium Thugs","floor":10,"turns":4},{"damage":18,"enemies":"Lagavulin","floor":11,"turns":7},{"damage":9,"enemies":"3 Sentries","floor":13,"turns":6},{"damage":16,"enemies":"Lots of Slimes","floor":14,"turns":2},{"damage":24,"enemies":"Slime Boss","floor":16,"turns":9},{"damage":9,"enemies":"Chosen","floor":18,"turns":4},{"damage":27,"enemies":"3 Byrds","floor":20,"turns":4},{"damage":7,"enemies":"Cultist and Chosen","floor":21,"turns":6},{"damage":9,"enemies":"Centurion and Healer","floor":22,"turns":6},{"damage":12,"enemies":"Slavers","floor":24,"turns":4},{"damage":4,"enemies":"Book of Stabbing","floor":28,"turns":4},{"damage":0,"enemies":"3 Cultists","floor":30,"turns":3},{"damage":0,"enemies":"Gremlin Leader","floor":31,"turns":5},{"damage":16,"enemies":"Collector","floor":33,"turns":9},{"damage":0,"enemies":"Orb Walker","floor":35,"turns":4},{"damage":6,"enemies":"3 Darklings","floor":36,"turns":2},{"damage":18,"enemies":"Maw","floor":38,"turns":5},{"damage":22,"enemies":"Jaw Worm Horde","floor":39,"turns":3},{"damage":26,"enemies":"Reptomancer","floor":40,"turns":6},{"damage":0,"enemies":"Sphere and 2 Shapes","floor":41,"turns":2},{"damage":3,"enemies":"Nemesis","floor":42,"turns":4}],"seed_played":"8675751892840681151","potions_obtained":[{"floor":3,"key":"Fire Potion"},{"floor":7,"key":"Fruit Juice"},{"floor":11,"key":"PowerPotion"},{"floor":14,"key":"GamblersBrew"},{"floor":20,"key":"GamblersBrew"},{"floor":21,"key":"LiquidBronze"},{"floor":22,"key":"Fire Potion"},{"floor":28,"key":"AttackPotion"},{"floor":31,"key":"PowerPotion"},{"floor":35,"key":"Block Potion"},{"floor":36,"key":"EssenceOfSteel"},{"floor":39,"key":"Strength Potion"},{"floor":40,"key":"GamblersBrew"}],"is_trial":false,"path_per_floor":["M","M","M","?","$","R","E","?","T","M","E","$","E","M","R","B",null,"M","?","M","M","M","R","E","R","T","R","E","$","M","E","R","B",null,"M","M","$","M","M","E","M","E"],"character_chosen":"THE_SILENT","items_purchased":["Deflect","Noxious Fumes+1","Deflect","Vajra","Deadly Poison","Accuracy+1","Anchor"],"campfire_rested":3,"item_purchase_floors":[5,12,12,29,29,29,37],"current_hp_per_floor":[66,66,66,66,66,66,55,55,55,48,30,30,21,5,27,3,75,66,66,39,32,23,45,33,33,33,70,66,66,66,66,66,50,75,75,69,69,51,29,3,3,0],"gold":112,"neow_bonus":"RANDOM_COLORLESS","is_prod":false,"is_daily":false,"chose_seed":false,"campfire_upgraded":2,"win_rate":0,"timestamp":1557641094,"path_taken":["M","M","M","?","$","R","E","?","T","M","E","$","E","M","R","BOSS","M","?","M","M","M","R","E","R","T","R","E","?","M","E","R","BOSS","M","M","$","M","?","E","M","E"],"build_version":"2019-01-23","purchased_purges":1,"victory":false,"max_hp_per_floor":[70,70,70,70,70,70,75,75,75,75,75,75,75,75,75,75,75,75,75,75,75,75,75,75,75,75,75,75,75,75,75,75,75,75,75,75,75,75,75,75,75,75],"card_choices":[{"not_picked":["Blade Dance","Poisoned Stab"],"picked":"Footwork","floor":1},{"not_picked":["Dagger Spray","Dash"],"picked":"Flying Knee","floor":2},{"not_picked":["Distraction","Calculated Gamble"],"picked":"Bouncing Flask","floor":3},{"not_picked":["Underhanded Strike","Expertise"],"picked":"Predator","floor":7},{"not_picked":["Leg Sweep","Flechettes"],"picked":"Bane","floor":10},{"not_picked":["Leg Sweep","Terror"],"picked":"Footwork+1","floor":11},{"not_picked":["Sucker Punch","Bane"],"picked":"Die Die Die","floor":13},{"not_picked":["Backflip","Outmaneuver"],"picked":"Sucker Punch","floor":14},{"not_picked":["Venomology","Burst"],"picked":"A Thousand Cuts+1","floor":16},{"not_picked":["Slice","Dodge and Roll"],"picked":"PiercingWail+1","floor":18},{"not_picked":["Cloak And Dagger","Finisher"],"picked":"Escape Plan","floor":20},{"not_picked":["Terror","Eviscerate"],"picked":"Cloak And Dagger+1","floor":21},{"not_picked":["Reflex","Dagger Throw+1"],"picked":"Bouncing Flask+1","floor":22},{"not_picked":["Flying Knee","PiercingWail+1"],"picked":"Corpse Explosion","floor":24},{"not_picked":["Expertise","Dagger Throw"],"picked":"Poisoned Stab+1","floor":28},{"not_picked":["Dagger Spray","Deflect","Sucker Punch"],"picked":"SKIP","floor":30},{"not_picked":["Eviscerate","PiercingWail"],"picked":"Footwork+1","floor":31},{"not_picked":["Phantasmal Killer","Doppelganger"],"picked":"A Thousand Cuts+1","floor":33},{"not_picked":["Calculated Gamble"],"picked":"SKIP","floor":35},{"not_picked":[],"picked":"Noxious Fumes+1","floor":36},{"not_picked":[],"picked":"Bane+1","floor":38},{"not_picked":["Underhanded Strike"],"picked":"SKIP","floor":39},{"not_picked":["Reflex"],"picked":"SKIP","floor":40},{"not_picked":["Outmaneuver"],"picked":"SKIP","floor":41}],"player_experience":98717,"relics_obtained":[{"floor":7,"key":"Omamori"},{"floor":9,"key":"Frozen Egg 2"},{"floor":11,"key":"Art of War"},{"floor":13,"key":"Ancient Tea Set"},{"floor":19,"key":"Potion Belt"},{"floor":24,"key":"Regal Pillow"},{"floor":26,"key":"Mercury Hourglass"},{"floor":28,"key":"Orichalcum"},{"floor":31,"key":"Dead Branch"},{"floor":40,"key":"Bottled Lightning"}],"event_choices":[{"damage_healed":0,"gold_gain":0,"player_choice":"Box","damage_taken":0,"relics_obtained":["Ginger"],"max_hp_gain":0,"max_hp_loss":0,"event_name":"Big Fish","floor":4,"gold_loss":0,"cards_obtained":["Regret"]},{"damage_healed":0,"gold_gain":0,"player_choice":"Rummage","damage_taken":0,"relics_obtained":["WarpedTongs"],"max_hp_gain":0,"max_hp_loss":0,"event_name":"Accursed Blacksmith","floor":8,"gold_loss":0,"cards_obtained":["Pain"]},{"damage_healed":0,"gold_gain":0,"player_choice":"Relic","damage_taken":0,"max_hp_gain":0,"max_hp_loss":0,"event_name":"Wheel of Change","floor":19,"gold_loss":0}],"is_beta":false,"boss_relics":[{"not_picked":["Fusion Hammer","Coffee Dripper"],"picked":"Cursed Key"},{"not_picked":["Sozu","Eternal Feather"],"picked":"Busted Crown"}],"items_purged_floors":[5],"is_endless":false,"potions_floor_spawned":[3,7,11,14,20,21,22,28,31,35,36,39,40],"killed_by":"Nemesis","ascension_level":2}