{"gold_per_floor":[118,130,55,70,81,106,106,125,193,227,227,261,15,33,33,133,133],"floor_reached":17,"playtime":451,"items_purged":["Chaos","Steam"],"score":202,"play_id":"0b3fc8db-1b69-467f-8d07-5e6134a98a1f","local_time":"20190609221745","daily_mods":["Draft"],"is_ascension_mode":false,"campfire_choices":[{"data":"Sunder","floor":7,"key":"SMITH"},{"data":"Rainbow","floor":15,"key":"SMITH"}],"neow_cost":"","seed_source_timestamp":954121764723691,"circlet_count":0,"master_deck":["Sunder+1","Coolheaded","Go for the Eyes","Conserve Battery","Leap","Ball Lightning","Rebound","Coolheaded","Ball Lightning","Sweeping Beam","Steam","Heatsinks","FTL","Glacier","Blizzard+1","Melter+1","Rainbow+1"],"relics":["Cracked Core","Turnip","Molten Egg 2","Calipers","Bag of Marbles","Philosopher\u0027s Stone"],"potions_floor_usage":[],"damage_taken":[{"damage":0,"enemies":"Cultist","floor":1,"turns":2},{"damage":0,"enemies":"Small Slimes","floor":2,"turns":2},{"damage":0,"enemies":"Jaw Worm","floor":4,"turns":2},{"damage":4,"enemies":"3 Louse","floor":5,"turns":2},{"damage":14,"enemies":"Gremlin Nob","floor":6,"turns":3},{"damage":0,"enemies":"Blue Slaver","floor":8,"turns":3},{"damage":9,"enemies":"3 Sentries","floor":10,"turns":6},{"damage":0,"enemies":"Lagavulin","floor":12,"turns":6},{"damage":0,"enemies":"2 Fungi Beasts","floor":14,"turns":2},{"damage":24,"enemies":"Slime Boss","floor":16,"turns":9}],"seed_played":"5584919231822698387","potions_obtained":[{"floor":1,"key":"SkillPotion"},{"floor":12,"key":"Ancient Potion"},{"floor":14,"key":"Block Potion"}],"is_trial":true,"path_per_floor":["M","M","$","M","M","E","R","M","T","E","$","E","$","M","R","B",null],"character_chosen":"DEFECT","items_purchased":["Melter+1","Rainbow"],"campfire_rested":0,"item_purchase_floors":[13,13],"current_hp_per_floor":[75,75,75,75,71,57,57,57,57,48,48,48,48,48,48,24,24],"gold":133,"neow_bonus":"","is_prod":false,"is_daily":false,"chose_seed":false,"campfire_upgraded":2,"win_rate":0,"timestamp":1560115065,"path_taken":["M","M","$","?","M","E","R","M","T","E","$","E","$","M","R","BOSS"],"build_version":"2019-01-23","purchased_purges":2,"victory":false,"max_hp_per_floor":[75,75,75,75,75,75,75,75,75,75,75,75,75,75,75,75,75],"card_choices":[{"not_picked":["Leap","Barrage"],"picked":"Sunder","floor":0},{"not_picked":["White Noise","Streamline"],"picked":"Coolheaded","floor":0},{"not_picked":["Compile Driver","Stack"],"picked":"Steam","floor":0},{"not_picked":["Heatsinks","Stack"],"picked":"Go for the Eyes","floor":0},{"not_picked":["Gash","Sweeping Beam"],"picked":"Conserve Battery","floor":0},{"not_picked":["Hologram","Compile Driver"],"picked":"Leap","floor":0},{"not_picked":["Hologram","Conserve Battery"],"picked":"Chaos","floor":0},{"not_picked":["Chill","Rebound"],"picked":"Ball Lightning","floor":0},{"not_picked":["Go for the Eyes","Streamline"],"picked":"Rebound","floor":0},{"not_picked":["Barrage","Leap"],"picked":"Coolheaded","floor":0},{"not_picked":["Redo","Sweeping Beam"],"picked":"Ball Lightning","floor":0},{"not_picked":["Streamline","Barrage"],"picked":"Sweeping Beam","floor":0},{"not_picked":["Compile Driver","Scrape"],"picked":"Steam","floor":0},{"not_picked":["Consume","Leap"],"picked":"Heatsinks","floor":0},{"not_picked":["Compile Driver","Streamline"],"picked":"FTL","floor":0},{"not_picked":["Storm","Rebound","Conserve Battery"],"picked":"SKIP","floor":1},{"not_picked":["Reprogram","Genetic Algorithm","Gash"],"picked":"SKIP","floor":2},{"not_picked":["Chaos","Coolheaded","Darkness"],"picked":"SKIP","floor":4},{"not_picked":["Cold Snap","Coolheaded"],"picked":"Glacier","floor":5},{"not_picked":["Reinforced Body","Compile Driver","Sweeping Beam"],"picked":"SKIP","floor":6},{"not_picked":["Lockon","Loop","Hologram"],"picked":"SKIP","floor":8},{"not_picked":["Coolheaded","Stack"],"picked":"Blizzard+1","floor":10},{"not_picked":["Auto Shields","Self Repair","Force Field"],"picked":"SKIP","floor":12},{"not_picked":["Gash+1","Coolheaded","Undo"],"picked":"SKIP","floor":14}],"player_experience":1289419,"relics_obtained":[{"floor":6,"key":"Turnip"},{"floor":9,"key":"Molten Egg 2"},{"floor":10,"key":"Calipers"},{"floor":12,"key":"Bag of Marbles"}],"event_choices":[],"is_beta":false,"boss_relics":[{"not_picked":["Busted Crown","Runic Pyramid"],"picked":"Philosopher\u0027s Stone"}],"items_purged_floors":[3,13],"is_endless":false,"potions_floor_spawned":[1,12,14,16],"ascension_level":0}