{"gold_per_floor":[111,126,126,126,137,137,169,181,193,280,292,122,132,34,34,131,131,145,175,7,7,21,47,66,66,66,66,80,113,38,52,52,148,148,162,162,162,176,101,101,111,38,65,76,87,11,26,26,26,26],"floor_reached":51,"playtime":1599,"items_purged":[],"score":835,"play_id":"e4601534-0713-4d89-b167-a9d44b429e31","local_time":"20190308204327","is_ascension_mode":false,"campfire_choices":[{"data":"Dualcast","floor":6.0,"key":"SMITH"},{"data":"Defragment","floor":8.0,"key":"SMITH"},{"floor":15.0,"key":"REST"},{"data":"Apotheosis","floor":25.0,"key":"SMITH"},{"data":"Capacitor","floor":27.0,"key":"SMITH"},{"data":"Defragment","floor":32.0,"key":"SMITH"},{"data":"Electrodynamics","floor":40.0,"key":"SMITH"},{"data":"Blind","floor":49,"key":"SMITH"}],"neow_cost":"NONE","seed_source_timestamp":75086136601752,"circlet_count":0,"master_deck":["Strike_B","Strike_B","Strike_B","Strike_B","Defend_B","Defend_B","Defend_B","Defend_B+1","Zap+1","Dualcast+1","Auto Shields","Defragment+1","Apotheosis+1","Conserve Battery","Ball Lightning","Cold Snap+1","Beam Cell+1","Capacitor+1","Blind+1","Sweeping Beam+1","Tempest+1","BootSequence","Defragment+1","Electrodynamics+1","Capacitor+1","Conserve Battery+1","Go for the Eyes+1"],"special_seed":0,"relics":["FrozenCore","Darkstone Periapt","MawBank","Ancient Tea Set","Potion Belt","Red Mask","MutagenicStrength","Question Card","FossilizedHelix","Singing Bowl","Nuclear Battery","Blood Vial"],"potions_floor_usage":[41,50,50,50,50,50],"damage_taken":[{"damage":0.0,"enemies":"Small Slimes","floor":1.0,"turns":2.0},{"damage":4.0,"enemies":"2 Louse","floor":2.0,"turns":3.0},{"damage":0.0,"enemies":"Jaw Worm","floor":5.0,"turns":3.0},{"damage":15.0,"enemies":"Lagavulin","floor":7.0,"turns":8.0},{"damage":0.0,"enemies":"Blue Slaver","floor":13.0,"turns":4.0},{"damage":0.0,"enemies":"Slime Boss","floor":16.0,"turns":8.0},{"damage":0.0,"enemies":"Chosen","floor":18.0,"turns":5.0},{"damage":5.0,"enemies":"Masked Bandits","floor":19.0,"turns":6.0},{"damage":0.0,"enemies":"3 Byrds","floor":22.0,"turns":6.0},{"damage":5.0,"enemies":"Book of Stabbing","floor":23.0,"turns":7.0},{"damage":0.0,"enemies":"Cultist and Chosen","floor":24.0,"turns":7.0},{"damage":0.0,"enemies":"Centurion and Healer","floor":28.0,"turns":7.0},{"damage":0.0,"enemies":"Gremlin Leader","floor":29.0,"turns":5.0},{"damage":0.0,"enemies":"Snake Plant","floor":31.0,"turns":5.0},{"damage":28.0,"enemies":"Automaton","floor":33.0,"turns":11.0},{"damage":0.0,"enemies":"3 Shapes","floor":35.0,"turns":4.0},{"damage":6.0,"enemies":"3 Darklings","floor":38.0,"turns":5.0},{"damage":0,"enemies":"Jaw Worm Horde","floor":41,"turns":2},{"damage":0,"enemies":"Spire Growth","floor":44,"turns":5},{"damage":1,"enemies":"Transient","floor":45,"turns":5},{"damage":0,"enemies":"Sphere and 2 Shapes","floor":47,"turns":4},{"damage":0,"enemies":"Time Eater","floor":50,"turns":6}],"seed_played":"-6778621687048438656","potions_obtained":[{"floor":1.0,"key":"Energy Potion"},{"floor":5.0,"key":"Strength Potion"},{"floor":18.0,"key":"Regen Potion"},{"floor":19.0,"key":"Explosive Potion"},{"floor":24.0,"key":"Weak Potion"},{"floor":29.0,"key":"Energy Potion"},{"floor":31.0,"key":"FocusPotion"},{"floor":38.0,"key":"Swift Potion"},{"floor":45,"key":"SkillPotion"}],"is_trial":false,"path_per_floor":["M","M","?","?","M","R","E","R","T","?","T","$","M","$","R","B",null,"M","?","$","?","M","E","M","R","T","R","M","E","$","M","R","B",null,"M","?","?","M","$","R","M","$","T","M","M","$","M","$","R","B",null],"character_chosen":"DEFECT","items_purchased":["Apotheosis","Conserve Battery","Ball Lightning","Capacitor","Blind","Defragment","FocusPotion","FocusPotion","FocusPotion"],"campfire_rested":1,"item_purchase_floors":[12,14,14,20,20,30,39,42,46],"current_hp_per_floor":[82,78,53,37,37,37,22,22,22,11,11,11,11,11,35,35,82,82,77,77,77,77,72,72,72,72,72,72,72,72,74,74,46,84,86,86,86,82,82,82,82,82,82,84,85,85,89,89,89,90],"gold":26,"neow_bonus":"TEN_PERCENT_HP_BONUS","is_prod":false,"is_daily":false,"chose_seed":false,"campfire_upgraded":7,"win_rate":0,"timestamp":1552077807,"path_taken":["M","M","?","?","M","R","E","R","T","?","?","$","M","?","R","BOSS","M","?","$","?","M","E","M","R","T","R","M","E","$","M","R","BOSS","M","?","?","?","?","R","?","$","T","M","M","$","?","?","R","BOSS"],"build_version":"2019-01-23","purchased_purges":0,"victory":true,"max_hp_per_floor":[82,82,82,82,82,82,82,82,82,82,82,82,82,82,82,82,82,82,82,82,82,82,82,82,82,82,82,82,82,82,84,84,84,84,86,86,86,88,88,88,88,88,88,88,88,88,90,90,90,90],"card_choices":[{"not_picked":["Steam","Recycle"],"picked":"Auto Shields","floor":1.0},{"not_picked":["Chaos","Beam Cell","Compile Driver"],"picked":"SKIP","floor":2.0},{"not_picked":["FTL","Go for the Eyes","Double Energy"],"picked":"SKIP","floor":5.0},{"not_picked":["Creative AI","Beam Cell"],"picked":"Defragment","floor":7.0},{"not_picked":["Steam","Leap","Genetic Algorithm"],"picked":"SKIP","floor":13.0},{"not_picked":["FTL","Consume"],"picked":"Cold Snap+1","floor":18.0},{"not_picked":["Turbo","Conserve Battery"],"picked":"Beam Cell+1","floor":19.0},{"not_picked":["Beam Cell","Stack","Hello World+1"],"picked":"SKIP","floor":22.0},{"not_picked":["Auto Shields","Ball Lightning+1"],"picked":"Sweeping Beam+1","floor":23.0},{"not_picked":["Streamline","Reprogram","Reinforced Body+1","Sweeping Beam"],"picked":"SKIP","floor":24.0},{"not_picked":["Steam Power","Steam","Undo"],"picked":"Tempest+1","floor":28.0},{"not_picked":["Storm","Fission","Leap"],"picked":"BootSequence","floor":29.0},{"not_picked":["Conserve Battery","Hologram","Beam Cell","Skim"],"picked":"Singing Bowl","floor":31.0},{"not_picked":["Biased Cognition","Reboot","Hyperbeam"],"picked":"Electrodynamics","floor":33.0},{"not_picked":["Cold Snap","Stack+1","Steam","Ball Lightning"],"picked":"Singing Bowl","floor":35.0},{"not_picked":["Redo+1","Double Energy+1","Rebound+1","Cold Snap+1"],"picked":"Singing Bowl","floor":38.0},{"not_picked":["Chill","Hologram","Cold Snap"],"picked":"Capacitor+1","floor":41},{"not_picked":["Leap+1","Compile Driver","Consume"],"picked":"Conserve Battery+1","floor":44},{"not_picked":["Skim+1","Barrage","Genetic Algorithm"],"picked":"Go for the Eyes+1","floor":45},{"not_picked":["Conserve Battery+1","Cold Snap","Compile Driver","Redo"],"picked":"Singing Bowl","floor":47}],"player_experience":1095343,"relics_obtained":[{"floor":7.0,"key":"MawBank"},{"floor":9.0,"key":"Ancient Tea Set"},{"floor":11.0,"key":"Potion Belt"},{"floor":19.0,"key":"Red Mask"},{"floor":23.0,"key":"Question Card"},{"floor":26.0,"key":"FossilizedHelix"},{"floor":29.0,"key":"Singing Bowl"},{"floor":43,"key":"Blood Vial"}],"event_choices":[{"damage_healed":0.0,"max_hp_gain":0.0,"max_hp_loss":0.0,"gold_gain":0.0,"event_name":"Scrap Ooze","player_choice":"Success","floor":3.0,"gold_loss":0.0,"damage_taken":25.0,"relics_obtained":["Darkstone Periapt"]},{"damage_healed":0.0,"max_hp_gain":0.0,"max_hp_loss":0.0,"gold_gain":0.0,"event_name":"Shining Light","player_choice":"Entered Light","floor":4.0,"gold_loss":0.0,"damage_taken":16.0,"cards_upgraded":["Defend_B","Zap"]},{"damage_healed":0.0,"max_hp_gain":0.0,"max_hp_loss":0.0,"gold_gain":75.0,"event_name":"World of Goop","player_choice":"Gather Gold","floor":10.0,"gold_loss":0.0,"damage_taken":11.0},{"damage_healed":0.0,"max_hp_gain":0.0,"max_hp_loss":0.0,"gold_gain":0.0,"event_name":"Masked Bandits","player_choice":"Fought Bandits","floor":19.0,"gold_loss":0.0,"damage_taken":0.0},{"damage_healed":0.0,"max_hp_gain":0.0,"max_hp_loss":0.0,"gold_gain":0.0,"event_name":"Drug Dealer","player_choice":"Inject Mutagens","floor":21.0,"gold_loss":0.0,"damage_taken":0.0,"relics_obtained":["MutagenicStrength"]},{"damage_healed":0.0,"max_hp_gain":0.0,"max_hp_loss":0.0,"gold_gain":0.0,"event_name":"Mysterious Sphere","player_choice":"Ignored","floor":36.0,"gold_loss":0.0,"damage_taken":0.0},{"damage_healed":0.0,"max_hp_gain":0.0,"max_hp_loss":0.0,"gold_gain":0.0,"event_name":"WeMeetAgain","player_choice":"Ignored","floor":37.0,"gold_loss":0.0,"damage_taken":0.0}],"is_beta":false,"boss_relics":[{"not_picked":["Snecko Eye","Black Star"],"picked":"FrozenCore"},{"not_picked":["White Beast Statue","Runic Pyramid"],"picked":"Nuclear Battery"}],"items_purged_floors":[],"is_endless":false,"potions_floor_spawned":[1,5,18,19,24,29,31,38,45],"ascension_level":0}