{"gold_per_floor":[112,77,77,77,77,77,88,88,88,88,107,107,117,117,117,215,215,231,231,231,231,94,94,122,122,149,149,149,163,163],"floor_reached":30,"playtime":438,"items_purged":[],"score":257,"play_id":"c8ed9e71-1342-438e-bc1d-72d0412c8c17","local_time":"20190311192645","is_ascension_mode":false,"campfire_choices":[{"data":"Dualcast","floor":6.0,"key":"SMITH"},{"data":"Zap","floor":8.0,"key":"SMITH"},{"data":"1","floor":10.0,"key":"LIFT"},{"data":"2","floor":15.0,"key":"LIFT"},{"data":"3","floor":23,"key":"LIFT"},{"floor":25,"key":"REST"},{"floor":28,"key":"REST"},{"data":"Leap","floor":30,"key":"SMITH"}],"neow_cost":"NONE","seed_source_timestamp":330861641421295,"circlet_count":0,"master_deck":["Strike_B","Strike_B","Strike_B","Strike_B","Defend_B","Defend_B","Defend_B","Defend_B","Zap+1","Dualcast+1","Melter+1","Ball Lightning","All For One","Parasite","Writhe","Parasite","Leap+1","Necronomicurse","Reinforced Body","Chill","Coolheaded+1"],"special_seed":0,"relics":["Cracked Core","Girya","Calling Bell","Happy Flower","Darkstone Periapt","Calipers","MutagenicStrength","Necronomicon","Cables","Centennial Puzzle"],"potions_floor_usage":[],"damage_taken":[{"damage":1.0,"enemies":"Jaw Worm","floor":1.0,"turns":3.0},{"damage":0.0,"enemies":"Cultist","floor":7.0,"turns":2.0},{"damage":0.0,"enemies":"Small Slimes","floor":11.0,"turns":2.0},{"damage":2.0,"enemies":"Blue Slaver","floor":13.0,"turns":3.0},{"damage":30.0,"enemies":"The Guardian","floor":16.0,"turns":8.0},{"damage":0.0,"enemies":"Chosen","floor":18.0,"turns":3.0},{"damage":44,"enemies":"Book of Stabbing","floor":24,"turns":6},{"damage":6,"enemies":"3 Byrds","floor":29,"turns":4}],"seed_played":"-6366960156258894441","potions_obtained":[{"floor":1.0,"key":"Ancient Potion"},{"floor":13.0,"key":"FearPotion"},{"floor":24,"key":"FearPotion"},{"floor":27,"key":"Swift Potion"},{"floor":27,"key":"SteroidPotion"},{"floor":27,"key":"EntropicBrew"}],"is_trial":false,"path_per_floor":["M","$","?","$","?","R","M","R","T","R","M","$","M","$","R","B",null,"M","?","?","?","$","R","E","R","T","?","R","M","R"],"character_chosen":"DEFECT","items_purchased":["Melter","Reinforced Body","Chill"],"campfire_rested":2,"item_purchase_floors":[2,22,22],"current_hp_per_floor":[81,81,81,81,86,86,86,86,86,86,86,86,84,84,84,54,87,87,87,87,77,77,77,33,60,60,60,87,81,81],"gold":163,"neow_bonus":"TEN_PERCENT_HP_BONUS","is_prod":false,"is_daily":false,"chose_seed":false,"campfire_upgraded":3,"win_rate":0,"timestamp":1552332405,"path_taken":["M","$","?","?","?","R","M","R","T","R","M","$","M","$","R","BOSS","M","?","?","?","$","R","E","R","T","?","R","M","R"],"build_version":"2019-01-23","purchased_purges":0,"victory":false,"max_hp_per_floor":[82,82,82,82,87,87,87,87,87,87,87,87,87,87,87,87,87,87,87,87,93,93,93,93,93,93,93,93,93,93],"card_choices":[{"not_picked":["Steam Power","Leap","Consume"],"picked":"SKIP","floor":1.0},{"not_picked":["Stack","Reprogram","Hologram"],"picked":"SKIP","floor":7.0},{"not_picked":["Genetic Algorithm","BootSequence"],"picked":"Ball Lightning","floor":11.0},{"not_picked":["Stack","Beam Cell","Leap"],"picked":"SKIP","floor":13.0},{"not_picked":["Machine Learning","Multi-Cast"],"picked":"All For One","floor":16.0},{"not_picked":["Gash","Go for the Eyes"],"picked":"Leap","floor":18.0},{"not_picked":["Go for the Eyes","Redo"],"picked":"Coolheaded+1","floor":24},{"not_picked":["Tempest","Rip and Tear","Melter+1"],"picked":"SKIP","floor":29}],"player_experience":1100752,"relics_obtained":[{"floor":9.0,"key":"Girya"},{"floor":17.0,"key":"Happy Flower"},{"floor":17.0,"key":"Darkstone Periapt"},{"floor":17.0,"key":"Calipers"},{"floor":21,"key":"Necronomicon"},{"floor":24,"key":"Cables"},{"floor":26,"key":"Centennial Puzzle"}],"event_choices":[{"damage_healed":0.0,"max_hp_gain":0.0,"max_hp_loss":0.0,"gold_gain":0.0,"event_name":"Upgrade Shrine","player_choice":"Upgraded","floor":3.0,"gold_loss":0.0,"damage_taken":0.0,"cards_upgraded":["Melter"]},{"damage_healed":0.0,"max_hp_gain":5.0,"max_hp_loss":0.0,"gold_gain":0.0,"event_name":"Big Fish","player_choice":"Donut","floor":5.0,"gold_loss":0.0,"damage_taken":0.0},{"damage_healed":0.0,"max_hp_gain":0.0,"max_hp_loss":0.0,"gold_gain":0.0,"event_name":"Drug Dealer","player_choice":"Inject Mutagens","floor":19.0,"gold_loss":0.0,"damage_taken":0.0,"relics_obtained":["MutagenicStrength"]},{"damage_healed":0,"gold_gain":0,"player_choice":"Obtained Book","damage_taken":16,"max_hp_gain":0,"max_hp_loss":0,"event_name":"Cursed Tome","floor":21,"gold_loss":0},{"damage_healed":0,"gold_gain":0,"player_choice":"Got Potions","damage_taken":0,"max_hp_gain":0,"max_hp_loss":0,"event_name":"Lab","floor":27,"gold_loss":0}],"is_beta":false,"boss_relics":[{"not_picked":["Runic Pyramid","Busted Crown"],"picked":"Calling Bell"}],"items_purged_floors":[],"is_endless":false,"potions_floor_spawned":[1,13,24],"ascension_level":0}