{"gold_per_floor":[119,119,119,133,147,147,162,162,189,220,231,251,251,19,19,123,123,136,136,61,81,81,81,95,110,110,110,142,142,142,162,162,162],"floor_reached":33,"playtime":936,"items_purged":["Strike_B"],"score":292,"play_id":"a25603ad-a8ca-4e25-a016-c1bffa45be22","local_time":"20190503000116","is_ascension_mode":false,"campfire_choices":[{"data":"Ball Lightning","floor":6.0,"key":"SMITH"},{"data":"Zap","floor":8.0,"key":"SMITH"},{"data":"Cold Snap","floor":13.0,"key":"SMITH"},{"data":"Defend_B","floor":15.0,"key":"SMITH"},{"data":"Go for the Eyes","floor":23.0,"key":"SMITH"},{"data":"Electrodynamics","floor":27.0,"key":"SMITH"},{"data":"Defend_B","floor":29.0,"key":"SMITH"},{"data":"Strike_B","floor":32,"key":"SMITH"}],"neow_cost":"NONE","seed_source_timestamp":1044555095130181,"circlet_count":0,"master_deck":["Strike_B+1","Strike_B","Strike_B","Defend_B+1","Defend_B+1","Defend_B","Defend_B","Zap+1","Dualcast+1","Ball Lightning+1","Chill","Cold Snap+1","Conserve Battery","Go for the Eyes+1","Electrodynamics+1","Undo","Coolheaded+1"],"special_seed":0,"relics":["Cracked Core","Pen Nib","Art of War","Anchor","Orrery","Darkstone Periapt","Toxic Egg 2"],"potions_floor_usage":[],"damage_taken":[{"damage":6.0,"enemies":"Jaw Worm","floor":1.0,"turns":3.0},{"damage":0.0,"enemies":"Cultist","floor":4.0,"turns":3.0},{"damage":0.0,"enemies":"2 Louse","floor":5.0,"turns":2.0},{"damage":3.0,"enemies":"Red Slaver","floor":7.0,"turns":3.0},{"damage":9.0,"enemies":"3 Sentries","floor":10.0,"turns":7.0},{"damage":0.0,"enemies":"2 Fungi Beasts","floor":11.0,"turns":3.0},{"damage":1.0,"enemies":"Looter","floor":12.0,"turns":3.0},{"damage":14.0,"enemies":"The Guardian","floor":16.0,"turns":9.0},{"damage":0.0,"enemies":"3 Byrds","floor":18.0,"turns":6.0},{"damage":0.0,"enemies":"Spheric Guardian","floor":21.0,"turns":3.0},{"damage":10.0,"enemies":"Shelled Parasite and Fungi","floor":24.0,"turns":7.0},{"damage":12.0,"enemies":"Snecko","floor":25.0,"turns":5.0},{"damage":0.0,"enemies":"Gremlin Leader","floor":28.0,"turns":6.0},{"damage":9,"enemies":"Centurion and Healer","floor":31,"turns":5},{"damage":40,"enemies":"Collector","floor":33,"turns":8}],"seed_played":"-2531050608882035185","potions_obtained":[{"floor":7.0,"key":"Fire Potion"},{"floor":11.0,"key":"Dexterity Potion"},{"floor":16.0,"key":"Swift Potion"},{"floor":18.0,"key":"Weak Potion"}],"is_trial":false,"path_per_floor":["M","$","?","M","M","R","M","R","T","E","M","M","R","$","R","B",null,"M","?","$","M","$","R","M","M","T","R","E","R","?","M","R","B"],"character_chosen":"DEFECT","items_purchased":["Anchor","Electrodynamics"],"campfire_rested":0,"item_purchase_floors":[14,20],"current_hp_per_floor":[76,76,76,76,76,76,73,73,73,64,64,63,63,63,63,49,82,82,82,82,82,82,82,72,60,60,60,60,60,60,51,51,11],"gold":162,"neow_bonus":"TEN_PERCENT_HP_BONUS","is_prod":false,"is_daily":false,"chose_seed":false,"campfire_upgraded":8,"win_rate":0,"timestamp":1556838076,"path_taken":["M","$","?","M","M","R","?","R","T","E","M","M","R","$","R","BOSS","M","?","?","M","$","R","?","M","T","R","E","R","?","M","R","BOSS"],"build_version":"2019-01-23","purchased_purges":1,"victory":false,"max_hp_per_floor":[82,82,82,82,82,82,82,82,82,82,82,82,82,82,82,82,82,82,82,82,82,82,82,82,82,82,82,82,82,82,82,82,82],"card_choices":[{"not_picked":["Barrage","Steam","Steam Power"],"picked":"SKIP","floor":1.0},{"not_picked":["White Noise","Turbo"],"picked":"Ball Lightning","floor":4.0},{"not_picked":["Hologram","Sunder"],"picked":"Chill","floor":5.0},{"not_picked":["Biased Cognition","Streamline","Static Discharge"],"picked":"SKIP","floor":7.0},{"not_picked":["Hologram","Barrage"],"picked":"Cold Snap","floor":10.0},{"not_picked":["Barrage","Stack","Streamline"],"picked":"SKIP","floor":11.0},{"not_picked":["Aggregate","Coolheaded","Rip and Tear"],"picked":"SKIP","floor":12.0},{"not_picked":["Heatsinks","Go for the Eyes"],"picked":"Conserve Battery","floor":17.0},{"not_picked":["Barrage","Ball Lightning"],"picked":"Go for the Eyes","floor":17.0},{"not_picked":["Melter","Redo","Go for the Eyes"],"picked":"SKIP","floor":18.0},{"not_picked":["Steam+1","Rebound+1","Melter"],"picked":"SKIP","floor":21.0},{"not_picked":["Steam+1","Reprogram+1","Gash"],"picked":"SKIP","floor":24.0},{"not_picked":["Coolheaded","Ball Lightning"],"picked":"Undo","floor":25.0},{"not_picked":["Biased Cognition","Skim","Go for the Eyes"],"picked":"SKIP","floor":28.0},{"not_picked":["Turbo+1","Fusion+1"],"picked":"Coolheaded+1","floor":31}],"player_experience":1213704,"relics_obtained":[{"floor":9.0,"key":"Pen Nib"},{"floor":10.0,"key":"Art of War"},{"floor":26.0,"key":"Darkstone Periapt"},{"floor":28.0,"key":"Toxic Egg 2"}],"event_choices":[{"damage_healed":0.0,"max_hp_gain":0.0,"max_hp_loss":0.0,"gold_gain":0.0,"event_name":"Upgrade Shrine","player_choice":"Upgraded","floor":3.0,"gold_loss":0.0,"damage_taken":0.0,"cards_upgraded":["Dualcast"]},{"damage_healed":0.0,"max_hp_gain":0.0,"max_hp_loss":0.0,"gold_gain":0.0,"event_name":"The Woman in Blue","player_choice":"Bought 0 Potions","floor":19.0,"gold_loss":0.0,"damage_taken":0.0},{"damage_healed":0,"gold_gain":0,"player_choice":"Ignored","damage_taken":0,"max_hp_gain":0,"max_hp_loss":0,"event_name":"The Mausoleum","floor":30,"gold_loss":0}],"is_beta":false,"boss_relics":[{"not_picked":["Black Star","Runic Pyramid"],"picked":"Orrery"}],"items_purged_floors":[14],"is_endless":false,"potions_floor_spawned":[7,11,16,18,28],"killed_by":"Collector","ascension_level":0}