{"gold_per_floor":[114,114,125,300,310,310,338,357,357,357,317,337,356,321,321,417,417,433,468,468,486,486],"floor_reached":22,"playtime":947,"items_purged":[],"score":186,"play_id":"d889e55f-b49a-4208-b46e-5978888043cc","local_time":"20190303001054","is_ascension_mode":false,"campfire_choices":[{"data":"Buffer","floor":6,"key":"SMITH"},{"data":"Zap","floor":15,"key":"SMITH"}],"neow_cost":"NONE","seed_source_timestamp":1599106532188794,"circlet_count":0,"master_deck":["Strike_B","Strike_B","Strike_B","Defend_B","Defend_B","Defend_B","Defend_B","Zap+1","Dualcast+1","Ball Lightning","Doubt","Buffer+1","BootSequence","Glacier","Conserve Battery","Glacier","Chill"],"special_seed":0,"relics":["Cracked Core","Letter Opener","Blue Candle","MawBank","Sozu","Red Mask","Art of War"],"potions_floor_usage":[19],"damage_taken":[{"damage":0.0,"enemies":"Small Slimes","floor":1.0,"turns":3.0},{"damage":1,"enemies":"Jaw Worm","floor":3,"turns":2},{"damage":0,"enemies":"2 Louse","floor":5,"turns":2},{"damage":17,"enemies":"3 Sentries","floor":7,"turns":8},{"damage":0,"enemies":"Exordium Wildlife","floor":8,"turns":5},{"damage":0,"enemies":"Blue Slaver","floor":12,"turns":4},{"damage":0,"enemies":"Lots of Slimes","floor":13,"turns":4},{"damage":5,"enemies":"Slime Boss","floor":16,"turns":14},{"damage":0,"enemies":"Chosen","floor":18,"turns":6},{"damage":21,"enemies":"Masked Bandits","floor":19,"turns":7},{"damage":0,"enemies":"3 Byrds","floor":21,"turns":6},{"damage":0,"enemies":"Centurion and Healer","floor":22,"turns":17}],"seed_played":"4499703000945232","potions_obtained":[{"floor":1.0,"key":"AttackPotion"},{"floor":8,"key":"AttackPotion"},{"floor":12,"key":"SkillPotion"}],"is_trial":false,"path_per_floor":["M","?","M","?","M","R","E","M","T","?","$","M","M","$","R","B",null,"M","?","?","M","M"],"character_chosen":"DEFECT","items_purchased":["Conserve Battery","Glacier"],"campfire_rested":0,"item_purchase_floors":[11,14],"current_hp_per_floor":[75,68,67,67,67,67,50,50,50,43,43,43,43,43,43,38,75,75,54,54,54,54],"gold":486,"neow_bonus":"UPGRADE_CARD","is_prod":false,"is_daily":false,"chose_seed":false,"campfire_upgraded":2,"win_rate":0,"timestamp":1551571854,"path_taken":["M","?","M","?","M","R","E","M","T","?","$","M","M","$","R","BOSS","M","?","?","M","M"],"build_version":"2019-01-23","purchased_purges":0,"victory":false,"max_hp_per_floor":[75,75,75,75,75,75,75,75,75,75,75,75,75,75,75,75,75,75,75,75,75,75],"card_choices":[{"not_picked":["Lockon","Aggregate","Beam Cell"],"picked":"SKIP","floor":1.0},{"not_picked":["Go for the Eyes","Cold Snap"],"picked":"Ball Lightning","floor":3},{"not_picked":["Steam Power","Rebound"],"picked":"Buffer","floor":5},{"not_picked":["Redo","Fission"],"picked":"BootSequence","floor":7},{"not_picked":["Conserve Battery","Stack"],"picked":"Glacier","floor":8},{"not_picked":["Force Field","Sweeping Beam","Double Energy"],"picked":"SKIP","floor":12},{"not_picked":["Hologram","Sweeping Beam","Go for the Eyes"],"picked":"SKIP","floor":13},{"not_picked":["Gash","Hologram","Cold Snap"],"picked":"SKIP","floor":18},{"not_picked":["Machine Learning","Leap+1"],"picked":"Chill","floor":21}],"player_experience":1079526,"relics_obtained":[{"floor":7,"key":"Letter Opener"},{"floor":9,"key":"Blue Candle"},{"floor":19,"key":"Red Mask"}],"event_choices":[{"cards_removed":["Strike_B"],"damage_healed":0.0,"max_hp_gain":0.0,"max_hp_loss":0.0,"gold_gain":0.0,"event_name":"Golden Wing","player_choice":"Card Removal","floor":2.0,"gold_loss":0.0,"damage_taken":7.0},{"damage_healed":0,"gold_gain":175,"player_choice":"AGREE","damage_taken":0,"max_hp_gain":0,"max_hp_loss":0,"event_name":"Liars Game","floor":4,"gold_loss":0,"cards_obtained":["Doubt"]},{"damage_healed":0,"gold_gain":0,"player_choice":"Success","damage_taken":7,"relics_obtained":["MawBank"],"max_hp_gain":0,"max_hp_loss":0,"event_name":"Scrap Ooze","floor":10,"gold_loss":0},{"damage_healed":0,"gold_gain":0,"player_choice":"Fought Bandits","damage_taken":0,"max_hp_gain":0,"max_hp_loss":0,"event_name":"Masked Bandits","floor":19,"gold_loss":0},{"damage_healed":0,"gold_gain":0,"player_choice":"Gave Potion","damage_taken":0,"relics_obtained":["Art of War"],"max_hp_gain":0,"max_hp_loss":0,"event_name":"WeMeetAgain","floor":20,"gold_loss":0}],"is_beta":false,"boss_relics":[{"not_picked":["Snecko Eye","White Beast Statue"],"picked":"Sozu"}],"items_purged_floors":[],"is_endless":false,"potions_floor_spawned":[1,8,12,19],"killed_by":"Centurion and Healer","ascension_level":0}