{"gold_per_floor":[112,131,131,131,131,165,165,180,203,39,53,67,67,79,79,179,179,191,191,211,110,122,122,136,136,159,159,159,189,189,207,207,308,358,374,374,294,304,185,185,214,214,214,85,95,105,122,135,135,135],"floor_reached":51,"playtime":1449,"items_purged":["Strike_B","Defend_B"],"score":749,"play_id":"2c99380d-d6e7-4113-b525-39ecb5ad7391","local_time":"20190321191949","is_ascension_mode":false,"campfire_choices":[{"data":"Dualcast","floor":7,"key":"SMITH"},{"data":"Defragment","floor":13,"key":"SMITH"},{"data":"Zap","floor":15,"key":"SMITH"},{"data":"Electrodynamics","floor":23,"key":"SMITH"},{"data":"Go for the Eyes","floor":25,"key":"SMITH"},{"data":"Capacitor","floor":28,"key":"SMITH"},{"data":"Conserve Battery","floor":30,"key":"SMITH"},{"data":"Undo","floor":32,"key":"SMITH"},{"data":"Coolheaded","floor":40,"key":"SMITH"},{"data":"Ball Lightning","floor":42,"key":"SMITH"},{"data":"Defragment","floor":49,"key":"SMITH"}],"neow_cost":"NONE","seed_source_timestamp":410951943385982,"circlet_count":0,"master_deck":["Strike_B+1","Defend_B+1","Defend_B+1","Zap+1","Dualcast+1","Defragment+1","Conserve Battery+1","Electrodynamics+1","Undo+1","Capacitor+1","Ball Lightning+1","Conserve Battery+1","Go for the Eyes+1","Chill","Rainbow+1","Melter+1","Coolheaded+1","Cold Snap+1","Creative AI","Defragment+1","Tempest+1","Glacier+1"],"relics":["Cracked Core","Blood Vial","War Paint","Bronze Scales","Black Star","Orichalcum","Happy Flower","DataDisk","The Courier","Tiny House","Strawberry","Singing Bowl","Nunchaku","Blue Candle"],"potions_floor_usage":[31,50,50,50],"damage_taken":[{"damage":0,"enemies":"2 Louse","floor":1,"turns":1},{"damage":0,"enemies":"Small Slimes","floor":2,"turns":2},{"damage":25,"enemies":"Gremlin Nob","floor":6,"turns":4},{"damage":0,"enemies":"Jaw Worm","floor":8,"turns":3},{"damage":2,"enemies":"Lots of Slimes","floor":11,"turns":2},{"damage":2,"enemies":"Large Slime","floor":12,"turns":3},{"damage":4,"enemies":"3 Louse","floor":14,"turns":2},{"damage":6,"enemies":"Hexaghost","floor":16,"turns":9},{"damage":4,"enemies":"Shell Parasite","floor":18,"turns":4},{"damage":0,"enemies":"Chosen","floor":20,"turns":4},{"damage":3,"enemies":"Centurion and Healer","floor":22,"turns":6},{"damage":7,"enemies":"Snake Plant","floor":24,"turns":4},{"damage":0,"enemies":"Gremlin Leader","floor":29,"turns":5},{"damage":0,"enemies":"Shelled Parasite and Fungi","floor":31,"turns":4},{"damage":19,"enemies":"Collector","floor":33,"turns":8},{"damage":3,"enemies":"Orb Walker","floor":35,"turns":3},{"damage":3,"enemies":"3 Shapes","floor":38,"turns":4},{"damage":3,"enemies":"Reptomancer","floor":41,"turns":6},{"damage":10,"enemies":"Spire Growth","floor":45,"turns":5},{"damage":0,"enemies":"3 Darklings","floor":46,"turns":3},{"damage":6,"enemies":"Transient","floor":47,"turns":5},{"damage":2,"enemies":"Writhing Mass","floor":48,"turns":4},{"damage":3,"enemies":"Awakened One","floor":50,"turns":15}],"seed_played":"-5429098630849954791","potions_obtained":[{"floor":1,"key":"SpeedPotion"},{"floor":2,"key":"Strength Potion"},{"floor":6,"key":"SkillPotion"},{"floor":12,"key":"SkillPotion"},{"floor":20,"key":"Swift Potion"},{"floor":22,"key":"Fire Potion"},{"floor":31,"key":"LiquidBronze"},{"floor":33,"key":"Dexterity Potion"},{"floor":48,"key":"Ancient Potion"}],"is_trial":false,"path_per_floor":["M","M","$","?","?","E","R","M","T","$","M","M","R","M","R","B",null,"M","?","M","$","M","R","M","R","T","?","R","E","R","M","R","B",null,"M","?","$","M","$","R","E","R","T","$","M","M","M","M","R","B",null],"character_chosen":"DEFECT","items_purchased":["Electrodynamics","Ball Lightning","Strawberry","Creative AI","Defragment"],"campfire_rested":0,"item_purchase_floors":[10,21,39,44,44],"current_hp_per_floor":[75,75,75,68,53,30,30,32,32,32,32,32,32,30,30,26,75,71,71,73,73,72,72,67,67,67,67,67,69,69,71,71,54,80,77,77,77,76,83,83,84,84,84,84,76,80,78,78,78,77],"gold":135,"neow_bonus":"RANDOM_COMMON_RELIC","is_prod":false,"is_daily":false,"chose_seed":false,"campfire_upgraded":11,"win_rate":0,"timestamp":1553195989,"path_taken":["M","M","$","?","?","E","R","?","T","$","M","M","R","?","R","BOSS","M","?","M","$","M","R","M","R","T","?","R","E","R","M","R","BOSS","M","?","$","?","$","R","E","R","T","$","M","M","M","M","R","BOSS"],"build_version":"2019-01-23","purchased_purges":2,"victory":true,"max_hp_per_floor":[75,75,75,75,75,75,75,75,75,75,75,75,75,75,75,75,75,75,75,75,75,75,75,75,75,75,75,75,75,75,75,75,75,80,80,80,80,80,87,87,89,89,89,89,89,91,93,93,93,93],"card_choices":[{"not_picked":["Rebound","BootSequence"],"picked":"Defragment","floor":1},{"not_picked":["Barrage","Hologram"],"picked":"Conserve Battery","floor":2},{"not_picked":["Barrage","Stack","Steam"],"picked":"SKIP","floor":6},{"not_picked":["Fusion","Leap","Cold Snap"],"picked":"SKIP","floor":8},{"not_picked":["Sunder","Double Energy","Turbo"],"picked":"SKIP","floor":11},{"not_picked":["Fission","Sweeping Beam","Rip and Tear"],"picked":"SKIP","floor":12},{"not_picked":["Steam","Double Energy"],"picked":"Undo","floor":14},{"not_picked":["Coolheaded","Steam","Leap+1"],"picked":"SKIP","floor":18},{"not_picked":["Conserve Battery","Skim"],"picked":"Capacitor","floor":20},{"not_picked":["Ball Lightning","Genetic Algorithm"],"picked":"Conserve Battery","floor":22},{"not_picked":["Compile Driver+1","All For One"],"picked":"Go for the Eyes","floor":24},{"not_picked":["Rebound","Static Discharge","Hologram"],"picked":"SKIP","floor":29},{"not_picked":["Doom and Gloom","Ball Lightning","Redo"],"picked":"SKIP","floor":31},{"not_picked":["Amplify","Hyperbeam"],"picked":"Rainbow","floor":33},{"not_picked":["Streamline","Steam+1"],"picked":"Melter+1","floor":34},{"not_picked":["Barrage+1","Undo+1"],"picked":"Coolheaded","floor":35},{"not_picked":["Static Discharge+1","Hello World+1"],"picked":"Cold Snap+1","floor":38},{"not_picked":["Cold Snap","Streamline+1","Rebound"],"picked":"Singing Bowl","floor":41},{"not_picked":["Steam Power+1","Darkness"],"picked":"Tempest+1","floor":45},{"not_picked":["Steam Power","Hologram+1","Sweeping Beam"],"picked":"Singing Bowl","floor":46},{"not_picked":["Hello World+1","Turbo+1","Cold Snap"],"picked":"Singing Bowl","floor":47},{"not_picked":["Steam Power","Barrage"],"picked":"Glacier+1","floor":48}],"player_experience":1124681,"relics_obtained":[{"floor":6,"key":"War Paint"},{"floor":9,"key":"Bronze Scales"},{"floor":26,"key":"Happy Flower"},{"floor":29,"key":"DataDisk"},{"floor":29,"key":"The Courier"},{"floor":41,"key":"Singing Bowl"},{"floor":41,"key":"Nunchaku"},{"floor":43,"key":"Blue Candle"}],"event_choices":[{"cards_removed":["Defend_B"],"damage_healed":0,"gold_gain":0,"player_choice":"Card Removal","damage_taken":7,"max_hp_gain":0,"max_hp_loss":0,"event_name":"Golden Wing","floor":4,"gold_loss":0},{"damage_healed":0,"gold_gain":0,"player_choice":"Entered Light","damage_taken":15,"max_hp_gain":0,"max_hp_loss":0,"event_name":"Shining Light","floor":5,"gold_loss":0,"cards_upgraded":["Defend_B","Strike_B"]},{"damage_healed":0,"gold_gain":0,"player_choice":"Opened","damage_taken":0,"relics_obtained":["Orichalcum"],"max_hp_gain":0,"max_hp_loss":0,"event_name":"The Mausoleum","floor":19,"gold_loss":0},{"damage_healed":0,"gold_gain":0,"cards_transformed":["Strike_B"],"player_choice":"Transformed","damage_taken":0,"max_hp_gain":0,"max_hp_loss":0,"event_name":"Transmorgrifier","floor":27,"gold_loss":0,"cards_obtained":["Chill"]},{"cards_removed":["Strike_B"],"damage_healed":0,"gold_gain":0,"player_choice":"Purged","damage_taken":0,"max_hp_gain":0,"max_hp_loss":0,"event_name":"Purifier","floor":36,"gold_loss":0}],"is_beta":false,"boss_relics":[{"not_picked":["Philosopher\u0027s Stone","Runic Dome"],"picked":"Black Star"},{"not_picked":["Lizard Tail","Calling Bell"],"picked":"Tiny House"}],"items_purged_floors":[21,37],"is_endless":false,"potions_floor_spawned":[1,2,6,12,20,22,31,33,41,46,48],"ascension_level":0}