{"gold_per_floor":[117,134,146,146,157,157,173,202,252,283,283,295,374,549,549,651,651,667,679,679,32,32,66,66,91,116,116,16,16,90,90,90,188,188,207,217,217,231,231,261,5,5,5,20,36,56,56,76,76,76],"floor_reached":51,"playtime":5971,"items_purged":["Strike_B","Shame"],"score":700,"play_id":"79623f29-e84c-4ed7-b9d1-04ebf8a77b63","local_time":"20190504042302","is_ascension_mode":false,"campfire_choices":[{"data":"Zap","floor":6.0,"key":"SMITH"},{"data":"Redo","floor":11.0,"key":"SMITH"},{"floor":15.0,"key":"REST"},{"data":"Coolheaded","floor":24,"key":"SMITH"},{"floor":27,"key":"REST"},{"floor":29,"key":"REST"},{"floor":32,"key":"REST"},{"floor":42,"key":"REST"},{"data":"Gash","floor":47,"key":"SMITH"},{"floor":49,"key":"REST"}],"neow_cost":"NONE","seed_source_timestamp":0,"circlet_count":0,"master_deck":["Strike_B","Strike_B","Defend_B","Defend_B","Defend_B","Zap+1","Dualcast","All For One","Reinforced Body","Loop","Scrape+1","Seek","Beam Cell","Redo+1","Coolheaded+1","Rebound+1","Static Discharge","Echo Form","RitualDagger","Impatience","Beam Cell","Streamline+1","Redo+1","Go for the Eyes","Gash+1","Fission","Rip and Tear","FTL","Go for the Eyes+1","Streamline+1","Dramatic Entrance","Stack","Redo+1","Parasite","Go for the Eyes","Gash+1","Chaos+1"],"special_seed":0,"relics":["Cracked Core","Mercury Hourglass","Anchor","Ornamental Fan","Runic Pyramid","Lee\u0027s Waffle","Bronze Scales","Lantern","Dream Catcher","PreservedInsect","Pen Nib","Whetstone","Bottled Flame","Lizard Tail","Ice Cream","Vajra","Kunai"],"potions_floor_usage":[33,33,50,50,50],"damage_taken":[{"damage":10.0,"enemies":"Jaw Worm","floor":1.0,"turns":4.0},{"damage":1.0,"enemies":"2 Louse","floor":2.0,"turns":2.0},{"damage":2.0,"enemies":"Small Slimes","floor":3.0,"turns":3.0},{"damage":4.0,"enemies":"Blue Slaver","floor":5.0,"turns":4.0},{"damage":0.0,"enemies":"Large Slime","floor":7.0,"turns":3.0},{"damage":19.0,"enemies":"Lagavulin","floor":8.0,"turns":5.0},{"damage":25.0,"enemies":"3 Sentries","floor":10.0,"turns":5.0},{"damage":0.0,"enemies":"Exordium Wildlife","floor":12.0,"turns":2.0},{"damage":12.0,"enemies":"The Guardian","floor":16.0,"turns":9.0},{"damage":36.0,"enemies":"3 Byrds","floor":18.0,"turns":5.0},{"damage":0.0,"enemies":"Chosen","floor":19.0,"turns":4.0},{"damage":62,"enemies":"Slavers","floor":23,"turns":4},{"damage":16,"enemies":"Book of Stabbing","floor":25,"turns":4},{"damage":64,"enemies":"Champ","floor":33,"turns":9},{"damage":0,"enemies":"3 Shapes","floor":35,"turns":3},{"damage":0,"enemies":"Orb Walker","floor":36,"turns":2},{"damage":18,"enemies":"4 Shapes","floor":38,"turns":4},{"damage":12,"enemies":"Nemesis","floor":40,"turns":3},{"damage":2,"enemies":"Writhing Mass","floor":44,"turns":4},{"damage":0,"enemies":"Spire Growth","floor":45,"turns":3},{"damage":2,"enemies":"Jaw Worm Horde","floor":46,"turns":3},{"damage":0,"enemies":"Transient","floor":48,"turns":5},{"damage":30,"enemies":"Time Eater","floor":50,"turns":10}],"seed_played":"-1651486702354249871","potions_obtained":[{"floor":1.0,"key":"Weak Potion"},{"floor":3.0,"key":"Strength Potion"},{"floor":8.0,"key":"EssenceOfSteel"},{"floor":16.0,"key":"PowerPotion"},{"floor":19.0,"key":"Strength Potion"},{"floor":25,"key":"Block Potion"},{"floor":35,"key":"Strength Potion"},{"floor":36,"key":"EssenceOfSteel"},{"floor":45,"key":"EssenceOfSteel"}],"is_trial":false,"path_per_floor":["M","M","M","?","M","R","M","E","T","E","R","M","?","?","R","B",null,"M","M","?","$","?","E","R","E","T","R","$","R","T","?","R","B",null,"M","M","?","M","?","E","$","R","T","M","M","M","R","M","R","B",null],"character_chosen":"DEFECT","items_purchased":["Lee\u0027s Waffle","Bronze Scales","Lantern","Impatience","Vajra","Dramatic Entrance","Stack"],"campfire_rested":6,"item_purchase_floors":[21,21,21,21,41,41,41],"current_hp_per_floor":[65,64,62,62,58,58,58,39,39,14,14,14,14,14,36,24,75,39,39,33,82,82,20,20,4,4,28,28,52,52,52,76,12,82,82,82,82,64,64,52,52,76,76,74,74,72,72,72,82,52],"gold":76,"neow_bonus":"ONE_RANDOM_RARE_CARD","is_prod":false,"is_daily":false,"chose_seed":false,"campfire_upgraded":4,"win_rate":0.0,"timestamp":1556961782,"path_taken":["M","M","M","?","M","R","M","E","T","E","R","M","?","?","R","BOSS","M","M","?","$","?","E","R","E","T","R","$","R","?","?","R","BOSS","M","M","?","M","?","E","$","R","T","M","?","M","R","?","R","BOSS"],"build_version":"2019-01-23","purchased_purges":2,"victory":true,"max_hp_per_floor":[75,75,75,75,75,75,75,75,75,75,75,75,75,75,75,75,75,75,75,75,82,82,82,82,82,82,82,82,82,82,82,82,82,82,82,82,82,82,82,82,82,82,82,82,82,82,82,82,82,82],"card_choices":[{"not_picked":["Turbo","Rebound"],"picked":"Reinforced Body","floor":1.0},{"not_picked":["Barrage","Sweeping Beam"],"picked":"Loop","floor":2.0},{"not_picked":["Reinforced Body","Streamline"],"picked":"Scrape","floor":3.0},{"not_picked":["Double Energy","Stack"],"picked":"Beam Cell","floor":5.0},{"not_picked":["Multi-Cast","Beam Cell"],"picked":"Redo","floor":7.0},{"not_picked":["Aggregate","Streamline"],"picked":"Coolheaded","floor":8.0},{"not_picked":["Steam Power","Skim"],"picked":"Rebound","floor":10.0},{"not_picked":["Stack","Heatsinks"],"picked":"Static Discharge","floor":12.0},{"not_picked":["Reboot","Amplify"],"picked":"Echo Form","floor":16.0},{"not_picked":["Sweeping Beam","Sunder","Hello World+1"],"picked":"SKIP","floor":18.0},{"not_picked":["Steam Power","Sweeping Beam","Fusion"],"picked":"SKIP","floor":19.0},{"not_picked":["Coolheaded","Doom and Gloom"],"picked":"Beam Cell","floor":23},{"not_picked":["Scrape","Aggregate+1"],"picked":"Streamline+1","floor":25},{"not_picked":["Stack","Doom and Gloom"],"picked":"Redo+1","floor":27},{"not_picked":["Static Discharge","Scrape"],"picked":"Go for the Eyes","floor":29},{"not_picked":["Darkness","Cold Snap"],"picked":"Gash","floor":32},{"not_picked":["Creative AI","Multi-Cast"],"picked":"Fission","floor":33},{"not_picked":["Coolheaded+1","Force Field"],"picked":"Rip and Tear","floor":35},{"not_picked":["Defragment+1","Barrage"],"picked":"FTL","floor":36},{"not_picked":["Heatsinks","Reprogram"],"picked":"Go for the Eyes+1","floor":38},{"not_picked":["Consume+1","Hologram"],"picked":"Streamline+1","floor":40},{"not_picked":["Cold Snap","Compile Driver"],"picked":"Redo+1","floor":42},{"not_picked":["Fusion+1","Cold Snap+1"],"picked":"Go for the Eyes","floor":44},{"not_picked":["Streamline","Cold Snap","Tempest"],"picked":"SKIP","floor":45},{"not_picked":["Hologram+1","Auto Shields+1"],"picked":"Gash+1","floor":46},{"not_picked":["Ball Lightning+1","Steam","Rip and Tear+1"],"picked":"SKIP","floor":48},{"not_picked":["Ball Lightning+1","Steam","Rip and Tear+1"],"picked":"SKIP","floor":48},{"not_picked":["Leap","Redo"],"picked":"Chaos+1","floor":49}],"player_experience":49876,"relics_obtained":[{"floor":8.0,"key":"Mercury Hourglass"},{"floor":9.0,"key":"Anchor"},{"floor":10.0,"key":"Ornamental Fan"},{"floor":23,"key":"PreservedInsect"},{"floor":25,"key":"Pen Nib"},{"floor":26,"key":"Whetstone"},{"floor":30,"key":"Bottled Flame"},{"floor":40,"key":"Ice Cream"},{"floor":43,"key":"Kunai"}],"event_choices":[{"damage_healed":0.0,"max_hp_gain":0.0,"max_hp_loss":0.0,"gold_gain":0.0,"cards_transformed":["Defend_B"],"event_name":"Living Wall","player_choice":"Change","floor":4.0,"gold_loss":0.0,"damage_taken":0.0,"cards_obtained":["Seek"]},{"damage_healed":0.0,"max_hp_gain":0.0,"max_hp_loss":0.0,"gold_gain":79.0,"event_name":"Golden Wing","player_choice":"Gained Gold","floor":13.0,"gold_loss":0.0,"damage_taken":0.0},{"damage_healed":0.0,"max_hp_gain":0.0,"max_hp_loss":0.0,"gold_gain":175.0,"event_name":"Liars Game","player_choice":"AGREE","floor":14.0,"gold_loss":0.0,"damage_taken":0.0,"cards_obtained":["Doubt"]},{"damage_healed":0.0,"max_hp_gain":0.0,"max_hp_loss":0.0,"gold_gain":0.0,"event_name":"Nest","player_choice":"Joined the Cult","floor":20.0,"gold_loss":0.0,"damage_taken":6.0,"cards_obtained":["RitualDagger"]},{"damage_healed":0,"gold_gain":0,"player_choice":"Stole Relic","damage_taken":0,"relics_obtained":["Dream Catcher"],"max_hp_gain":0,"max_hp_loss":0,"event_name":"Addict","floor":22,"gold_loss":0,"cards_obtained":["Shame"]},{"damage_healed":0,"gold_gain":0,"player_choice":"Ignored","damage_taken":0,"max_hp_gain":0,"max_hp_loss":0,"event_name":"Ghosts","floor":31,"gold_loss":0},{"cards_removed":["Strike_B"],"damage_healed":0,"gold_gain":0,"player_choice":"Removed Attack","damage_taken":0,"max_hp_gain":0,"max_hp_loss":0,"event_name":"Falling","floor":37,"gold_loss":0},{"cards_removed":["Doubt"],"damage_healed":0,"gold_gain":0,"player_choice":"Removed Curses","damage_taken":0,"max_hp_gain":0,"max_hp_loss":0,"event_name":"Fountain of Cleansing","floor":39,"gold_loss":0}],"is_beta":false,"boss_relics":[{"not_picked":["FrozenCore","Busted Crown"],"picked":"Runic Pyramid"},{"not_picked":["Runic Dome","Tiny House"],"picked":"Lizard Tail"}],"items_purged_floors":[21,28],"is_endless":false,"potions_floor_spawned":[1,3,8,16,19,25,35,36,45,48],"ascension_level":0}