{"gold_per_floor":[213,227,227,238,252,252,278,278,278,278,278,278,292,240,240,339,339,349,52,71,91,101,101,133,133,159,159,184,184,195,295,295,392,392,405,405,305,319,123,123,139,139,166,388,415,197,197,207,207,207],"floor_reached":51,"playtime":1545,"items_purged":["Strike_B","Strike_B","Strike_B","Writhe"],"score":688,"play_id":"a4088a0f-04a2-45cb-9ba3-992d43716e94","local_time":"20190530150301","is_ascension_mode":false,"campfire_choices":[{"data":"Ball Lightning","floor":6.0,"key":"SMITH"},{"data":"Zap","floor":8.0,"key":"SMITH"},{"data":"Conserve Battery","floor":10.0,"key":"SMITH"},{"data":"Coolheaded","floor":15.0,"key":"SMITH"},{"data":"Rainbow","floor":23.0,"key":"SMITH"},{"data":"Echo Form","floor":25.0,"key":"SMITH"},{"data":"Undo","floor":27.0,"key":"SMITH"},{"floor":29.0,"key":"REST"},{"data":"Defend_B","floor":32.0,"key":"SMITH"},{"data":"Defragment","floor":40.0,"key":"SMITH"},{"data":"Loop","floor":47,"key":"SMITH"},{"data":"Defend_B","floor":49,"key":"SMITH"}],"neow_cost":"NONE","seed_source_timestamp":63877639402350,"circlet_count":0,"master_deck":["Strike_B","Defend_B+1","Defend_B+1","Defend_B","Defend_B","Zap+1","Dualcast+1","Undo+1","Ball Lightning+1","Conserve Battery+1","Coolheaded+1","Rainbow+1","Echo Form+1","Defragment+1","FTL+1","Defragment+1","Loop+1"],"special_seed":0,"relics":["FrozenCore","Oddly Smooth Stone","Anchor","Letter Opener","Philosopher\u0027s Stone","DataDisk","Darkstone Periapt","PreservedInsect","Red Mask","Dead Branch","Pantograph","Juzu Bracelet","Boot"],"potions_floor_usage":[],"damage_taken":[{"damage":0.0,"enemies":"Cultist","floor":1.0,"turns":3.0},{"damage":0.0,"enemies":"Small Slimes","floor":2.0,"turns":3.0},{"damage":0.0,"enemies":"Jaw Worm","floor":4.0,"turns":3.0},{"damage":0.0,"enemies":"Blue Slaver","floor":5.0,"turns":3.0},{"damage":21.0,"enemies":"Lagavulin","floor":7.0,"turns":6.0},{"damage":0.0,"enemies":"Exordium Thugs","floor":13.0,"turns":3.0},{"damage":33.0,"enemies":"The Guardian","floor":16.0,"turns":11.0},{"damage":0.0,"enemies":"2 Thieves","floor":18.0,"turns":4.0},{"damage":0.0,"enemies":"Spheric Guardian","floor":20.0,"turns":3.0},{"damage":0.0,"enemies":"Snake Plant","floor":21.0,"turns":4.0},{"damage":0.0,"enemies":"Centurion and Healer","floor":22.0,"turns":5.0},{"damage":24.0,"enemies":"Slavers","floor":24.0,"turns":6.0},{"damage":13.0,"enemies":"Masked Bandits","floor":28.0,"turns":4.0},{"damage":0.0,"enemies":"Sentry and Sphere","floor":30.0,"turns":4.0},{"damage":0.0,"enemies":"Colosseum Slavers","floor":31.0,"turns":4.0},{"damage":4.0,"enemies":"Colosseum Nobs","floor":31.0,"turns":3.0},{"damage":35.0,"enemies":"Collector","floor":33.0,"turns":7.0},{"damage":0.0,"enemies":"3 Shapes","floor":35.0,"turns":3.0},{"damage":7.0,"enemies":"3 Darklings","floor":38.0,"turns":5.0},{"damage":18.0,"enemies":"Mind Bloom Boss Battle","floor":39.0,"turns":5.0},{"damage":3,"enemies":"Transient","floor":41,"turns":5},{"damage":0,"enemies":"4 Shapes","floor":48,"turns":5},{"damage":18,"enemies":"Time Eater","floor":50,"turns":11}],"seed_played":"-6100164234969731244","potions_obtained":[{"floor":7.0,"key":"Swift Potion"},{"floor":13.0,"key":"Energy Potion"},{"floor":18.0,"key":"FairyPotion"},{"floor":20.0,"key":"PowerPotion"},{"floor":30.0,"key":"AttackPotion"},{"floor":31.0,"key":"Strength Potion"}],"is_trial":false,"path_per_floor":["M","M","?","M","M","R","E","R","T","R","$","?","M","$","R","B",null,"M","$","M","M","M","R","E","R","T","R","?","R","M","?","R","B",null,"M","?","$","M","?","R","M","?","T","?","T","$","R","M","R","B",null],"character_chosen":"DEFECT","items_purchased":["Coolheaded","DataDisk","Echo Form","Defragment","Loop"],"campfire_rested":1,"item_purchase_floors":[14,19,19,39,46],"current_hp_per_floor":[75,75,75,75,75,75,54,54,54,54,54,54,54,54,54,21,75,75,75,75,75,75,75,51,51,51,51,38,60,60,56,56,40,75,75,75,75,68,57,57,54,79,79,79,79,79,79,79,79,63],"gold":207,"neow_bonus":"HUNDRED_GOLD","is_prod":false,"is_daily":false,"chose_seed":false,"campfire_upgraded":11,"win_rate":0,"timestamp":1559224981,"path_taken":["M","?","?","M","M","R","E","R","T","R","?","?","M","$","R","BOSS","M","$","M","M","M","R","E","R","T","R","?","R","M","?","R","BOSS","M","?","$","M","?","R","?","?","T","?","?","$","R","M","R","BOSS"],"build_version":"2019-01-23","purchased_purges":4,"victory":true,"max_hp_per_floor":[75,75,75,75,75,75,75,75,75,75,75,75,75,75,75,75,75,75,75,75,75,75,75,75,75,75,75,75,75,75,75,75,75,75,75,75,75,75,75,75,75,81,81,81,81,81,81,81,81,81],"card_choices":[{"not_picked":["Stack","Barrage"],"picked":"Undo","floor":1.0},{"not_picked":["Hello World","Redo"],"picked":"Ball Lightning","floor":2.0},{"not_picked":["Steam","Skim","Rebound"],"picked":"SKIP","floor":4.0},{"not_picked":["Double Energy","Undo"],"picked":"Conserve Battery","floor":5.0},{"not_picked":["Turbo","Compile Driver","Steam Power"],"picked":"SKIP","floor":7.0},{"not_picked":["Beam Cell","Force Field","Double Energy"],"picked":"SKIP","floor":13.0},{"not_picked":["Meteor Strike","Creative AI"],"picked":"Rainbow","floor":16.0},{"not_picked":["Genetic Algorithm","Tempest","Stack"],"picked":"SKIP","floor":18.0},{"not_picked":["Redo","Sweeping Beam","Hello World"],"picked":"SKIP","floor":20.0},{"not_picked":["BootSequence","Cold Snap","Redo"],"picked":"SKIP","floor":21.0},{"not_picked":["Sweeping Beam","Gash+1","Skim"],"picked":"SKIP","floor":22.0},{"not_picked":["Coolheaded+1","Rainbow"],"picked":"Defragment+1","floor":24.0},{"not_picked":["Skim","Rebound+1","Gash"],"picked":"SKIP","floor":30.0},{"not_picked":["Ball Lightning","Stack"],"picked":"FTL+1","floor":31.0},{"not_picked":["Heatsinks","Beam Cell+1","Gash"],"picked":"SKIP","floor":35.0},{"not_picked":["Streamline+1","Conserve Battery+1","Turbo+1"],"picked":"SKIP","floor":38.0},{"not_picked":["Chaos","Auto Shields","Reprogram+1"],"picked":"SKIP","floor":41},{"not_picked":["Leap+1","Barrage","Storm"],"picked":"SKIP","floor":48}],"player_experience":1266325,"relics_obtained":[{"floor":7.0,"key":"Oddly Smooth Stone"},{"floor":9.0,"key":"Anchor"},{"floor":24.0,"key":"Darkstone Periapt"},{"floor":26.0,"key":"PreservedInsect"},{"floor":28.0,"key":"Red Mask"},{"floor":31.0,"key":"Dead Branch"},{"floor":31.0,"key":"Pantograph"},{"floor":43,"key":"Juzu Bracelet"},{"floor":45,"key":"Boot"}],"event_choices":[{"damage_healed":0.0,"max_hp_gain":0.0,"max_hp_loss":0.0,"gold_gain":0.0,"event_name":"Accursed Blacksmith","player_choice":"Forge","floor":3.0,"gold_loss":0.0,"damage_taken":0.0,"cards_upgraded":["Dualcast"]},{"damage_healed":0.0,"max_hp_gain":0.0,"max_hp_loss":0.0,"gold_gain":0.0,"event_name":"Dead Adventurer","player_choice":"Searched \u00271\u0027 times","floor":12.0,"gold_loss":0.0,"damage_taken":0.0,"relics_obtained":["Letter Opener"]},{"damage_healed":0.0,"max_hp_gain":0.0,"max_hp_loss":0.0,"gold_gain":0.0,"event_name":"Masked Bandits","player_choice":"Fought Bandits","floor":28.0,"gold_loss":0.0,"damage_taken":0.0},{"damage_healed":0.0,"max_hp_gain":0.0,"max_hp_loss":0.0,"gold_gain":0.0,"event_name":"Colosseum","player_choice":"Fight","floor":31.0,"gold_loss":0.0,"damage_taken":0.0},{"damage_healed":0.0,"max_hp_gain":0.0,"max_hp_loss":0.0,"gold_gain":0.0,"event_name":"Colosseum","player_choice":"Fought Nobs","floor":31.0,"gold_loss":0.0,"damage_taken":0.0},{"damage_healed":0.0,"max_hp_gain":0.0,"max_hp_loss":0.0,"gold_gain":0.0,"event_name":"SensoryStone","player_choice":"Memory 1","floor":36.0,"gold_loss":0.0,"damage_taken":0.0},{"damage_healed":0.0,"max_hp_gain":0.0,"max_hp_loss":0.0,"gold_gain":0.0,"event_name":"MindBloom","player_choice":"Fight","floor":39.0,"gold_loss":0.0,"damage_taken":0.0},{"damage_healed":19,"gold_gain":0,"player_choice":"Writhe","damage_taken":0,"max_hp_gain":0,"max_hp_loss":0,"event_name":"Winding Halls","floor":42,"gold_loss":0,"cards_obtained":["Writhe"]},{"damage_healed":0,"gold_gain":222,"player_choice":"Wore Mask","damage_taken":0,"max_hp_gain":0,"max_hp_loss":0,"event_name":"Tomb of Lord Red Mask","floor":44,"gold_loss":0}],"is_beta":false,"boss_relics":[{"not_picked":["Calling Bell","Eternal Feather"],"picked":"Philosopher\u0027s Stone"},{"not_picked":["Tiny House","Black Star"],"picked":"FrozenCore"}],"items_purged_floors":[19,37,39,46],"is_endless":false,"potions_floor_spawned":[7,13,18,20,30,31,31,38,48],"ascension_level":0}