{"gold_per_floor":[118,118,135,148,148,148,162,6,6,6,42,42,73,87,87,215,215,240,165,178,178,178,209,209,245,245,445,445,469,493,339,339,460,460,479,502,835,835,835,835,862,880,904,391,418,431,447,465,465,465],"floor_reached":51,"playtime":1623,"items_purged":["Strike_B","Strike_B","Writhe"],"score":955,"play_id":"147635f4-8e84-43b3-89ad-18ae93978ad7","local_time":"20190515205413","is_ascension_mode":false,"campfire_choices":[{"data":"Sunder","floor":6.0,"key":"SMITH"},{"data":"Beam Cell","floor":12.0,"key":"SMITH"},{"data":"Ball Lightning","floor":15.0,"key":"SMITH"},{"data":"Defend_B","floor":24.0,"key":"SMITH"},{"data":"Defend_B","floor":28.0,"key":"SMITH"},{"data":"Go for the Eyes","floor":32.0,"key":"SMITH"},{"data":"Defend_B","floor":40.0,"key":"SMITH"},{"floor":49,"key":"REST"}],"neow_cost":"NONE","seed_source_timestamp":2155683217143647,"circlet_count":0,"master_deck":["Strike_B+1","Strike_B+1","Defend_B+1","Defend_B+1","Defend_B+1","Defend_B","Zap+1","Dualcast+1","Sunder+1","Ball Lightning+1","Glacier+1","Beam Cell+1","Echo Form","FTL+1","Capacitor+1","Coolheaded+1","Go for the Eyes+1","Force Field","Buffer","Barrage+1","Consume"],"special_seed":0,"relics":["Cracked Core","Lantern","War Paint","Girya","Prayer Wheel","Bag of Preparation","Sozu","Bottled Tornado","Whetstone","Anchor","Inserter","Art of War","Juzu Bracelet","Oddly Smooth Stone","Meat on the Bone"],"potions_floor_usage":[50,50],"damage_taken":[{"damage":0.0,"enemies":"Small Slimes","floor":1.0,"turns":2.0},{"damage":0.0,"enemies":"Cultist","floor":3.0,"turns":2.0},{"damage":11.0,"enemies":"Jaw Worm","floor":4.0,"turns":2.0},{"damage":1.0,"enemies":"Exordium Thugs","floor":7.0,"turns":3.0},{"damage":16.0,"enemies":"Gremlin Nob","floor":11.0,"turns":3.0},{"damage":14.0,"enemies":"Lagavulin","floor":13.0,"turns":4.0},{"damage":0.0,"enemies":"Large Slime","floor":14.0,"turns":1.0},{"damage":11.0,"enemies":"The Guardian","floor":16.0,"turns":9.0},{"damage":10.0,"enemies":"2 Thieves","floor":18.0,"turns":3.0},{"damage":1.0,"enemies":"3 Byrds","floor":20.0,"turns":4.0},{"damage":12.0,"enemies":"Slavers","floor":23.0,"turns":5.0},{"damage":12.0,"enemies":"Book of Stabbing","floor":25.0,"turns":3.0},{"damage":0.0,"enemies":"Snake Plant","floor":29.0,"turns":2.0},{"damage":0.0,"enemies":"Cultist and Chosen","floor":30.0,"turns":4.0},{"damage":2.0,"enemies":"Automaton","floor":33.0,"turns":11.0},{"damage":7.0,"enemies":"Orb Walker","floor":35.0,"turns":3.0},{"damage":0.0,"enemies":"3 Shapes","floor":36.0,"turns":4.0},{"damage":31.0,"enemies":"Nemesis","floor":41.0,"turns":5.0},{"damage":3.0,"enemies":"Jaw Worm Horde","floor":42.0,"turns":5.0},{"damage":0.0,"enemies":"Giant Head","floor":45.0,"turns":9.0},{"damage":0.0,"enemies":"Spire Growth","floor":46.0,"turns":7.0},{"damage":10.0,"enemies":"Sphere and 2 Shapes","floor":47.0,"turns":7.0},{"damage":4,"enemies":"3 Darklings","floor":48,"turns":6},{"damage":0,"enemies":"Donu and Deca","floor":50,"turns":12}],"seed_played":"-534600363671469291","potions_obtained":[{"floor":3.0,"key":"Poison Potion"},{"floor":4.0,"key":"SpeedPotion"},{"floor":7.0,"key":"FocusPotion"}],"is_trial":false,"path_per_floor":["M","$","M","M","?","R","M","$","T","?","E","R","E","M","R","B",null,"M","$","M","?","$","E","R","E","T","?","R","M","M","$","R","B",null,"M","M","?","?","?","R","E","M","T","$","E","M","M","M","R","B",null],"character_chosen":"DEFECT","items_purchased":["War Paint","Go for the Eyes","Oddly Smooth Stone","Force Field","Buffer"],"campfire_rested":1,"item_purchase_floors":[8,31,44,44,44],"current_hp_per_floor":[75,75,75,64,46,46,45,45,45,45,29,29,15,15,15,4,75,65,65,64,64,64,52,52,40,40,40,40,40,40,40,40,38,75,68,68,68,68,75,75,44,41,41,41,41,41,43,39,61,61],"gold":465,"neow_bonus":"RANDOM_COMMON_RELIC","is_prod":false,"is_daily":false,"chose_seed":false,"campfire_upgraded":7,"win_rate":0,"timestamp":1557950053,"path_taken":["M","$","M","M","?","R","M","$","T","?","E","R","E","M","R","BOSS","M","$","?","?","$","E","R","E","T","?","R","M","?","$","R","BOSS","M","M","?","?","?","R","E","M","T","$","E","M","M","M","R","BOSS"],"build_version":"2019-01-23","purchased_purges":3,"victory":true,"max_hp_per_floor":[75,75,75,75,75,75,75,75,75,75,75,75,75,75,75,75,75,75,75,75,75,75,75,75,75,75,75,75,75,75,75,75,75,75,75,75,75,75,75,75,75,75,75,75,75,75,75,75,75,75],"card_choices":[{"not_picked":["Steam","Gash"],"picked":"Sunder","floor":1.0},{"not_picked":["Beam Cell","Sweeping Beam"],"picked":"Ball Lightning","floor":3.0},{"not_picked":["Redo","Chaos"],"picked":"Glacier","floor":4.0},{"not_picked":["Stack","Blizzard","Steam"],"picked":"SKIP","floor":7.0},{"not_picked":["Barrage","Creative AI"],"picked":"Beam Cell","floor":11.0},{"not_picked":["Hello World","Leap","Hologram"],"picked":"SKIP","floor":13.0},{"not_picked":["Melter","Rebound","Scrape"],"picked":"SKIP","floor":14.0},{"not_picked":["Leap","Compile Driver","FTL"],"picked":"SKIP","floor":14.0},{"not_picked":["All For One","Creative AI"],"picked":"Echo Form","floor":16.0},{"not_picked":["Cold Snap","Stack"],"picked":"FTL+1","floor":18.0},{"not_picked":["Coolheaded","Steam","Gash"],"picked":"SKIP","floor":18.0},{"not_picked":["Barrage","Turbo","All For One"],"picked":"SKIP","floor":20.0},{"not_picked":["Compile Driver+1","Tempest","Rebound"],"picked":"SKIP","floor":20.0},{"not_picked":["Steam Power+1","Machine Learning"],"picked":"Capacitor+1","floor":23.0},{"not_picked":["Amplify","Ball Lightning","Stack"],"picked":"SKIP","floor":25.0},{"not_picked":["Static Discharge","Heatsinks","Cold Snap"],"picked":"SKIP","floor":29.0},{"not_picked":["Coolheaded","Redo+1","Beam Cell"],"picked":"SKIP","floor":29.0},{"not_picked":["Gash","Biased Cognition"],"picked":"Coolheaded+1","floor":30.0},{"not_picked":["Cold Snap+1","Auto Shields","White Noise"],"picked":"SKIP","floor":30.0},{"not_picked":["Redo+1","Streamline","Cold Snap"],"picked":"SKIP","floor":35.0},{"not_picked":["Sweeping Beam","Reinforced Body","Auto Shields"],"picked":"SKIP","floor":35.0},{"not_picked":["Heatsinks","Rebound","Cold Snap"],"picked":"SKIP","floor":36.0},{"not_picked":["Compile Driver","Double Energy","Skim+1"],"picked":"SKIP","floor":36.0},{"not_picked":["Leap+1","Skim+1","Streamline+1"],"picked":"SKIP","floor":41.0},{"not_picked":["Streamline+1","Storm+1","Redo+1"],"picked":"SKIP","floor":42.0},{"not_picked":["Self Repair+1","FTL+1","Turbo+1"],"picked":"SKIP","floor":42.0},{"not_picked":["Buffer","Cold Snap","Sweeping Beam"],"picked":"SKIP","floor":45.0},{"not_picked":["Loop","Ball Lightning"],"picked":"Barrage+1","floor":46.0},{"not_picked":["Compile Driver","Heatsinks","Barrage"],"picked":"SKIP","floor":46.0},{"not_picked":["Stack+1","Conserve Battery+1"],"picked":"Consume","floor":47},{"not_picked":["Compile Driver","Auto Shields+1","Go for the Eyes"],"picked":"SKIP","floor":47},{"not_picked":["Fusion","Consume+1","All For One"],"picked":"SKIP","floor":48},{"not_picked":["Heatsinks+1","Beam Cell+1","Barrage+1"],"picked":"SKIP","floor":48}],"player_experience":1238018,"relics_obtained":[{"floor":9.0,"key":"Girya"},{"floor":11.0,"key":"Prayer Wheel"},{"floor":13.0,"key":"Bag of Preparation"},{"floor":23.0,"key":"Bottled Tornado"},{"floor":25.0,"key":"Whetstone"},{"floor":26.0,"key":"Anchor"},{"floor":41.0,"key":"Art of War"},{"floor":43.0,"key":"Juzu Bracelet"},{"floor":45.0,"key":"Meat on the Bone"}],"event_choices":[{"damage_healed":0.0,"max_hp_gain":0.0,"max_hp_loss":0.0,"gold_gain":0.0,"event_name":"Golden Idol","player_choice":"Take Damage","floor":5.0,"gold_loss":0.0,"damage_taken":18.0,"relics_obtained":["Golden Idol"]},{"damage_healed":0.0,"max_hp_gain":0.0,"max_hp_loss":0.0,"gold_gain":0.0,"event_name":"Upgrade Shrine","player_choice":"Upgraded","floor":10.0,"gold_loss":0.0,"damage_taken":0.0,"cards_upgraded":["Zap"]},{"damage_healed":0.0,"max_hp_gain":0.0,"max_hp_loss":0.0,"gold_gain":0.0,"event_name":"Cursed Tome","player_choice":"Ignored","floor":21.0,"gold_loss":0.0,"damage_taken":0.0},{"damage_healed":0.0,"max_hp_gain":0.0,"max_hp_loss":0.0,"gold_gain":200.0,"event_name":"Wheel of Change","player_choice":"Gold","floor":27.0,"gold_loss":0.0,"damage_taken":0.0},{"damage_healed":0.0,"max_hp_gain":0.0,"max_hp_loss":0.0,"gold_gain":333.0,"event_name":"The Moai Head","player_choice":"Gave Idol","floor":37.0,"relics_lost":["Golden Idol"],"gold_loss":0.0,"damage_taken":0.0},{"damage_healed":0.0,"max_hp_gain":0.0,"max_hp_loss":0.0,"gold_gain":0.0,"event_name":"Mysterious Sphere","player_choice":"Ignored","floor":38.0,"gold_loss":0.0,"damage_taken":0.0},{"damage_healed":19.0,"max_hp_gain":0.0,"max_hp_loss":0.0,"gold_gain":0.0,"event_name":"Winding Halls","player_choice":"Writhe","floor":39.0,"gold_loss":0.0,"damage_taken":0.0,"cards_obtained":["Writhe"]}],"is_beta":false,"boss_relics":[{"not_picked":["Busted Crown","Black Star"],"picked":"Sozu"},{"not_picked":["Astrolabe","Orrery"],"picked":"Inserter"}],"items_purged_floors":[19,31,44],"is_endless":false,"potions_floor_spawned":[3,4,7,13,18,20,25,35,42,46,48],"ascension_level":0}