{"gold_per_floor":[116,127,127,146,156,156,156,185,185,205,205,205,57,74,74,174,174,191,191,201,236,161,195,195,223,223,237,152,152,152,162,162,267,267,282,298,313,413,167,167,200,200,200,215,215,231,41,53,53,53],"floor_reached":51,"playtime":1616,"items_purged":["Strike_B","Strike_B"],"score":715,"play_id":"4cb25bd5-d7dd-457b-985c-357a40e850a2","local_time":"20190604201910","is_ascension_mode":false,"campfire_choices":[{"data":"Dualcast","floor":6.0,"key":"SMITH"},{"data":"Zap","floor":11.0,"key":"SMITH"},{"data":"Ball Lightning","floor":15.0,"key":"SMITH"},{"data":"Rainbow","floor":29.0,"key":"SMITH"},{"data":"Go for the Eyes","floor":32.0,"key":"SMITH"},{"data":"Defend_B","floor":40.0,"key":"SMITH"},{"data":"Defend_B","floor":42.0,"key":"SMITH"},{"floor":49.0,"key":"REST"}],"neow_cost":"NONE","seed_source_timestamp":514604880788418,"circlet_count":0,"master_deck":["Strike_B","Strike_B","Defend_B+1","Defend_B+1","Defend_B+1","Defend_B+1","Zap+1","Dualcast+1","Go for the Eyes+1","Chill","Ball Lightning+1","Rainbow+1","Sunder+1","Undo","Tempest+1","Conserve Battery","BootSequence","White Noise+1","FTL+1","White Noise"],"special_seed":0,"relics":["FrozenCore","Emotion Chip","Odd Mushroom","Thread and Needle","DataDisk","Cursed Key","Red Mask","Happy Flower","Centennial Puzzle","PreservedInsect","Du-Vu Doll","Oddly Smooth Stone","War Paint","Runic Capacitor"],"potions_floor_usage":[50,50,50],"damage_taken":[{"damage":6.0,"enemies":"Jaw Worm","floor":1.0,"turns":4.0},{"damage":0.0,"enemies":"2 Louse","floor":2.0,"turns":3.0},{"damage":0.0,"enemies":"Small Slimes","floor":4.0,"turns":3.0},{"damage":6.0,"enemies":"Exordium Thugs","floor":5.0,"turns":4.0},{"damage":6.0,"enemies":"Lagavulin","floor":8.0,"turns":6.0},{"damage":5.0,"enemies":"The Mushroom Lair","floor":10.0,"turns":4.0},{"damage":0.0,"enemies":"Blue Slaver","floor":14.0,"turns":3.0},{"damage":36.0,"enemies":"The Guardian","floor":16.0,"turns":10.0},{"damage":0.0,"enemies":"3 Byrds","floor":18.0,"turns":4.0},{"damage":0.0,"enemies":"Chosen","floor":20.0,"turns":3.0},{"damage":6.0,"enemies":"Masked Bandits","floor":21.0,"turns":2.0},{"damage":14.0,"enemies":"Book of Stabbing","floor":23.0,"turns":4.0},{"damage":6.0,"enemies":"Gremlin Leader","floor":25.0,"turns":5.0},{"damage":0.0,"enemies":"Snecko","floor":27.0,"turns":4.0},{"damage":0.0,"enemies":"Snake Plant","floor":31.0,"turns":2.0},{"damage":42.0,"enemies":"Automaton","floor":33.0,"turns":11.0},{"damage":0.0,"enemies":"3 Shapes","floor":35.0,"turns":3.0},{"damage":3.0,"enemies":"3 Darklings","floor":36.0,"turns":4.0},{"damage":13.0,"enemies":"Maw","floor":37.0,"turns":7.0},{"damage":0.0,"enemies":"Mind Bloom Boss Battle","floor":38.0,"turns":6.0},{"damage":12.0,"enemies":"Giant Head","floor":41.0,"turns":8.0},{"damage":0.0,"enemies":"Writhing Mass","floor":44.0,"turns":5.0},{"damage":9.0,"enemies":"4 Shapes","floor":46.0,"turns":5.0},{"damage":0.0,"enemies":"Sphere and 2 Shapes","floor":48.0,"turns":5.0},{"damage":51,"enemies":"Donu and Deca","floor":50,"turns":15}],"seed_played":"4101576005464464681","potions_obtained":[{"floor":2.0,"key":"FocusPotion"},{"floor":4.0,"key":"Fire Potion"},{"floor":8.0,"key":"Dexterity Potion"},{"floor":23.0,"key":"Regen Potion"}],"is_trial":false,"path_per_floor":["M","M","$","M","M","R","?","E","T","?","R","?","$","M","R","B",null,"M","?","M","?","$","E","?","E","T","M","?","R","$","M","R","B",null,"M","M","M","?","$","R","E","R","T","M","?","M","$","M","R","B",null],"character_chosen":"DEFECT","items_purchased":["DataDisk","Oddly Smooth Stone","Runic Capacitor"],"campfire_rested":1,"item_purchase_floors":[13,39,47],"current_hp_per_floor":[76,76,76,76,70,70,70,64,64,59,59,59,59,59,59,23,82,82,82,82,76,76,62,62,56,56,56,56,56,56,56,56,14,82,82,79,66,66,66,66,54,54,54,54,54,45,45,45,69,31],"gold":53,"neow_bonus":"TEN_PERCENT_HP_BONUS","is_prod":false,"is_daily":false,"chose_seed":false,"campfire_upgraded":7,"win_rate":0,"timestamp":1559675950,"path_taken":["M","M","$","M","M","R","?","E","T","?","R","?","$","M","R","BOSS","M","?","?","?","$","E","?","E","T","M","?","R","$","M","R","BOSS","M","M","M","?","$","R","E","R","T","M","?","M","$","M","R","BOSS"],"build_version":"2019-01-23","purchased_purges":2,"victory":true,"max_hp_per_floor":[82,82,82,82,82,82,82,82,82,82,82,82,82,82,82,82,82,82,82,82,82,82,82,82,82,82,82,82,82,82,82,82,82,82,82,82,82,82,82,82,82,82,82,82,82,82,82,82,82,82],"card_choices":[{"not_picked":["Rebound","Cold Snap"],"picked":"Go for the Eyes","floor":1.0},{"not_picked":["Fusion","Tempest"],"picked":"Chill","floor":2.0},{"not_picked":["Coolheaded","Tempest"],"picked":"Ball Lightning","floor":4.0},{"not_picked":["Capacitor","Coolheaded","Hologram"],"picked":"SKIP","floor":5.0},{"not_picked":["Hologram","Scrape","Gash"],"picked":"SKIP","floor":8.0},{"not_picked":["Reboot","Auto Shields","Redo"],"picked":"SKIP","floor":14.0},{"not_picked":["Thunder Strike","All For One"],"picked":"Rainbow","floor":16.0},{"not_picked":["Coolheaded","Redo"],"picked":"Sunder+1","floor":18.0},{"not_picked":["Steam","Coolheaded"],"picked":"Tempest+1","floor":20.0},{"not_picked":["Reprogram","Sweeping Beam+1"],"picked":"Conserve Battery","floor":21.0},{"not_picked":["Leap+1","Reinforced Body+1"],"picked":"BootSequence","floor":23.0},{"not_picked":["Fusion","Steam+1"],"picked":"White Noise","floor":25.0},{"not_picked":["Turbo","Steam Power","Blizzard"],"picked":"SKIP","floor":27.0},{"not_picked":["Redo+1","Steam","Compile Driver"],"picked":"SKIP","floor":31.0},{"not_picked":["Hologram+1","Heatsinks","Streamline"],"picked":"SKIP","floor":35.0},{"not_picked":["Go for the Eyes+1","Aggregate","Leap+1"],"picked":"SKIP","floor":36.0},{"not_picked":["Fusion","Leap+1"],"picked":"FTL+1","floor":37.0},{"not_picked":["Chill","Stack","Rainbow"],"picked":"SKIP","floor":41.0},{"not_picked":["Rebound+1","Steam"],"picked":"White Noise","floor":44.0},{"not_picked":["Go for the Eyes+1","Leap+1","Stack+1"],"picked":"SKIP","floor":46.0},{"not_picked":["Genetic Algorithm+1","Stack+1","Coolheaded+1"],"picked":"SKIP","floor":48.0}],"player_experience":1279560,"relics_obtained":[{"floor":9.0,"key":"Emotion Chip"},{"floor":10.0,"key":"Odd Mushroom"},{"floor":21.0,"key":"Red Mask"},{"floor":23.0,"key":"Happy Flower"},{"floor":25.0,"key":"Centennial Puzzle"},{"floor":38.0,"key":"Du-Vu Doll"},{"floor":41.0,"key":"War Paint"}],"event_choices":[{"damage_healed":0.0,"max_hp_gain":0.0,"max_hp_loss":0.0,"gold_gain":0.0,"event_name":"Scrap Ooze","player_choice":"Fled","floor":7.0,"gold_loss":0.0,"damage_taken":0.0},{"damage_healed":0.0,"max_hp_gain":0.0,"max_hp_loss":0.0,"gold_gain":0.0,"event_name":"Mushrooms","player_choice":"Fought Mushrooms","floor":10.0,"gold_loss":0.0,"damage_taken":0.0},{"damage_healed":0.0,"max_hp_gain":0.0,"max_hp_loss":0.0,"gold_gain":0.0,"event_name":"Dead Adventurer","player_choice":"Searched \u00272\u0027 times","floor":12.0,"gold_loss":0.0,"damage_taken":0.0,"relics_obtained":["Thread and Needle"]},{"damage_healed":0.0,"max_hp_gain":0.0,"max_hp_loss":0.0,"gold_gain":0.0,"event_name":"Match and Keep!","player_choice":"1 cards matched","floor":19.0,"gold_loss":0.0,"damage_taken":0.0,"cards_obtained":["Undo"]},{"damage_healed":0.0,"max_hp_gain":0.0,"max_hp_loss":0.0,"gold_gain":0.0,"event_name":"Masked Bandits","player_choice":"Fought Bandits","floor":21.0,"gold_loss":0.0,"damage_taken":0.0},{"damage_healed":0.0,"max_hp_gain":0.0,"max_hp_loss":0.0,"gold_gain":0.0,"event_name":"Cursed Tome","player_choice":"Ignored","floor":24.0,"gold_loss":0.0,"damage_taken":0.0},{"damage_healed":0.0,"max_hp_gain":0.0,"max_hp_loss":0.0,"gold_gain":0.0,"event_name":"Addict","player_choice":"Obtained Relic","floor":28.0,"gold_loss":85.0,"damage_taken":0.0,"relics_obtained":["PreservedInsect"]},{"damage_healed":0.0,"max_hp_gain":0.0,"max_hp_loss":0.0,"gold_gain":0.0,"event_name":"MindBloom","player_choice":"Fight","floor":38.0,"gold_loss":0.0,"damage_taken":0.0},{"damage_healed":0.0,"max_hp_gain":0.0,"max_hp_loss":0.0,"gold_gain":0.0,"event_name":"Upgrade Shrine","player_choice":"Upgraded","floor":45.0,"gold_loss":0.0,"damage_taken":0.0,"cards_upgraded":["Defend_B"]}],"is_beta":false,"boss_relics":[{"not_picked":["White Beast Statue","Calling Bell"],"picked":"Cursed Key"},{"not_picked":["Runic Pyramid","Sozu"],"picked":"FrozenCore"}],"items_purged_floors":[22,39],"is_endless":false,"potions_floor_spawned":[2,4,8,20,23,25,27,36,38,44,48],"ascension_level":0}