{"gold_per_floor":[110,110,110,130,140,140,140,172,172,203,203,203,203,213,213,310,310,330,345,35,53,71,71,71,71,71,71,104,118,118,144,144,144],"floor_reached":33,"playtime":918,"items_purged":[],"score":273,"play_id":"a738afdd-debd-4dc9-bb18-263bafffaf22","local_time":"20190603224120","is_ascension_mode":false,"campfire_choices":[{"data":"Dualcast","floor":6,"key":"SMITH"},{"data":"Zap","floor":11,"key":"SMITH"},{"data":"Melter","floor":15,"key":"SMITH"},{"data":"Strike_B","floor":23,"key":"SMITH"},{"data":"Strike_B","floor":25,"key":"SMITH"},{"data":"Strike_B","floor":27,"key":"SMITH"},{"data":"Strike_B","floor":30,"key":"SMITH"},{"data":"Electrodynamics","floor":32,"key":"SMITH"}],"neow_cost":"NONE","seed_source_timestamp":437792084953089,"circlet_count":0,"master_deck":["Strike_B+1","Strike_B+1","Strike_B+1","Strike_B+1","Defend_B","Defend_B","Defend_B","Defend_B","Zap+1","Dualcast+1","Chill","Melter+1","Undo+1","Electrodynamics+1"],"relics":["Cracked Core","FossilizedHelix","Du-Vu Doll","Sundial","Sozu","Thread and Needle","Gremlin Horn","Red Mask","Oddly Smooth Stone"],"potions_floor_usage":[22],"damage_taken":[{"damage":0,"enemies":"Small Slimes","floor":1,"turns":3},{"damage":0,"enemies":"2 Louse","floor":4,"turns":3},{"damage":0,"enemies":"Cultist","floor":5,"turns":4},{"damage":15,"enemies":"3 Sentries","floor":8,"turns":11},{"damage":18,"enemies":"Gremlin Nob","floor":10,"turns":4},{"damage":1,"enemies":"Exordium Wildlife","floor":14,"turns":6},{"damage":26,"enemies":"Slime Boss","floor":16,"turns":11},{"damage":3,"enemies":"3 Byrds","floor":18,"turns":7},{"damage":0,"enemies":"Chosen","floor":19,"turns":5},{"damage":0,"enemies":"Centurion and Healer","floor":21,"turns":10},{"damage":9,"enemies":"Snake Plant","floor":22,"turns":6},{"damage":0,"enemies":"Masked Bandits","floor":28,"turns":5},{"damage":0,"enemies":"3 Cultists","floor":29,"turns":6},{"damage":20,"enemies":"Book of Stabbing","floor":31,"turns":6},{"damage":0,"enemies":"Champ","floor":33,"turns":1}],"seed_played":"-7230145962287968526","potions_obtained":[{"floor":1,"key":"EssenceOfSteel"},{"floor":5,"key":"Swift Potion"},{"floor":10,"key":"Weak Potion"}],"is_trial":false,"path_per_floor":["M","$","?","M","M","R","?","E","T","E","R","$","?","M","R","B",null,"M","M","$","M","M","R","$","R","T","R","?","M","R","E","R","B"],"character_chosen":"DEFECT","items_purchased":["Thread and Needle"],"campfire_rested":0,"item_purchase_floors":[20],"current_hp_per_floor":[82,82,82,82,82,82,87,72,72,54,54,54,54,53,53,27,87,84,84,84,84,75,75,75,75,75,75,75,75,75,55,55,55],"gold":144,"neow_bonus":"TEN_PERCENT_HP_BONUS","is_prod":false,"is_daily":false,"chose_seed":false,"campfire_upgraded":8,"win_rate":0,"timestamp":1559598080,"path_taken":["M","$","?","M","M","R","?","E","T","E","R","$","?","M","R","BOSS","M","M","$","M","M","R","$","R","T","R","?","M","R","E","R","BOSS"],"build_version":"2019-01-23","purchased_purges":0,"victory":false,"max_hp_per_floor":[82,82,82,82,82,82,87,87,87,87,87,87,87,87,87,87,87,87,87,87,87,87,87,87,87,87,87,87,87,87,87,87,87],"card_choices":[{"not_picked":["Melter","Go for the Eyes"],"picked":"Chill","floor":1},{"not_picked":["Redo","Stack","Heatsinks"],"picked":"SKIP","floor":4},{"not_picked":["Go for the Eyes","Self Repair","Stack"],"picked":"SKIP","floor":5},{"not_picked":["Blizzard","Beam Cell","Undo"],"picked":"SKIP","floor":8},{"not_picked":["Steam","Go for the Eyes"],"picked":"Melter","floor":10},{"not_picked":["Coolheaded","Barrage","Hologram"],"picked":"SKIP","floor":14},{"not_picked":["Coolheaded","Chaos","Gash"],"picked":"SKIP","floor":18},{"not_picked":["Rip and Tear+1","Recycle"],"picked":"Undo+1","floor":19},{"not_picked":["Streamline","Skim+1","Hologram"],"picked":"SKIP","floor":21},{"not_picked":["Cold Snap","Sweeping Beam","Barrage"],"picked":"SKIP","floor":22},{"not_picked":["Hologram+1","Stack","Coolheaded"],"picked":"SKIP","floor":29},{"not_picked":["Conserve Battery","White Noise"],"picked":"Electrodynamics","floor":31}],"player_experience":1277764,"relics_obtained":[{"floor":8,"key":"FossilizedHelix"},{"floor":9,"key":"Du-Vu Doll"},{"floor":10,"key":"Sundial"},{"floor":26,"key":"Gremlin Horn"},{"floor":28,"key":"Red Mask"},{"floor":31,"key":"Oddly Smooth Stone"}],"event_choices":[{"damage_healed":0,"gold_gain":0,"player_choice":"Leave","damage_taken":0,"max_hp_gain":0,"max_hp_loss":0,"event_name":"The Cleric","floor":3,"gold_loss":0},{"damage_healed":0,"gold_gain":0,"player_choice":"Donut","damage_taken":0,"max_hp_gain":5,"max_hp_loss":0,"event_name":"Big Fish","floor":7,"gold_loss":0},{"damage_healed":0,"gold_gain":0,"player_choice":"Bought 0 Potions","damage_taken":0,"max_hp_gain":0,"max_hp_loss":0,"event_name":"The Woman in Blue","floor":13,"gold_loss":0},{"damage_healed":0,"gold_gain":0,"player_choice":"Fought Bandits","damage_taken":0,"max_hp_gain":0,"max_hp_loss":0,"event_name":"Masked Bandits","floor":28,"gold_loss":0}],"is_beta":false,"boss_relics":[{"not_picked":["Runic Pyramid","Pandora\u0027s Box"],"picked":"Sozu"}],"items_purged_floors":[],"is_endless":false,"potions_floor_spawned":[1,5,10,19,21,22],"killed_by":"Champ","ascension_level":0}