{"gold_per_floor":[113,126,140,140,158,158,190,190,244,419,436,447,215,215,215,311,311,330,230,230,230,243,243,153,153,153,153,164,190,206,206,206,302,302,315,415,290,301,319,319,335,347,347,347,363,375,375,108,108,108],"floor_reached":51,"playtime":1925,"items_purged":["Doubt","Defend_B","Writhe","Strike_B+1"],"score":694,"play_id":"0799a766-c261-4cbe-8960-84f89cb71627","local_time":"20190228131240","is_ascension_mode":false,"campfire_choices":[{"data":"Dualcast","floor":6.0,"key":"SMITH"},{"data":"Zap","floor":8.0,"key":"SMITH"},{"data":"Core Surge","floor":15.0,"key":"SMITH"},{"data":"Buffer","floor":23.0,"key":"SMITH"},{"data":"Defend_B","floor":25.0,"key":"SMITH"},{"data":"Strike_B","floor":27.0,"key":"SMITH"},{"data":"Go for the Eyes","floor":32.0,"key":"SMITH"},{"data":"Echo Form","floor":40.0,"key":"SMITH"},{"floor":44,"key":"REST"},{"floor":47,"key":"RECALL"},{"data":"Capacitor","floor":49,"key":"SMITH"}],"neow_cost":"NONE","seed_source_timestamp":1385792513639531,"circlet_count":0,"master_deck":["Defend_B+1","Defend_B+1","Zap+1","Dualcast+1","Coolheaded+1","Conserve Battery+1","Ball Lightning+1","Core Surge+1","Buffer+1","Echo Form+1","Compile Driver+1","Glacier+1","Go for the Eyes+1","Echo Form+1","Conserve Battery+1","Tempest+1","Capacitor+1","Beam Cell"],"special_seed":0,"relics":["Cracked Core","Cables","Regal Pillow","War Paint","Astrolabe","Dodecahedron","Strawberry","Thread and Needle","Busted Crown","Bottled Flame"],"potions_floor_usage":[50,50,50],"damage_taken":[{"damage":5.0,"enemies":"Small Slimes","floor":1.0,"turns":3.0},{"damage":0.0,"enemies":"2 Louse","floor":2.0,"turns":2.0},{"damage":0.0,"enemies":"Cultist","floor":3.0,"turns":3.0},{"damage":1.0,"enemies":"Looter","floor":5.0,"turns":4.0},{"damage":29.0,"enemies":"Gremlin Nob","floor":7.0,"turns":4.0},{"damage":0.0,"enemies":"2 Fungi Beasts","floor":11.0,"turns":2.0},{"damage":2.0,"enemies":"Gremlin Gang","floor":12.0,"turns":5.0},{"damage":21.0,"enemies":"The Guardian","floor":16.0,"turns":11.0},{"damage":0.0,"enemies":"Shell Parasite","floor":18.0,"turns":6.0},{"damage":10.0,"enemies":"3 Byrds","floor":22.0,"turns":6.0},{"damage":0.0,"enemies":"Snake Plant","floor":28.0,"turns":3.0},{"damage":12.0,"enemies":"Book of Stabbing","floor":29.0,"turns":6.0},{"damage":2.0,"enemies":"Centurion and Healer","floor":30.0,"turns":6.0},{"damage":16.0,"enemies":"Automaton","floor":33.0,"turns":16.0},{"damage":0.0,"enemies":"Orb Walker","floor":35.0,"turns":4.0},{"damage":20.0,"enemies":"3 Darklings","floor":38.0,"turns":5.0},{"damage":0.0,"enemies":"Writhing Mass","floor":39.0,"turns":7.0},{"damage":9.0,"enemies":"Sphere and 2 Shapes","floor":41.0,"turns":8.0},{"damage":0.0,"enemies":"Jaw Worm Horde","floor":42.0,"turns":5.0},{"damage":0,"enemies":"Transient","floor":45,"turns":5},{"damage":0,"enemies":"Maw","floor":46,"turns":5},{"damage":53,"enemies":"Donu and Deca","floor":50,"turns":13}],"seed_played":"7490981009239232081","potions_obtained":[{"floor":5.0,"key":"EssenceOfSteel"},{"floor":7.0,"key":"LiquidBronze"},{"floor":12.0,"key":"Strength Potion"}],"is_trial":false,"path_per_floor":["M","M","M","?","M","R","E","R","T","?","M","M","$","?","R","B",null,"M","$","?","$","M","R","?","R","T","R","M","E","M","?","R","B",null,"M","?","$","M","M","R","M","M","T","R","M","M","R","$","R","B",null],"character_chosen":"DEFECT","items_purchased":["War Paint","Capacitor","Beam Cell"],"campfire_rested":1,"item_purchase_floors":[13,48,48],"current_hp_per_floor":[77,77,77,82,81,81,52,52,52,52,52,50,50,50,50,29,87,87,87,87,87,77,77,77,77,77,77,77,72,70,70,70,54,94,94,94,94,74,74,74,65,65,65,94,94,94,94,94,94,41],"gold":108,"neow_bonus":"TEN_PERCENT_HP_BONUS","is_prod":false,"is_daily":false,"chose_seed":false,"campfire_upgraded":9,"win_rate":0,"timestamp":1551359560,"path_taken":["M","M","M","?","M","R","E","R","T","?","M","M","$","?","R","BOSS","M","$","?","$","M","R","?","R","T","R","M","E","?","?","R","BOSS","M","?","$","?","M","R","M","M","T","R","M","M","R","$","R","BOSS"],"build_version":"2019-01-23","purchased_purges":4,"victory":true,"max_hp_per_floor":[82,82,82,87,87,87,87,87,87,87,87,87,87,87,87,87,87,87,87,87,87,87,87,87,87,87,87,87,94,94,94,94,94,94,94,94,94,94,94,94,94,94,94,94,94,94,94,94,94,94],"card_choices":[{"not_picked":["Steam","Turbo"],"picked":"Coolheaded","floor":1.0},{"not_picked":["Barrage","Cold Snap"],"picked":"Conserve Battery","floor":2.0},{"not_picked":["Sweeping Beam","Turbo"],"picked":"Ball Lightning","floor":3.0},{"not_picked":["Ball Lightning","Reprogram","Steam Power"],"picked":"SKIP","floor":5.0},{"not_picked":["Redo","Biased Cognition"],"picked":"Core Surge","floor":7.0},{"not_picked":["Gash","Cold Snap","Lockon"],"picked":"SKIP","floor":11.0},{"not_picked":["Coolheaded","Redo","Turbo"],"picked":"SKIP","floor":12.0},{"not_picked":["Biased Cognition","Amplify"],"picked":"Buffer","floor":16.0},{"not_picked":["Barrage","Leap","Cold Snap+1"],"picked":"SKIP","floor":18.0},{"not_picked":["Consume","Lockon","Hello World+1"],"picked":"SKIP","floor":22.0},{"not_picked":["Storm","FTL","Scrape"],"picked":"SKIP","floor":28.0},{"not_picked":["Turbo","Storm","Hologram"],"picked":"SKIP","floor":29.0},{"not_picked":["Chaos","Go for the Eyes","Darkness"],"picked":"SKIP","floor":30.0},{"not_picked":["Chaos","Darkness"],"picked":"Go for the Eyes","floor":30.0},{"not_picked":["Seek","Multi-Cast"],"picked":"Echo Form","floor":33.0},{"not_picked":["Leap+1"],"picked":"SKIP","floor":35.0},{"not_picked":["Coolheaded+1"],"picked":"SKIP","floor":38.0},{"not_picked":[],"picked":"Conserve Battery+1","floor":39.0},{"not_picked":["Stack"],"picked":"SKIP","floor":41.0},{"not_picked":[],"picked":"Tempest+1","floor":42.0},{"not_picked":["Go for the Eyes"],"picked":"SKIP","floor":45},{"not_picked":["Reinforced Body+1"],"picked":"SKIP","floor":46}],"player_experience":1074036,"relics_obtained":[{"floor":7.0,"key":"Cables"},{"floor":9.0,"key":"Regal Pillow"},{"floor":26.0,"key":"Dodecahedron"},{"floor":29.0,"key":"Strawberry"},{"floor":43,"key":"Bottled Flame"}],"event_choices":[{"damage_healed":0.0,"max_hp_gain":5.0,"max_hp_loss":0.0,"gold_gain":0.0,"event_name":"Big Fish","player_choice":"Donut","floor":4.0,"gold_loss":0.0,"damage_taken":0.0},{"damage_healed":0.0,"max_hp_gain":0.0,"max_hp_loss":0.0,"gold_gain":175.0,"event_name":"Liars Game","player_choice":"AGREE","floor":10.0,"gold_loss":0.0,"damage_taken":0.0,"cards_obtained":["Doubt"]},{"damage_healed":0.0,"max_hp_gain":0.0,"max_hp_loss":0.0,"gold_gain":0.0,"event_name":"Living Wall","player_choice":"Grow","floor":14.0,"gold_loss":0.0,"damage_taken":0.0,"cards_upgraded":["Ball Lightning"]},{"damage_healed":0.0,"max_hp_gain":0.0,"max_hp_loss":0.0,"gold_gain":0.0,"event_name":"Ghosts","player_choice":"Ignored","floor":20.0,"gold_loss":0.0,"damage_taken":0.0},{"cards_removed":["Defend_B"],"damage_healed":0.0,"max_hp_gain":0.0,"max_hp_loss":0.0,"gold_gain":0.0,"event_name":"Designer","player_choice":"Upgrade and Remove","floor":24.0,"gold_loss":90.0,"damage_taken":0.0,"cards_upgraded":["Conserve Battery"]},{"damage_healed":0.0,"max_hp_gain":0.0,"max_hp_loss":0.0,"gold_gain":0.0,"event_name":"The Mausoleum","player_choice":"Opened","floor":31.0,"gold_loss":0.0,"damage_taken":0.0,"relics_obtained":["Thread and Needle"],"cards_obtained":["Writhe"]},{"damage_healed":0.0,"max_hp_gain":0.0,"max_hp_loss":0.0,"gold_gain":100.0,"event_name":"Golden Shrine","player_choice":"Pray","floor":36.0,"gold_loss":0.0,"damage_taken":0.0}],"is_beta":false,"boss_relics":[{"not_picked":["Philosopher\u0027s Stone","Ectoplasm"],"picked":"Astrolabe"},{"not_picked":["Tiny House","Lizard Tail"],"picked":"Busted Crown"}],"items_purged_floors":[13,19,37,48],"is_endless":false,"potions_floor_spawned":[5,7,12,28,29,33,35,39],"ascension_level":0}