{"gold_per_floor":[118,128,87,99,99,99,127,127,127,150,170,185,185,185,185,286,286,301,301,312,324,45,45,19,19,45,71,88,99,117,117,117,213,213,226,240,240,240,165,182,200,219,219,229,229,249,249,99,99,99],"floor_reached":51,"playtime":1927,"items_purged":["Writhe"],"score":671,"play_id":"da4d8862-d27c-4e1a-b2d0-df75fdeed3bf","local_time":"20190217205900","is_ascension_mode":false,"campfire_choices":[{"data":"Dualcast","floor":6.0,"key":"SMITH"},{"data":"Zap","floor":8.0,"key":"SMITH"},{"data":"Ball Lightning","floor":15.0,"key":"SMITH"},{"data":"Defragment","floor":23.0,"key":"SMITH"},{"data":"Seek","floor":25.0,"key":"SMITH"},{"data":"Capacitor","floor":32.0,"key":"SMITH"},{"data":"Defragment","floor":45,"key":"SMITH"},{"data":"Creative AI","floor":47,"key":"SMITH"},{"floor":49,"key":"REST"}],"neow_cost":"NONE","seed_source_timestamp":463390521536949,"circlet_count":0,"master_deck":["Strike_B","Strike_B","Defend_B","Defend_B","Defend_B","Zap+1","Dualcast+1","Undo","Melter+1","Capacitor+1","Conserve Battery","Ball Lightning+1","Seek+1","Conserve Battery","Defragment+1","Coolheaded","BootSequence","Electrodynamics","Hologram+1","Defragment+1","Coolheaded+1","Creative AI+1"],"special_seed":0,"relics":["FrozenCore","NeowsBlessing","StoneCalendar","Sundial","Odd Mushroom","Empty Cage","Lee\u0027s Waffle","Blood Vial","Orichalcum","Thread and Needle","Strawberry"],"potions_floor_usage":[50,50,50],"damage_taken":[{"damage":0.0,"enemies":"Cultist","floor":1.0,"turns":1.0},{"damage":0.0,"enemies":"Small Slimes","floor":2.0,"turns":1.0},{"damage":0.0,"enemies":"2 Louse","floor":4.0,"turns":1.0},{"damage":24.0,"enemies":"3 Sentries","floor":7.0,"turns":10.0},{"damage":13.0,"enemies":"The Mushroom Lair","floor":10.0,"turns":5.0},{"damage":2.0,"enemies":"2 Fungi Beasts","floor":11.0,"turns":3.0},{"damage":6.0,"enemies":"Large Slime","floor":12.0,"turns":5.0},{"damage":13.0,"enemies":"The Guardian","floor":16.0,"turns":9.0},{"damage":0.0,"enemies":"Chosen","floor":18.0,"turns":4.0},{"damage":8.0,"enemies":"3 Byrds","floor":20.0,"turns":5.0},{"damage":28.0,"enemies":"3 Cultists","floor":21.0,"turns":6.0},{"damage":14.0,"enemies":"Book of Stabbing","floor":27.0,"turns":7.0},{"damage":12.0,"enemies":"Cultist and Chosen","floor":28.0,"turns":6.0},{"damage":0.0,"enemies":"Snecko","floor":29.0,"turns":6.0},{"damage":2.0,"enemies":"Centurion and Healer","floor":30.0,"turns":7.0},{"damage":52.0,"enemies":"Automaton","floor":33.0,"turns":12.0},{"damage":12,"enemies":"3 Darklings","floor":35,"turns":4},{"damage":6,"enemies":"3 Shapes","floor":36,"turns":4},{"damage":0,"enemies":"Sphere and 2 Shapes","floor":40,"turns":3},{"damage":1,"enemies":"Writhing Mass","floor":41,"turns":7},{"damage":24,"enemies":"Transient","floor":42,"turns":5},{"damage":0,"enemies":"Sphere and 2 Shapes","floor":44,"turns":4},{"damage":6,"enemies":"3 Darklings","floor":46,"turns":4},{"damage":29,"enemies":"Awakened One","floor":50,"turns":14}],"seed_played":"6386304990748851175","potions_obtained":[{"floor":1.0,"key":"Energy Potion"},{"floor":2.0,"key":"Ancient Potion"},{"floor":10.0,"key":"Strength Potion"},{"floor":20.0,"key":"Dexterity Potion"},{"floor":27.0,"key":"Dexterity Potion"},{"floor":42,"key":"FocusPotion"}],"is_trial":false,"path_per_floor":["M","M","$","M","?","R","E","R","T","?","M","M","$","?","R","B",null,"M","?","M","M","$","R","$","R","T","E","M","M","M","$","R","B",null,"M","M","?","?","$","M","M","M","T","M","R","M","R","$","R","B",null],"character_chosen":"DEFECT","items_purchased":["Capacitor","Defragment","Lee\u0027s Waffle","Coolheaded","Strawberry"],"campfire_rested":1,"item_purchase_floors":[3,22,22,24,48],"current_hp_per_floor":[75,75,75,75,75,75,51,51,51,38,36,30,30,30,30,17,75,75,75,67,39,82,82,82,82,82,68,58,60,60,60,60,10,82,70,66,82,82,82,82,81,58,58,60,60,56,56,63,89,60],"gold":99,"neow_bonus":"THREE_ENEMY_KILL","is_prod":false,"is_daily":false,"chose_seed":false,"campfire_upgraded":8,"win_rate":0,"timestamp":1550437140,"path_taken":["M","?","$","?","?","R","E","R","T","?","M","M","$","?","R","BOSS","M","?","M","M","$","R","?","R","T","E","M","M","?","$","R","BOSS","M","M","?","?","$","M","M","M","T","M","R","M","R","$","R","BOSS"],"build_version":"2019-01-23","purchased_purges":1,"victory":true,"max_hp_per_floor":[75,75,75,75,75,75,75,75,75,75,75,75,75,75,75,75,75,75,75,75,75,82,82,82,82,82,82,82,82,82,82,82,82,82,82,82,82,82,82,82,82,82,82,82,82,82,82,89,89,89],"card_choices":[{"not_picked":["Chaos","Barrage"],"picked":"Undo","floor":1.0},{"not_picked":["Coolheaded","Hologram"],"picked":"Melter","floor":2.0},{"not_picked":["Aggregate","Darkness","Stack"],"picked":"SKIP","floor":4.0},{"not_picked":["Compile Driver","Barrage"],"picked":"Conserve Battery","floor":7.0},{"not_picked":["Leap","BootSequence"],"picked":"Ball Lightning","floor":10.0},{"not_picked":["Rebound","Barrage","Leap"],"picked":"SKIP","floor":11.0},{"not_picked":["Hologram","Multi-Cast","Aggregate"],"picked":"SKIP","floor":12.0},{"not_picked":["All For One","Meteor Strike"],"picked":"Seek","floor":16.0},{"not_picked":["Auto Shields","Hologram"],"picked":"Conserve Battery","floor":18.0},{"not_picked":["Double Energy","Hologram","Skim"],"picked":"SKIP","floor":20.0},{"not_picked":["Rebound","Genetic Algorithm","Storm"],"picked":"SKIP","floor":21.0},{"not_picked":["Rebound","Redo","Barrage"],"picked":"SKIP","floor":27.0},{"not_picked":["Ball Lightning","Barrage","Reinforced Body"],"picked":"SKIP","floor":28.0},{"not_picked":["Beam Cell","Rebound","Conserve Battery"],"picked":"SKIP","floor":29.0},{"not_picked":["Amplify","Ball Lightning+1"],"picked":"BootSequence","floor":30.0},{"not_picked":["Multi-Cast","Buffer"],"picked":"Electrodynamics","floor":33.0},{"not_picked":["BootSequence+1","Rip and Tear"],"picked":"Hologram+1","floor":35},{"not_picked":["Redo+1","Doom and Gloom+1"],"picked":"Defragment","floor":36},{"not_picked":["Reinforced Body+1","Gash+1","Blizzard"],"picked":"SKIP","floor":40},{"not_picked":["Redo+1","Sweeping Beam","Rip and Tear+1"],"picked":"SKIP","floor":41},{"not_picked":["Gash+1","Cold Snap+1"],"picked":"Coolheaded+1","floor":42},{"not_picked":["Rip and Tear","Aggregate+1"],"picked":"Creative AI","floor":44},{"not_picked":["Barrage","Steam","Leap+1"],"picked":"SKIP","floor":46}],"player_experience":1049686,"relics_obtained":[{"floor":7.0,"key":"StoneCalendar"},{"floor":9.0,"key":"Sundial"},{"floor":10.0,"key":"Odd Mushroom"},{"floor":26.0,"key":"Blood Vial"},{"floor":27.0,"key":"Orichalcum"},{"floor":43,"key":"Thread and Needle"}],"event_choices":[{"damage_healed":0.0,"max_hp_gain":0.0,"max_hp_loss":0.0,"gold_gain":0.0,"event_name":"Living Wall","player_choice":"Grow","floor":5.0,"gold_loss":0.0,"damage_taken":0.0,"cards_upgraded":["Melter"]},{"damage_healed":0.0,"max_hp_gain":0.0,"max_hp_loss":0.0,"gold_gain":0.0,"event_name":"Mushrooms","player_choice":"Fought Mushrooms","floor":10.0,"gold_loss":0.0,"damage_taken":0.0},{"damage_healed":0.0,"max_hp_gain":0.0,"max_hp_loss":0.0,"gold_gain":0.0,"event_name":"The Cleric","player_choice":"Leave","floor":14.0,"gold_loss":0.0,"damage_taken":0.0},{"damage_healed":0.0,"max_hp_gain":0.0,"max_hp_loss":0.0,"gold_gain":0.0,"event_name":"Ghosts","player_choice":"Ignored","floor":19.0,"gold_loss":0.0,"damage_taken":0.0},{"damage_healed":21,"gold_gain":0,"player_choice":"Writhe","damage_taken":0,"max_hp_gain":0,"max_hp_loss":0,"event_name":"Winding Halls","floor":37,"gold_loss":0,"cards_obtained":["Writhe"]},{"cards_removed":["Strike_B"],"damage_healed":0,"gold_gain":0,"player_choice":"Removed Attack","damage_taken":0,"max_hp_gain":0,"max_hp_loss":0,"event_name":"Falling","floor":38,"gold_loss":0}],"is_beta":false,"boss_relics":[{"not_picked":["Eternal Feather","Black Star"],"picked":"Empty Cage"},{"not_picked":["Orrery","Runic Dome"],"picked":"FrozenCore"}],"items_purged_floors":[39],"is_endless":false,"potions_floor_spawned":[1,2,10,18,20,27,36,42,44],"ascension_level":0}