{"gold_per_floor":[116,136,136,23,37,37,37,37,37,56,56,11,23,58,58,161,161,173,20,20,38,48,48],"floor_reached":23,"playtime":7071,"items_purged":[],"score":191,"play_id":"15e0ad6b-78ae-4a70-a62e-5f0e3e0da37f","local_time":"20190519013525","is_ascension_mode":false,"campfire_choices":[{"data":"Chill","floor":6,"key":"SMITH"},{"data":"White Noise","floor":15,"key":"SMITH"}],"neow_cost":"TEN_PERCENT_HP_LOSS","seed_source_timestamp":3290181928958253,"circlet_count":0,"master_deck":["Strike_B","Strike_B","Strike_B","Defend_B","Defend_B","Defend_B","Defend_B","Zap","Dualcast","Coolheaded","Decay","Chill+1","BootSequence","Rainbow","White Noise+1","Ball Lightning","Reboot","Hologram","Double Energy","Multi-Cast","Buffer","Cold Snap+1","Capacitor","Consume"],"relics":["FrozenCore","Gambling Chip","Gremlin Horn","Pocketwatch"],"potions_floor_usage":[14,16,18,23,23],"damage_taken":[{"damage":1,"enemies":"Small Slimes","floor":1,"turns":3},{"damage":0,"enemies":"Cultist","floor":2,"turns":3},{"damage":1,"enemies":"Jaw Worm","floor":5,"turns":3},{"damage":3,"enemies":"Looter","floor":10,"turns":4},{"damage":3,"enemies":"Exordium Thugs","floor":13,"turns":4},{"damage":10,"enemies":"Gremlin Nob","floor":14,"turns":4},{"damage":14,"enemies":"The Guardian","floor":16,"turns":9},{"damage":0,"enemies":"Chosen","floor":18,"turns":4},{"damage":13,"enemies":"Spheric Guardian","floor":21,"turns":6},{"damage":12,"enemies":"Snake Plant","floor":22,"turns":8},{"damage":46,"enemies":"Gremlin Leader","floor":23,"turns":8}],"seed_played":"-2592176412341244929","potions_obtained":[{"floor":10,"key":"Fire Potion"},{"floor":13,"key":"PowerPotion"},{"floor":14,"key":"Weak Potion"},{"floor":21,"key":"PowerPotion"},{"floor":22,"key":"FocusPotion"}],"is_trial":false,"path_per_floor":["M","M","?","$","M","R","?","?","T","M","?","$","M","E","R","B",null,"M","$","?","M","M","E"],"character_chosen":"DEFECT","items_purchased":["Chill","BootSequence","Hologram","Capacitor","Consume"],"campfire_rested":0,"item_purchase_floors":[4,4,12,19,19],"current_hp_per_floor":[67,67,67,67,66,66,66,66,66,63,63,63,60,50,50,36,68,68,68,68,55,43,0],"gold":48,"neow_bonus":"ONE_RARE_RELIC","is_prod":false,"is_daily":false,"chose_seed":false,"campfire_upgraded":2,"win_rate":0.0,"timestamp":1558244125,"path_taken":["M","M","?","$","?","R","?","?","T","?","?","$","M","E","R","BOSS","M","$","?","M","M","E"],"build_version":"2019-01-23","purchased_purges":0,"victory":false,"max_hp_per_floor":[68,68,68,68,68,68,68,68,68,68,68,68,68,68,68,68,68,68,68,68,68,68,68],"card_choices":[{"not_picked":["Ball Lightning","Static Discharge"],"picked":"Coolheaded","floor":1},{"not_picked":["Sweeping Beam","Storm","Steam"],"picked":"SKIP","floor":2},{"not_picked":["Skim","Beam Cell","Gash"],"picked":"SKIP","floor":5},{"not_picked":["Heatsinks","Force Field"],"picked":"White Noise","floor":10},{"not_picked":["Compile Driver","Sweeping Beam"],"picked":"Double Energy","floor":13},{"not_picked":["Chill","Gash"],"picked":"Multi-Cast","floor":14},{"not_picked":["Machine Learning","All For One"],"picked":"Buffer","floor":16},{"not_picked":["Scrape","Ball Lightning"],"picked":"Cold Snap+1","floor":18},{"not_picked":["Beam Cell","Fusion","Compile Driver+1"],"picked":"SKIP","floor":21},{"not_picked":["Chill","Steam+1","Rip and Tear+1"],"picked":"SKIP","floor":22}],"player_experience":83610,"relics_obtained":[{"floor":9,"key":"Gremlin Horn"},{"floor":14,"key":"Pocketwatch"}],"event_choices":[{"damage_healed":0,"gold_gain":0,"player_choice":"Cursed","damage_taken":0,"max_hp_gain":0,"max_hp_loss":0,"event_name":"Wheel of Change","floor":3,"gold_loss":0,"cards_obtained":["Decay"]},{"damage_healed":0,"gold_gain":0,"cards_transformed":["Strike_B"],"player_choice":"Change","damage_taken":0,"max_hp_gain":0,"max_hp_loss":0,"event_name":"Living Wall","floor":7,"gold_loss":0,"cards_obtained":["Rainbow"]},{"cards_removed":["Self Repair"],"damage_healed":0,"gold_gain":0,"player_choice":"Took Card","damage_taken":0,"max_hp_gain":0,"max_hp_loss":0,"event_name":"NoteForYourself","floor":8,"gold_loss":0,"cards_obtained":["Self Repair"]},{"damage_healed":0,"gold_gain":0,"player_choice":"2 cards matched","damage_taken":0,"max_hp_gain":0,"max_hp_loss":0,"event_name":"Match and Keep!","floor":11,"gold_loss":0,"cards_obtained":["Ball Lightning","Reboot"]},{"damage_healed":0,"gold_gain":0,"player_choice":"2 cards matched","damage_taken":0,"max_hp_gain":0,"max_hp_loss":0,"event_name":"Match and Keep!","floor":11,"gold_loss":0,"cards_obtained":["Ball Lightning","Reboot"]},{"damage_healed":0,"gold_gain":0,"player_choice":"Ignored","damage_taken":0,"max_hp_gain":0,"max_hp_loss":0,"event_name":"Beggar","floor":20,"gold_loss":0}],"is_beta":false,"boss_relics":[{"not_picked":["Busted Crown","Lizard Tail"],"picked":"FrozenCore"}],"items_purged_floors":[],"is_endless":false,"potions_floor_spawned":[10,13,14,21,22],"killed_by":"Gremlin Leader","ascension_level":0}