{"gold_per_floor":[113,125,125,141,316,316,337,337,337,348,365,365,384,133,133,232,232,252,252,252,252,252,252,252,252,252,152,165,165,181,181,181,276,276,289,307,172,172,184,218,218,218,218,218,230,175,192,192,192,192],"floor_reached":51,"playtime":1580,"items_purged":["Doubt","Strike_B"],"score":663,"play_id":"aab220b6-626e-41e0-bda5-e9b28316065a","local_time":"20190512230141","is_ascension_mode":false,"campfire_choices":[{"data":"Dualcast","floor":6.0,"key":"SMITH"},{"data":"Zap","floor":8.0,"key":"SMITH"},{"data":"Cold Snap","floor":12.0,"key":"SMITH"},{"data":"Capacitor","floor":15.0,"key":"SMITH"},{"data":"Conserve Battery","floor":23.0,"key":"SMITH"},{"data":"Glacier","floor":25.0,"key":"SMITH"},{"data":"Defend_B","floor":29.0,"key":"SMITH"},{"floor":32.0,"key":"RECALL"},{"floor":42,"key":"REST"},{"data":"Creative AI","floor":49,"key":"SMITH"}],"neow_cost":"NONE","seed_source_timestamp":0,"circlet_count":0,"master_deck":["Strike_B+1","Strike_B+1","Defend_B+1","Defend_B+1","Defend_B+1","Zap+1","Cold Snap+1","Glacier+1","Melter+1","Conserve Battery+1","Capacitor+1","Ball Lightning+1","Creative AI+1","Undo","Glacier+1","The Bomb"],"special_seed":0,"relics":["Cracked Core","Bag of Preparation","Orichalcum","Odd Mushroom","Bird Faced Urn","Whetstone","Empty Cage","MutagenicStrength","Potion Belt","Sozu","The Courier"],"potions_floor_usage":[50,50,50],"damage_taken":[{"damage":1.0,"enemies":"Cultist","floor":1.0,"turns":3.0},{"damage":0.0,"enemies":"2 Louse","floor":2.0,"turns":2.0},{"damage":2.0,"enemies":"Jaw Worm","floor":4.0,"turns":4.0},{"damage":1.0,"enemies":"The Mushroom Lair","floor":7.0,"turns":4.0},{"damage":0.0,"enemies":"2 Fungi Beasts","floor":10.0,"turns":4.0},{"damage":0.0,"enemies":"Exordium Thugs","floor":11.0,"turns":4.0},{"damage":0.0,"enemies":"Large Slime","floor":13.0,"turns":5.0},{"damage":17.0,"enemies":"Hexaghost","floor":16.0,"turns":9.0},{"damage":0.0,"enemies":"Spheric Guardian","floor":18.0,"turns":2.0},{"damage":8.0,"enemies":"2 Thieves","floor":28.0,"turns":4.0},{"damage":2.0,"enemies":"Chosen and Byrds","floor":30.0,"turns":6.0},{"damage":63.0,"enemies":"Automaton","floor":33.0,"turns":16.0},{"damage":0.0,"enemies":"3 Shapes","floor":35.0,"turns":5.0},{"damage":0.0,"enemies":"Orb Walker","floor":36.0,"turns":3.0},{"damage":1.0,"enemies":"Transient","floor":39.0,"turns":5.0},{"damage":40.0,"enemies":"Nemesis","floor":40.0,"turns":10.0},{"damage":15,"enemies":"Writhing Mass","floor":45,"turns":9},{"damage":9,"enemies":"3 Darklings","floor":47,"turns":7},{"damage":6,"enemies":"Awakened One","floor":50,"turns":17}],"seed_played":"-5958684038254384464","potions_obtained":[{"floor":1.0,"key":"Fire Potion"},{"floor":2.0,"key":"GamblersBrew"},{"floor":7.0,"key":"Dexterity Potion"},{"floor":10.0,"key":"FocusPotion"},{"floor":30.0,"key":"SneckoOil"}],"is_trial":false,"path_per_floor":["M","M","?","M","?","R","?","R","T","M","M","R","M","$","R","B",null,"M","?","?","?","$","R","?","R","T","$","M","R","M","?","R","B",null,"M","M","$","?","M","E","?","R","T","$","M","$","M","?","R","B",null],"character_chosen":"DEFECT","items_purchased":["Ball Lightning","Whetstone","Creative AI","Undo"],"campfire_rested":1,"item_purchase_floors":[14,14,37,46],"current_hp_per_floor":[74,74,62,60,60,60,59,59,59,59,59,59,59,59,59,44,75,75,75,75,75,75,75,75,75,75,75,67,67,67,67,67,6,75,75,75,75,75,75,45,45,67,67,67,68,68,75,75,75,75],"gold":192,"neow_bonus":"RANDOM_COMMON_RELIC","is_prod":false,"is_daily":false,"chose_seed":false,"campfire_upgraded":8,"win_rate":0,"timestamp":1557698501,"path_taken":["M","?","?","M","?","R","?","R","T","M","M","R","M","$","R","BOSS","M","?","?","?","$","R","?","R","T","$","M","R","M","?","R","BOSS","M","M","$","?","M","E","?","R","T","$","M","$","M","?","R","BOSS"],"build_version":"2019-01-23","purchased_purges":2,"victory":true,"max_hp_per_floor":[75,75,75,75,75,75,75,75,75,75,75,75,75,75,75,75,75,75,75,75,75,75,75,75,75,75,75,75,75,75,75,75,75,75,75,75,75,75,75,75,75,75,75,75,75,75,75,75,75,75],"card_choices":[{"not_picked":["Scrape","Redo"],"picked":"Cold Snap","floor":1.0},{"not_picked":["Gash","Stack"],"picked":"Glacier","floor":2.0},{"not_picked":["Stack","Coolheaded"],"picked":"Melter","floor":4.0},{"not_picked":["Hologram","Scrape","Reprogram"],"picked":"SKIP","floor":10.0},{"not_picked":["Turbo","Hologram"],"picked":"Conserve Battery","floor":11.0},{"not_picked":["Cold Snap","Beam Cell","Capacitor"],"picked":"SKIP","floor":13.0},{"not_picked":["Cold Snap","Beam Cell"],"picked":"Capacitor","floor":13.0},{"not_picked":["Static Discharge","Turbo","Sweeping Beam"],"picked":"SKIP","floor":18.0},{"not_picked":["Beam Cell","Go for the Eyes","Coolheaded"],"picked":"SKIP","floor":28.0},{"not_picked":["Reprogram","Darkness","Gash"],"picked":"SKIP","floor":30.0},{"not_picked":["Sweeping Beam","Ball Lightning+1","Skim+1"],"picked":"SKIP","floor":35.0},{"not_picked":["Beam Cell","Steam Power+1","Hologram"],"picked":"SKIP","floor":36.0},{"not_picked":["Static Discharge+1","Sweeping Beam","Skim"],"picked":"SKIP","floor":39.0},{"not_picked":["Coolheaded+1","Lockon+1","Beam Cell+1"],"picked":"SKIP","floor":40},{"not_picked":["Steam Power","Ball Lightning","Buffer"],"picked":"SKIP","floor":45},{"not_picked":["Chaos","Doom and Gloom"],"picked":"Glacier+1","floor":47},{"not_picked":["Enlightenment","Mind Blast"],"picked":"The Bomb","floor":48}],"player_experience":1234219,"relics_obtained":[{"floor":7.0,"key":"Odd Mushroom"},{"floor":9.0,"key":"Bird Faced Urn"},{"floor":26.0,"key":"Potion Belt"},{"floor":43,"key":"The Courier"}],"event_choices":[{"damage_healed":0.0,"max_hp_gain":0.0,"max_hp_loss":0.0,"gold_gain":0.0,"event_name":"Scrap Ooze","player_choice":"Success","floor":3.0,"gold_loss":0.0,"damage_taken":12.0,"relics_obtained":["Orichalcum"]},{"damage_healed":0.0,"max_hp_gain":0.0,"max_hp_loss":0.0,"gold_gain":175.0,"event_name":"Liars Game","player_choice":"AGREE","floor":5.0,"gold_loss":0.0,"damage_taken":0.0,"cards_obtained":["Doubt"]},{"damage_healed":0.0,"max_hp_gain":0.0,"max_hp_loss":0.0,"gold_gain":0.0,"event_name":"Mushrooms","player_choice":"Fought Mushrooms","floor":7.0,"gold_loss":0.0,"damage_taken":0.0},{"damage_healed":0.0,"max_hp_gain":0.0,"max_hp_loss":0.0,"gold_gain":0.0,"event_name":"Vampires","player_choice":"Ignored","floor":19.0,"gold_loss":0.0,"damage_taken":0.0},{"damage_healed":0.0,"max_hp_gain":0.0,"max_hp_loss":0.0,"gold_gain":0.0,"event_name":"Drug Dealer","player_choice":"Inject Mutagens","floor":20.0,"gold_loss":0.0,"damage_taken":0.0,"relics_obtained":["MutagenicStrength"]},{"damage_healed":0.0,"max_hp_gain":0.0,"max_hp_loss":0.0,"gold_gain":0.0,"event_name":"The Mausoleum","player_choice":"Ignored","floor":21.0,"gold_loss":0.0,"damage_taken":0.0},{"damage_healed":0.0,"max_hp_gain":0.0,"max_hp_loss":0.0,"gold_gain":0.0,"event_name":"Back to Basics","player_choice":"Simplicity","floor":31.0,"gold_loss":0.0,"damage_taken":0.0,"cards_upgraded":["Strike_B","Strike_B","Defend_B","Defend_B"]},{"damage_healed":0.0,"max_hp_gain":0.0,"max_hp_loss":0.0,"gold_gain":0.0,"event_name":"Mysterious Sphere","player_choice":"Ignored","floor":38.0,"gold_loss":0.0,"damage_taken":0.0},{"cards_removed":["Dualcast"],"damage_healed":0,"gold_gain":0,"player_choice":"Removed Skill","damage_taken":0,"max_hp_gain":0,"max_hp_loss":0,"event_name":"Falling","floor":41,"gold_loss":0},{"damage_healed":0,"gold_gain":0,"player_choice":"Memory 1","damage_taken":0,"max_hp_gain":0,"max_hp_loss":0,"event_name":"SensoryStone","floor":48,"gold_loss":0}],"is_beta":false,"boss_relics":[{"not_picked":["White Beast Statue","Velvet Choker"],"picked":"Empty Cage"},{"not_picked":["Cursed Key","Black Star"],"picked":"Sozu"}],"items_purged_floors":[14,27],"is_endless":false,"potions_floor_spawned":[1,2,7,10,13,30,36,39],"ascension_level":0}