{"gold_per_floor":[119,119,65,78,97,126,138,138,138,168,203,213,238,256,256,360,360,360],"floor_reached":18,"playtime":576,"items_purged":[],"score":182,"play_id":"666cdd9f-7b63-4d39-9072-80afeecc764d","local_time":"20190310203318","is_ascension_mode":false,"campfire_choices":[{"data":"Zap","floor":8,"key":"SMITH"},{"data":"Go for the Eyes","floor":15,"key":"SMITH"}],"neow_cost":"NONE","seed_source_timestamp":248341446891517,"circlet_count":0,"master_deck":["Strike_B","Strike_B","Strike_B","Strike_B","Defend_B","Defend_B","Defend_B","Defend_B","Zap+1","Dualcast+1","Ball Lightning","Conserve Battery","Go for the Eyes+1","Buffer"],"special_seed":0,"relics":["Cracked Core","Pocketwatch","Matryoshka","Singing Bowl","Oddly Smooth Stone","Eternal Feather"],"potions_floor_usage":[11],"damage_taken":[{"damage":1.0,"enemies":"Cultist","floor":1.0,"turns":3.0},{"damage":0.0,"enemies":"Small Slimes","floor":4.0,"turns":2.0},{"damage":0.0,"enemies":"Jaw Worm","floor":5.0,"turns":2.0},{"damage":9.0,"enemies":"3 Sentries","floor":6.0,"turns":7.0},{"damage":10,"enemies":"Exordium Thugs","floor":7,"turns":4},{"damage":5,"enemies":"Gremlin Nob","floor":11,"turns":3},{"damage":0,"enemies":"2 Fungi Beasts","floor":12,"turns":3},{"damage":16,"enemies":"Lagavulin","floor":13,"turns":6},{"damage":8,"enemies":"Large Slime","floor":14,"turns":4},{"damage":23,"enemies":"Slime Boss","floor":16,"turns":10},{"damage":18,"enemies":"Spheric Guardian","floor":18,"turns":6}],"seed_played":"-5184770359620065870","potions_obtained":[{"floor":5.0,"key":"Ancient Potion"},{"floor":7,"key":"PowerPotion"},{"floor":12,"key":"Explosive Potion"},{"floor":14,"key":"Strength Potion"}],"is_trial":false,"path_per_floor":["M","?","$","M","M","E","M","R","T","?","E","M","E","M","R","B",null,"M"],"character_chosen":"DEFECT","items_purchased":["Conserve Battery"],"campfire_rested":0,"item_purchase_floors":[3],"current_hp_per_floor":[81,81,81,81,81,72,62,62,62,62,59,61,45,39,39,16,88,70],"gold":360,"neow_bonus":"TEN_PERCENT_HP_BONUS","is_prod":false,"is_daily":false,"chose_seed":false,"campfire_upgraded":2,"win_rate":0,"timestamp":1552249998,"path_taken":["M","?","$","M","M","E","?","R","T","?","E","M","E","M","R","BOSS","M"],"build_version":"2019-01-23","purchased_purges":0,"victory":false,"max_hp_per_floor":[82,82,82,82,82,82,82,82,82,82,84,86,86,88,88,88,88,88],"card_choices":[{"not_picked":["Barrage","Coolheaded"],"picked":"Ball Lightning","floor":1.0},{"not_picked":["Heatsinks","White Noise","Leap"],"picked":"SKIP","floor":4.0},{"not_picked":["Gash","Steam","Recycle"],"picked":"SKIP","floor":5.0},{"not_picked":["All For One","Hologram","Recycle"],"picked":"SKIP","floor":6.0},{"not_picked":["Beam Cell","Leap","Darkness"],"picked":"SKIP","floor":7},{"not_picked":["Stack","Fusion","FTL"],"picked":"Singing Bowl","floor":11},{"not_picked":["Lockon","Steam","Streamline"],"picked":"Singing Bowl","floor":12},{"not_picked":["Blizzard","Ball Lightning"],"picked":"Go for the Eyes","floor":13},{"not_picked":["Heatsinks","Rebound","Steam Power"],"picked":"Singing Bowl","floor":14},{"not_picked":["Amplify","Biased Cognition"],"picked":"Buffer","floor":16}],"player_experience":1100148,"relics_obtained":[{"floor":6.0,"key":"Pocketwatch"},{"floor":9,"key":"Matryoshka"},{"floor":11,"key":"Oddly Smooth Stone"}],"event_choices":[{"damage_healed":0.0,"max_hp_gain":0.0,"max_hp_loss":0.0,"gold_gain":0.0,"event_name":"Accursed Blacksmith","player_choice":"Forge","floor":2.0,"gold_loss":0.0,"damage_taken":0.0,"cards_upgraded":["Dualcast"]},{"damage_healed":0,"gold_gain":30,"player_choice":"Searched \u00272\u0027 times","damage_taken":0,"relics_obtained":["Singing Bowl"],"max_hp_gain":0,"max_hp_loss":0,"event_name":"Dead Adventurer","floor":10,"gold_loss":0}],"is_beta":false,"boss_relics":[{"not_picked":["White Beast Statue","Calling Bell"],"picked":"Eternal Feather"}],"items_purged_floors":[],"is_endless":false,"potions_floor_spawned":[5,7,12,14],"killed_by":"Spheric Guardian","ascension_level":0}