{"gold_per_floor":[209,28,28,3,22,22,47,47,47,57,72,89,89,89,89,186,186,202,202,213,232,258,287,287,226,275,275,215,215],"floor_reached":29,"playtime":860,"items_purged":["Strike_B"],"score":266,"play_id":"ab07de15-f5c5-46f5-bd4a-0a276676e3ca","local_time":"20190224192829","is_ascension_mode":false,"campfire_choices":[{"data":"BootSequence","floor":6.0,"key":"SMITH"},{"data":"Go for the Eyes","floor":8.0,"key":"SMITH"},{"data":"Dualcast","floor":13.0,"key":"SMITH"},{"data":"Zap","floor":15.0,"key":"SMITH"},{"floor":24,"key":"REST"},{"data":"Capacitor","floor":27,"key":"SMITH"}],"neow_cost":"NONE","seed_source_timestamp":1063838352889477,"circlet_count":0,"master_deck":["Strike_B","Strike_B","Strike_B","Defend_B","Defend_B","Defend_B","Defend_B","Zap+1","Dualcast+1","BootSequence+1","Apotheosis+1","Go for the Eyes+1","Cold Snap","Glacier","Buffer","Stack+1","Capacitor+1"],"special_seed":0,"relics":["Cracked Core","Strawberry","The Courier","Philosopher\u0027s Stone","Red Mask","Cables","Centennial Puzzle"],"potions_floor_usage":[19],"damage_taken":[{"damage":6.0,"enemies":"Jaw Worm","floor":1.0,"turns":4.0},{"damage":0.0,"enemies":"Cultist","floor":5.0,"turns":3.0},{"damage":5.0,"enemies":"Lagavulin","floor":7.0,"turns":5.0},{"damage":0.0,"enemies":"Small Slimes","floor":10.0,"turns":3.0},{"damage":0.0,"enemies":"Looter","floor":11.0,"turns":3.0},{"damage":1.0,"enemies":"2 Fungi Beasts","floor":12.0,"turns":4.0},{"damage":37.0,"enemies":"Hexaghost","floor":16.0,"turns":17.0},{"damage":5,"enemies":"3 Byrds","floor":18,"turns":6},{"damage":1,"enemies":"Chosen","floor":20,"turns":5},{"damage":0,"enemies":"Snake Plant","floor":21,"turns":7},{"damage":15,"enemies":"Masked Bandits","floor":22,"turns":8},{"damage":15,"enemies":"Book of Stabbing","floor":23,"turns":9},{"damage":9,"enemies":"Centurion and Healer","floor":29,"turns":6}],"seed_played":"-2883631471781938400","potions_obtained":[{"floor":11.0,"key":"SteroidPotion"},{"floor":16.0,"key":"SkillPotion"},{"floor":19,"key":"Fruit Juice"},{"floor":19,"key":"Ancient Potion"},{"floor":19,"key":"GamblersBrew"}],"is_trial":false,"path_per_floor":["M","$","?","$","M","R","E","R","T","M","M","M","R","?","R","B",null,"M","?","M","M","?","E","R","$","T","R","$","M"],"character_chosen":"DEFECT","items_purchased":["Apotheosis","Go for the Eyes","Capacitor"],"campfire_rested":1,"item_purchase_floors":[2,4,25],"current_hp_per_floor":[69,69,69,69,69,69,71,71,71,71,71,70,70,75,75,38,87,82,87,86,86,71,56,83,83,83,83,83,74],"gold":215,"neow_bonus":"HUNDRED_GOLD","is_prod":false,"is_daily":false,"chose_seed":false,"campfire_upgraded":5,"win_rate":0,"timestamp":1551036509,"path_taken":["M","$","?","?","M","R","E","R","T","M","M","?","R","?","R","BOSS","M","?","?","M","?","E","R","$","T","R","$","M"],"build_version":"2019-01-23","purchased_purges":1,"victory":false,"max_hp_per_floor":[75,75,75,75,75,75,82,82,82,82,82,82,82,87,87,87,87,87,92,92,92,92,92,92,92,92,92,92,92],"card_choices":[{"not_picked":["Conserve Battery","Beam Cell"],"picked":"BootSequence","floor":1.0},{"not_picked":["Hologram","Storm"],"picked":"Cold Snap","floor":5.0},{"not_picked":["Gash","Redo"],"picked":"Glacier","floor":7.0},{"not_picked":["Beam Cell","Hologram","Cold Snap"],"picked":"SKIP","floor":10.0},{"not_picked":["Hologram","Reinforced Body","Consume"],"picked":"SKIP","floor":11.0},{"not_picked":["Stack","Hologram","Leap"],"picked":"SKIP","floor":12.0},{"not_picked":["Core Surge","Multi-Cast"],"picked":"Buffer","floor":16.0},{"not_picked":["Stack","Genetic Algorithm","Hello World"],"picked":"SKIP","floor":18},{"not_picked":["Darkness","Compile Driver"],"picked":"Stack+1","floor":20},{"not_picked":["Skim","Beam Cell","Compile Driver+1"],"picked":"SKIP","floor":21},{"not_picked":["Leap","Hyperbeam","Hologram"],"picked":"SKIP","floor":23}],"player_experience":1065413,"relics_obtained":[{"floor":7.0,"key":"Strawberry"},{"floor":9.0,"key":"The Courier"},{"floor":22,"key":"Red Mask"},{"floor":23,"key":"Cables"},{"floor":26,"key":"Centennial Puzzle"}],"event_choices":[{"damage_healed":0.0,"max_hp_gain":0.0,"max_hp_loss":0.0,"gold_gain":0.0,"event_name":"Upgrade Shrine","player_choice":"Upgraded","floor":3.0,"gold_loss":0.0,"damage_taken":0.0,"cards_upgraded":["Apotheosis"]},{"damage_healed":0.0,"max_hp_gain":5.0,"max_hp_loss":0.0,"gold_gain":0.0,"event_name":"Big Fish","player_choice":"Donut","floor":14.0,"gold_loss":0.0,"damage_taken":0.0},{"damage_healed":0,"gold_gain":0,"player_choice":"Got Potions","damage_taken":0,"max_hp_gain":0,"max_hp_loss":0,"event_name":"Lab","floor":19,"gold_loss":0},{"damage_healed":0,"gold_gain":0,"player_choice":"Fought Bandits","damage_taken":0,"max_hp_gain":0,"max_hp_loss":0,"event_name":"Masked Bandits","floor":22,"gold_loss":0}],"is_beta":false,"boss_relics":[{"not_picked":["Astrolabe","Eternal Feather"],"picked":"Philosopher\u0027s Stone"}],"items_purged_floors":[28],"is_endless":false,"potions_floor_spawned":[11,16,20],"killed_by":"Centurion and Healer","ascension_level":0}