{"gold_per_floor":[113,113,113,288,213,213,231,265,265,265,265,265,265,280,280,280],"floor_reached":16,"playtime":224,"items_purged":["Doubt"],"score":96,"play_id":"16eee2d1-06b0-4e59-9a0d-97b3a3b80064","local_time":"20190606201606","is_ascension_mode":false,"campfire_choices":[{"data":"Dualcast","floor":6,"key":"SMITH"},{"data":"Zap","floor":10,"key":"SMITH"},{"data":"Ball Lightning","floor":13,"key":"SMITH"},{"data":"Defend_B","floor":15,"key":"SMITH"}],"neow_cost":"NONE","seed_source_timestamp":688978835611612,"circlet_count":0,"master_deck":["Strike_B+1","Strike_B","Strike_B","Defend_B+1","Defend_B+1","Defend_B","Defend_B","Zap+1","Dualcast+1","Conserve Battery","Ball Lightning+1"],"relics":["Cracked Core","Blue Candle","Singing Bowl"],"potions_floor_usage":[],"damage_taken":[{"damage":0,"enemies":"2 Louse","floor":1,"turns":2},{"damage":5,"enemies":"Small Slimes","floor":7,"turns":3},{"damage":28,"enemies":"Lagavulin","floor":8,"turns":6},{"damage":6,"enemies":"Jaw Worm","floor":14,"turns":2},{"damage":0,"enemies":"The Guardian","floor":16,"turns":1}],"seed_played":"3407517658360969658","potions_obtained":[],"is_trial":false,"path_per_floor":["M","?","$","?","$","R","M","E","T","R","$","?","R","M","R","B"],"character_chosen":"DEFECT","items_purchased":[],"campfire_rested":0,"item_purchase_floors":[],"current_hp_per_floor":[75,75,75,75,75,75,70,42,42,42,42,27,27,23,23,23],"gold":280,"neow_bonus":"REMOVE_CARD","is_prod":false,"is_daily":false,"chose_seed":false,"campfire_upgraded":4,"win_rate":0,"timestamp":1559848566,"path_taken":["M","?","$","?","$","R","M","E","T","R","$","?","R","M","R","BOSS"],"build_version":"2019-01-23","purchased_purges":1,"victory":false,"max_hp_per_floor":[75,75,75,75,75,75,75,75,75,75,75,75,75,77,77,77],"card_choices":[{"not_picked":["Double Energy","Compile Driver"],"picked":"Conserve Battery","floor":1},{"not_picked":["Streamline","Aggregate"],"picked":"Ball Lightning","floor":7},{"not_picked":["Stack","Ball Lightning","All For One"],"picked":"SKIP","floor":8},{"not_picked":["Compile Driver","Coolheaded","Steam"],"picked":"Singing Bowl","floor":14}],"player_experience":1284806,"relics_obtained":[{"floor":8,"key":"Blue Candle"},{"floor":9,"key":"Singing Bowl"}],"event_choices":[{"damage_healed":0,"gold_gain":0,"player_choice":"Leave","damage_taken":0,"max_hp_gain":0,"max_hp_loss":0,"event_name":"The Cleric","floor":2,"gold_loss":0},{"damage_healed":0,"gold_gain":175,"player_choice":"AGREE","damage_taken":0,"max_hp_gain":0,"max_hp_loss":0,"event_name":"Liars Game","floor":4,"gold_loss":0,"cards_obtained":["Doubt"]},{"damage_healed":0,"gold_gain":0,"player_choice":"Entered Light","damage_taken":15,"max_hp_gain":0,"max_hp_loss":0,"event_name":"Shining Light","floor":12,"gold_loss":0,"cards_upgraded":["Strike_B","Defend_B"]}],"is_beta":false,"boss_relics":[],"items_purged_floors":[5],"is_endless":false,"potions_floor_spawned":[],"killed_by":"The Guardian","ascension_level":0}