{"gold_per_floor":[118,118,134,209,223,223,242,242,242,167,167,167,182,210,210,313,313,333,333,333,396,314,314,345,360,387,387,399,416,416,466,466,569,569,582,582,593,643,391,391,441,441,441,491,557,574,574,292,292,292],"floor_reached":51,"playtime":1471,"items_purged":["Parasite","Strike_B","Strike_B"],"score":713,"play_id":"20936a19-9495-468b-9185-e3f72252be3c","local_time":"20190225195710","is_ascension_mode":false,"campfire_choices":[{"data":"Dualcast","floor":6.0,"key":"SMITH"},{"data":"Zap","floor":8.0,"key":"SMITH"},{"data":"Ball Lightning","floor":11.0,"key":"SMITH"},{"data":"Go for the Eyes","floor":15.0,"key":"SMITH"},{"data":"Cold Snap","floor":23.0,"key":"SMITH"},{"data":"Glacier","floor":27.0,"key":"SMITH"},{"data":"Glacier","floor":30.0,"key":"SMITH"},{"floor":32.0,"key":"REST"},{"data":"Blizzard","floor":40.0,"key":"SMITH"},{"data":"Seek","floor":42.0,"key":"SMITH"},{"data":"Auto Shields","floor":47,"key":"SMITH"},{"data":"Defend_B","floor":49,"key":"SMITH"}],"neow_cost":"CURSE","seed_source_timestamp":1151312704451690,"circlet_count":0,"master_deck":["Strike_B","Strike_B","Defend_B+1","Defend_B","Defend_B","Defend_B","Zap+1","Dualcast+1","Cold Snap+1","Auto Shields+1","Ball Lightning+1","Go for the Eyes+1","Glacier+1","Barrage+1","Capacitor+1","Beam Cell+1","Glacier+1","Chill","Chaos+1","Seek+1","Coolheaded+1","Blizzard+1","Blind","White Noise+1"],"special_seed":0,"relics":["Cracked Core","Emotion Chip","Peace Pipe","Prayer Wheel","Cables","Inserter","SsserpentHead","Orichalcum","Bag of Preparation","Cursed Key","Vajra"],"potions_floor_usage":[50,50,50],"damage_taken":[{"damage":6.0,"enemies":"Jaw Worm","floor":1.0,"turns":3.0},{"damage":3.0,"enemies":"2 Louse","floor":3.0,"turns":3.0},{"damage":4.0,"enemies":"Small Slimes","floor":5.0,"turns":3.0},{"damage":0.0,"enemies":"Looter","floor":7.0,"turns":3.0},{"damage":5.0,"enemies":"Lots of Slimes","floor":13.0,"turns":4.0},{"damage":9.0,"enemies":"3 Sentries","floor":14.0,"turns":6.0},{"damage":4.0,"enemies":"Hexaghost","floor":16.0,"turns":9.0},{"damage":6.0,"enemies":"Spheric Guardian","floor":18.0,"turns":4.0},{"damage":0.0,"enemies":"3 Byrds","floor":21.0,"turns":6.0},{"damage":8.0,"enemies":"Book of Stabbing","floor":24.0,"turns":6.0},{"damage":1.0,"enemies":"Centurion and Healer","floor":25.0,"turns":6.0},{"damage":0.0,"enemies":"Snake Plant","floor":28.0,"turns":5.0},{"damage":0.0,"enemies":"Cultist and Chosen","floor":29.0,"turns":4.0},{"damage":6.0,"enemies":"Champ","floor":33.0,"turns":10.0},{"damage":0.0,"enemies":"3 Shapes","floor":35.0,"turns":3.0},{"damage":0.0,"enemies":"Orb Walker","floor":37.0,"turns":3.0},{"damage":6,"enemies":"Transient","floor":45,"turns":5},{"damage":4,"enemies":"Sphere and 2 Shapes","floor":46,"turns":4},{"damage":0,"enemies":"Awakened One","floor":50,"turns":12}],"seed_played":"-2562220955620871395","potions_obtained":[{"floor":5.0,"key":"SkillPotion"},{"floor":13.0,"key":"EssenceOfSteel"},{"floor":14.0,"key":"SkillPotion"},{"floor":16.0,"key":"Explosive Potion"},{"floor":28.0,"key":"PowerPotion"},{"floor":37.0,"key":"PowerPotion"}],"is_trial":false,"path_per_floor":["M","?","M","?","M","R","M","R","T","$","R","?","M","E","R","B",null,"M","?","?","M","$","R","E","M","T","R","M","M","R","?","R","B",null,"M","$","M","?","$","R","?","R","T","?","M","M","R","$","R","B",null],"character_chosen":"DEFECT","items_purchased":["Glacier","Blizzard","FocusPotion","Vajra"],"campfire_rested":1,"item_purchase_floors":[22,39,39,48],"current_hp_per_floor":[69,66,63,52,48,48,48,48,48,48,48,48,43,34,34,30,72,66,66,66,66,66,66,58,57,57,57,57,57,57,44,67,61,77,77,77,77,77,77,77,77,77,77,77,71,67,67,67,67,67],"gold":292,"neow_bonus":"ONE_RARE_RELIC","is_prod":false,"is_daily":false,"chose_seed":false,"campfire_upgraded":11,"win_rate":0,"timestamp":1551124630,"path_taken":["M","?","M","?","M","R","M","R","T","$","R","?","M","E","R","BOSS","M","?","?","?","$","R","E","M","T","R","M","M","R","?","R","BOSS","M","$","M","?","$","R","?","R","T","?","?","M","R","$","R","BOSS"],"build_version":"2019-01-23","purchased_purges":3,"victory":true,"max_hp_per_floor":[75,75,75,75,75,75,75,75,75,72,72,72,72,72,72,72,72,72,72,72,72,72,72,72,72,72,72,72,72,72,77,77,77,77,77,77,77,77,77,77,77,77,77,77,77,77,77,77,77,77],"card_choices":[{"not_picked":["Beam Cell","Turbo"],"picked":"Cold Snap","floor":1.0},{"not_picked":["Rebound","Beam Cell"],"picked":"Auto Shields","floor":3.0},{"not_picked":["Reinforced Body","Darkness"],"picked":"Ball Lightning","floor":5.0},{"not_picked":["Self Repair","Steam","Rebound"],"picked":"SKIP","floor":7.0},{"not_picked":["Rebound","Genetic Algorithm"],"picked":"Go for the Eyes","floor":13.0},{"not_picked":["Heatsinks","Barrage","Beam Cell"],"picked":"SKIP","floor":13.0},{"not_picked":["Streamline","Melter"],"picked":"Glacier","floor":14.0},{"not_picked":["Turbo","Cold Snap"],"picked":"Barrage+1","floor":18.0},{"not_picked":["Melter","Gash"],"picked":"Capacitor+1","floor":18.0},{"not_picked":["Auto Shields+1","Rebound"],"picked":"Beam Cell+1","floor":21.0},{"not_picked":["Streamline","Gash","Fission"],"picked":"SKIP","floor":21.0},{"not_picked":["Fusion","Aggregate+1","Compile Driver"],"picked":"SKIP","floor":24.0},{"not_picked":["Hologram","Beam Cell"],"picked":"Chill","floor":25.0},{"not_picked":["Consume","Force Field"],"picked":"Chaos+1","floor":25.0},{"not_picked":["Stack+1","Redo","Streamline"],"picked":"SKIP","floor":28.0},{"not_picked":["Ball Lightning","Recycle","Turbo+1"],"picked":"SKIP","floor":28.0},{"not_picked":["Rebound","Streamline","Compile Driver"],"picked":"SKIP","floor":29.0},{"not_picked":["Redo","Barrage","Cold Snap"],"picked":"SKIP","floor":29.0},{"not_picked":["Hyperbeam","Rainbow"],"picked":"Seek","floor":33.0},{"not_picked":["Stack+1","Beam Cell+1"],"picked":"Coolheaded+1","floor":35.0},{"not_picked":["Cold Snap","Turbo","Steam"],"picked":"SKIP","floor":35.0},{"not_picked":["Redo+1","Skim","Force Field"],"picked":"SKIP","floor":37.0},{"not_picked":["Leap+1","Reprogram+1","Rebound+1"],"picked":"SKIP","floor":37.0},{"not_picked":["Thinking Ahead","Purity"],"picked":"Blind","floor":44},{"not_picked":["Beam Cell+1","Hologram+1","Go for the Eyes"],"picked":"SKIP","floor":45},{"not_picked":["Sunder+1","Beam Cell","Turbo+1"],"picked":"SKIP","floor":45},{"not_picked":["Rainbow","Tempest"],"picked":"White Noise+1","floor":46},{"not_picked":["Beam Cell","Rip and Tear","Reinforced Body+1"],"picked":"SKIP","floor":46}],"player_experience":1067877,"relics_obtained":[{"floor":9.0,"key":"Prayer Wheel"},{"floor":14.0,"key":"Cables"},{"floor":24.0,"key":"Orichalcum"},{"floor":26.0,"key":"Bag of Preparation"}],"event_choices":[{"damage_healed":0.0,"max_hp_gain":0.0,"max_hp_loss":0.0,"gold_gain":0.0,"event_name":"Scrap Ooze","player_choice":"Success","floor":2.0,"gold_loss":0.0,"damage_taken":3.0,"relics_obtained":["Peace Pipe"]},{"damage_healed":0.0,"max_hp_gain":0.0,"max_hp_loss":0.0,"gold_gain":75.0,"event_name":"World of Goop","player_choice":"Gather Gold","floor":4.0,"gold_loss":0.0,"damage_taken":11.0},{"damage_healed":0.0,"max_hp_gain":0.0,"max_hp_loss":0.0,"gold_gain":0.0,"event_name":"Liars Game","player_choice":"Ignored","floor":12.0,"gold_loss":0.0,"damage_taken":0.0},{"damage_healed":0.0,"max_hp_gain":0.0,"max_hp_loss":0.0,"gold_gain":0.0,"event_name":"The Mausoleum","player_choice":"Ignored","floor":19.0,"gold_loss":0.0,"damage_taken":0.0},{"damage_healed":0.0,"max_hp_gain":0.0,"max_hp_loss":0.0,"gold_gain":0.0,"event_name":"FaceTrader","player_choice":"Trade","floor":20.0,"gold_loss":0.0,"damage_taken":0.0,"relics_obtained":["SsserpentHead"]},{"damage_healed":0.0,"max_hp_gain":5.0,"max_hp_loss":0.0,"gold_gain":0.0,"event_name":"Forgotten Altar","player_choice":"Shed Blood","floor":31.0,"gold_loss":0.0,"damage_taken":18.0},{"damage_healed":0.0,"max_hp_gain":0.0,"max_hp_loss":0.0,"gold_gain":0.0,"event_name":"Tomb of Lord Red Mask","player_choice":"Ignored","floor":38.0,"gold_loss":0.0,"damage_taken":0.0},{"damage_healed":0.0,"max_hp_gain":0.0,"max_hp_loss":0.0,"gold_gain":0.0,"event_name":"Mysterious Sphere","player_choice":"Ignored","floor":41.0,"gold_loss":0.0,"damage_taken":0.0},{"damage_healed":0,"gold_gain":0,"player_choice":"Memory 1","damage_taken":0,"max_hp_gain":0,"max_hp_loss":0,"event_name":"SensoryStone","floor":44,"gold_loss":0}],"is_beta":false,"boss_relics":[{"not_picked":["Velvet Choker","Eternal Feather"],"picked":"Inserter"},{"not_picked":["Snecko Eye","Coffee Dripper"],"picked":"Cursed Key"}],"items_purged_floors":[10,39,48],"is_endless":false,"potions_floor_spawned":[5,13,14,16,25,28,33,37],"ascension_level":0}