{"gold_per_floor":[117,63,73,248,248,248,266,266,289,289,315,334,156,183,183,287,287,297,297,287,287,77,77,77,77,147,147,160,172,172,185,185],"floor_reached":32,"playtime":638,"items_purged":[],"score":248,"play_id":"722084fc-74f4-4e9f-be76-316f38769207","local_time":"20190314191723","is_ascension_mode":false,"campfire_choices":[{"data":"Dualcast","floor":6,"key":"SMITH"},{"data":"Zap","floor":8,"key":"SMITH"},{"data":"Go for the Eyes","floor":15,"key":"SMITH"},{"data":"Echo Form","floor":23,"key":"SMITH"},{"data":"Coolheaded","floor":25,"key":"SMITH"},{"data":"Doom and Gloom","floor":27,"key":"SMITH"},{"data":"Ball Lightning","floor":30,"key":"SMITH"}],"neow_cost":"NONE","seed_source_timestamp":589372405972155,"circlet_count":0,"master_deck":["Strike_B","Strike_B","Strike_B","Strike_B+1","Defend_B","Defend_B","Defend_B+1","Defend_B","Zap+1","Dualcast+1","Doom and Gloom+1","Ball Lightning+1","Doubt","Ball Lightning","Go for the Eyes+1","Conserve Battery","Capacitor","Coolheaded+1","Undo","Echo Form+1","Auto Shields"],"relics":["Cracked Core","Boot","Potion Belt","Dodecahedron","Sozu","Runic Capacitor","Kunai"],"potions_floor_usage":[11],"damage_taken":[{"damage":3,"enemies":"Small Slimes","floor":1,"turns":3},{"damage":0,"enemies":"2 Louse","floor":3,"turns":1},{"damage":0,"enemies":"Jaw Worm","floor":7,"turns":3},{"damage":14,"enemies":"Gremlin Nob","floor":11,"turns":3},{"damage":8,"enemies":"Red Slaver","floor":12,"turns":2},{"damage":10,"enemies":"3 Sentries","floor":14,"turns":4},{"damage":5,"enemies":"Hexaghost","floor":16,"turns":8},{"damage":6,"enemies":"Chosen","floor":18,"turns":3},{"damage":2,"enemies":"2 Thieves","floor":20,"turns":4},{"damage":20,"enemies":"Shelled Parasite and Fungi","floor":28,"turns":5},{"damage":14,"enemies":"Cultist and Chosen","floor":29,"turns":5},{"damage":11,"enemies":"Sentry and Sphere","floor":31,"turns":5}],"seed_played":"-2791290401057618111","potions_obtained":[{"floor":1,"key":"Poison Potion"},{"floor":12,"key":"EssenceOfSteel"},{"floor":16,"key":"FearPotion"}],"is_trial":false,"path_per_floor":["M","$","M","?","?","R","M","R","T","?","E","M","$","E","R","B",null,"M","$","M","?","$","R","?","R","T","R","M","M","R","M","R"],"character_chosen":"DEFECT","items_purchased":["Ball Lightning","Conserve Battery","Capacitor","Coolheaded","Runic Capacitor"],"campfire_rested":0,"item_purchase_floors":[2,13,13,13,22],"current_hp_per_floor":[79,79,79,79,72,72,72,72,72,56,42,34,34,24,24,19,82,76,76,74,74,74,74,74,74,74,74,54,40,40,29,29],"gold":185,"neow_bonus":"TEN_PERCENT_HP_BONUS","is_prod":false,"is_daily":false,"chose_seed":false,"campfire_upgraded":7,"win_rate":0,"timestamp":1552591043,"path_taken":["M","$","M","?","?","R","M","R","T","?","E","M","$","E","R","BOSS","M","$","M","?","$","R","?","R","T","R","?","M","R","M","R"],"build_version":"2019-01-23","purchased_purges":0,"victory":false,"max_hp_per_floor":[82,82,82,82,82,82,82,82,82,82,82,82,82,82,82,82,82,82,82,82,82,82,82,82,82,82,82,82,82,82,82,82],"card_choices":[{"not_picked":["Streamline","Static Discharge"],"picked":"Doom and Gloom","floor":1},{"not_picked":["Streamline","Turbo","Stack"],"picked":"SKIP","floor":3},{"not_picked":["Blizzard","Redo","Stack"],"picked":"SKIP","floor":7},{"not_picked":["Consume","Gash"],"picked":"Ball Lightning","floor":11},{"not_picked":["Lockon","Rip and Tear"],"picked":"Go for the Eyes","floor":12},{"not_picked":["Hello World","FTL"],"picked":"Undo","floor":14},{"not_picked":["Rainbow","All For One"],"picked":"Echo Form","floor":16},{"not_picked":["Blizzard","Hologram","Chaos"],"picked":"SKIP","floor":18},{"not_picked":["Leap","Storm"],"picked":"Auto Shields","floor":20},{"not_picked":["Reprogram","Streamline","Aggregate+1"],"picked":"SKIP","floor":28},{"not_picked":["Turbo","Multi-Cast","Leap"],"picked":"SKIP","floor":29},{"not_picked":["Gash","Sweeping Beam","Turbo"],"picked":"SKIP","floor":31}],"player_experience":1110100,"relics_obtained":[{"floor":9,"key":"Potion Belt"},{"floor":14,"key":"Dodecahedron"},{"floor":26,"key":"Kunai"}],"event_choices":[{"damage_healed":0,"gold_gain":175,"player_choice":"AGREE","damage_taken":0,"max_hp_gain":0,"max_hp_loss":0,"event_name":"Liars Game","floor":4,"gold_loss":0,"cards_obtained":["Doubt"]},{"damage_healed":0,"gold_gain":0,"player_choice":"Success","damage_taken":7,"relics_obtained":["Boot"],"max_hp_gain":0,"max_hp_loss":0,"event_name":"Scrap Ooze","floor":5,"gold_loss":0},{"damage_healed":0,"gold_gain":0,"player_choice":"Entered Light","damage_taken":16,"max_hp_gain":0,"max_hp_loss":0,"event_name":"Shining Light","floor":10,"gold_loss":0,"cards_upgraded":["Strike_B","Defend_B"]},{"damage_healed":0,"gold_gain":0,"player_choice":"Ignored","damage_taken":0,"max_hp_gain":0,"max_hp_loss":0,"event_name":"Ghosts","floor":21,"gold_loss":0},{"damage_healed":0,"gold_gain":0,"player_choice":"Ignored","damage_taken":0,"max_hp_gain":0,"max_hp_loss":0,"event_name":"NoteForYourself","floor":24,"gold_loss":0}],"is_beta":false,"boss_relics":[{"not_picked":["Fusion Hammer","White Beast Statue"],"picked":"Sozu"}],"items_purged_floors":[],"is_endless":false,"potions_floor_spawned":[1,12,16,18,28,31],"ascension_level":0}