{"gold_per_floor":[115,127,127,140,156,190,190,208,208,208,221,221,152,171,171,171],"floor_reached":16,"playtime":477,"items_purged":[],"score":104,"play_id":"8e9bffe4-930b-46d3-8d70-80cd69df25ea","local_time":"20190312204652","is_ascension_mode":false,"campfire_choices":[{"data":"Dualcast","floor":7,"key":"SMITH"},{"data":"Zap","floor":10,"key":"SMITH"},{"floor":15,"key":"REST"}],"neow_cost":"NONE","seed_source_timestamp":422086639608856,"circlet_count":0,"master_deck":["Strike_B","Strike_B","Strike_B","Defend_B","Defend_B","Defend_B","Defend_B","Zap+1","Dualcast+1","Electrodynamics","Electrodynamics","Cold Snap","Defragment","Conserve Battery"],"special_seed":0,"relics":["Cracked Core","Bag of Marbles","Incense Burner"],"potions_floor_usage":[6,11],"damage_taken":[{"damage":4.0,"enemies":"Jaw Worm","floor":1.0,"turns":4.0},{"damage":0.0,"enemies":"Cultist","floor":2.0,"turns":4.0},{"damage":1,"enemies":"2 Louse","floor":4,"turns":3},{"damage":16,"enemies":"Exordium Thugs","floor":5,"turns":4},{"damage":30,"enemies":"Gremlin Nob","floor":6,"turns":4},{"damage":0,"enemies":"Large Slime","floor":8,"turns":3},{"damage":1,"enemies":"Exordium Wildlife","floor":11,"turns":3},{"damage":16,"enemies":"Exordium Thugs","floor":14,"turns":4},{"damage":27,"enemies":"Hexaghost","floor":16,"turns":12}],"seed_played":"2599811494729810134","potions_obtained":[{"floor":1.0,"key":"Ancient Potion"},{"floor":4,"key":"Fire Potion"},{"floor":6,"key":"AttackPotion"},{"floor":14,"key":"FocusPotion"}],"is_trial":false,"path_per_floor":["M","M","$","M","M","E","R","M","T","R","M","?","$","M","R","B"],"character_chosen":"DEFECT","items_purchased":["Defragment"],"campfire_rested":1,"item_purchase_floors":[13],"current_hp_per_floor":[71,71,71,70,54,24,24,24,24,24,23,23,23,7,29,2],"gold":171,"neow_bonus":"ONE_RANDOM_RARE_CARD","is_prod":false,"is_daily":false,"chose_seed":false,"campfire_upgraded":2,"win_rate":0,"timestamp":1552423612,"path_taken":["M","M","$","M","M","E","R","M","T","R","M","?","$","M","R","BOSS"],"build_version":"2019-01-23","purchased_purges":0,"victory":false,"max_hp_per_floor":[75,75,75,75,75,75,75,75,75,75,75,75,75,75,75,75],"card_choices":[{"not_picked":["Static Discharge","Reinforced Body","Beam Cell"],"picked":"SKIP","floor":1.0},{"not_picked":["White Noise","Turbo","Hello World"],"picked":"SKIP","floor":2.0},{"not_picked":["Sweeping Beam","Turbo","Compile Driver"],"picked":"SKIP","floor":4},{"not_picked":["Self Repair","Hologram","Stack"],"picked":"SKIP","floor":5},{"not_picked":["Ball Lightning","Sweeping Beam"],"picked":"Electrodynamics","floor":6},{"not_picked":["Stack","Go for the Eyes"],"picked":"Cold Snap","floor":8},{"not_picked":["Redo","Double Energy","Sunder"],"picked":"SKIP","floor":11},{"not_picked":["Go for the Eyes","Barrage"],"picked":"Conserve Battery","floor":14}],"player_experience":1105760,"relics_obtained":[{"floor":6,"key":"Bag of Marbles"},{"floor":9,"key":"Incense Burner"}],"event_choices":[{"cards_removed":["Strike_B"],"damage_healed":0,"gold_gain":0,"player_choice":"Purged","damage_taken":0,"max_hp_gain":0,"max_hp_loss":0,"event_name":"Purifier","floor":12,"gold_loss":0}],"is_beta":false,"boss_relics":[],"items_purged_floors":[],"is_endless":false,"potions_floor_spawned":[1,4,6,14],"killed_by":"Hexaghost","ascension_level":0}