{"gold_per_floor":[114,133,146,165,181,211,211,221,251,251,251,251,271,271],"floor_reached":14,"playtime":675,"items_purged":[],"score":136,"play_id":"5513bcba-94ec-4f32-ad81-8bc3f4e73fbb","local_time":"20190611203552","is_ascension_mode":true,"campfire_choices":[{"data":"Neutralize","floor":7,"key":"SMITH"},{"data":"Crippling Poison","floor":10,"key":"SMITH"},{"floor":12,"key":"REST"}],"neow_cost":"NONE","seed_source_timestamp":173804879397311,"circlet_count":0,"master_deck":["Defend_G","Defend_G","Defend_G","Defend_G","Defend_G","Strike_G","Strike_G","Strike_G","Strike_G","Strike_G","Survivor","Neutralize+1","Purity","Dagger Throw","Crippling Poison+1","Leg Sweep+1","Slice","Flying Knee","Sucker Punch","Catalyst","Bane"],"special_seed":0,"relics":["Ring of the Snake","Unceasing Top","Tiny Chest"],"potions_floor_usage":[6,6,13,14,14],"damage_taken":[{"damage":1.0,"enemies":"Small Slimes","floor":1.0,"turns":5.0},{"damage":1.0,"enemies":"Cultist","floor":2.0,"turns":4.0},{"damage":10.0,"enemies":"Jaw Worm","floor":3.0,"turns":5.0},{"damage":3.0,"enemies":"Gremlin Gang","floor":4.0,"turns":3.0},{"damage":16.0,"enemies":"Large Slime","floor":5.0,"turns":8.0},{"damage":18,"enemies":"Gremlin Nob","floor":6,"turns":5},{"damage":3,"enemies":"2 Fungi Beasts","floor":8,"turns":5},{"damage":0,"enemies":"Lots of Slimes","floor":13,"turns":1},{"damage":32,"enemies":"3 Sentries","floor":14,"turns":11}],"seed_played":"-6402570767228933965","potions_obtained":[{"floor":1.0,"key":"Explosive Potion"},{"floor":3.0,"key":"EntropicBrew"},{"floor":8,"key":"Explosive Potion"},{"floor":13,"key":"GamblersBrew"}],"is_trial":false,"path_per_floor":["M","M","M","M","M","E","R","M","T","R","?","R","M","E"],"character_chosen":"THE_SILENT","items_purchased":[],"campfire_rested":1,"item_purchase_floors":[],"current_hp_per_floor":[62,61,51,48,32,14,14,11,11,11,11,32,32,0],"gold":271,"neow_bonus":"RANDOM_COLORLESS","is_prod":false,"is_daily":false,"chose_seed":false,"campfire_upgraded":2,"win_rate":0,"timestamp":1560303352,"path_taken":["M","M","M","M","M","E","R","M","T","R","?","R","?","E"],"build_version":"2019-01-23","purchased_purges":0,"victory":false,"max_hp_per_floor":[70,70,70,70,70,70,70,70,70,70,70,70,70,70],"card_choices":[{"not_picked":["Outmaneuver","Prepared"],"picked":"Dagger Throw","floor":1.0},{"not_picked":["All Out Attack","Bouncing Flask"],"picked":"Crippling Poison","floor":2.0},{"not_picked":["Noxious Fumes","Acrobatics"],"picked":"Leg Sweep","floor":3.0},{"not_picked":["Cloak And Dagger","Blur"],"picked":"Slice","floor":4.0},{"not_picked":["Concentrate","Leg Sweep"],"picked":"Flying Knee","floor":5.0},{"not_picked":["Blur","Storm of Steel"],"picked":"Sucker Punch","floor":6},{"not_picked":["Bane","Quick Slash"],"picked":"Catalyst","floor":8},{"not_picked":["Quick Slash","Expertise"],"picked":"Bane","floor":13}],"player_experience":69992,"relics_obtained":[{"floor":6,"key":"Unceasing Top"},{"floor":9,"key":"Tiny Chest"}],"event_choices":[{"damage_healed":0,"gold_gain":0,"player_choice":"Forge","damage_taken":0,"max_hp_gain":0,"max_hp_loss":0,"event_name":"Accursed Blacksmith","floor":11,"gold_loss":0,"cards_upgraded":["Leg Sweep"]}],"is_beta":false,"boss_relics":[],"items_purged_floors":[],"is_endless":false,"potions_floor_spawned":[1,3,8,13],"killed_by":"3 Sentries","ascension_level":9}