{"gold_per_floor":[117,136,136,152,79,79,90,118,118,130,130,163,182,192,192,291,291,303,73,87,121,136,136,136,136,136,136,84,84,119,119,119,214,214,231,231,241,253,266,297,316,328,352,352,363,378,20,31,31,31],"floor_reached":51,"playtime":2274,"items_purged":["Defend_B","Regret"],"score":813,"play_id":"66cdd2f1-75cb-4f12-ad43-c43b32d8e6f7","local_time":"20190307003148","is_ascension_mode":false,"campfire_choices":[{"data":"Dualcast","floor":6.0,"key":"SMITH"},{"data":"Blizzard","floor":11.0,"key":"SMITH"},{"data":"Defragment","floor":15.0,"key":"SMITH"},{"data":"Buffer","floor":23.0,"key":"SMITH"},{"data":"Go for the Eyes","floor":25.0,"key":"SMITH"},{"data":"Capacitor","floor":27.0,"key":"SMITH"},{"data":"Echo Form","floor":32.0,"key":"SMITH"},{"data":"Zap","floor":44,"key":"SMITH"},{"floor":49,"key":"REST"}],"neow_cost":"NONE","seed_source_timestamp":1944541168585899,"circlet_count":0,"master_deck":["Strike_B","Strike_B","Strike_B","Strike_B","Defend_B","Defend_B","Zap+1","Dualcast+1","Go for the Eyes+1","Glacier","Blizzard+1","Cold Snap","Buffer+1","BootSequence","Capacitor+1","Defragment+1","Coolheaded","Core Surge","Doom and Gloom+1","Coolheaded+1","Conserve Battery","Echo Form+1","Seek","Beam Cell","Barrage+1","Ball Lightning+1","Glacier+1","Hello World+1"],"special_seed":0,"relics":["Cracked Core","Centennial Puzzle","Regal Pillow","Singing Bowl","Cursed Key","DataDisk","Red Mask","Emotion Chip","Meat on the Bone","Vajra","Runic Capacitor"],"potions_floor_usage":[50,50,50],"damage_taken":[{"damage":0.0,"enemies":"Cultist","floor":1.0,"turns":3.0},{"damage":0.0,"enemies":"Small Slimes","floor":2.0,"turns":3.0},{"damage":0.0,"enemies":"2 Louse","floor":4.0,"turns":3.0},{"damage":0.0,"enemies":"Blue Slaver","floor":7.0,"turns":4.0},{"damage":2.0,"enemies":"Lagavulin","floor":8.0,"turns":11.0},{"damage":2.0,"enemies":"3 Louse","floor":10.0,"turns":3.0},{"damage":34.0,"enemies":"3 Sentries","floor":12.0,"turns":14.0},{"damage":0.0,"enemies":"Red Slaver","floor":13.0,"turns":6.0},{"damage":0.0,"enemies":"Lots of Slimes","floor":14.0,"turns":4.0},{"damage":0.0,"enemies":"Slime Boss","floor":16.0,"turns":10.0},{"damage":0.0,"enemies":"Spheric Guardian","floor":18.0,"turns":7.0},{"damage":0.0,"enemies":"Shell Parasite","floor":20.0,"turns":7.0},{"damage":15.0,"enemies":"Masked Bandits","floor":21.0,"turns":4.0},{"damage":0.0,"enemies":"Shelled Parasite and Fungi","floor":22.0,"turns":7.0},{"damage":6.0,"enemies":"Book of Stabbing","floor":30.0,"turns":6.0},{"damage":46.0,"enemies":"Collector","floor":33.0,"turns":12.0},{"damage":3.0,"enemies":"3 Shapes","floor":35.0,"turns":10.0},{"damage":6,"enemies":"3 Darklings","floor":37,"turns":5},{"damage":0,"enemies":"4 Shapes","floor":38,"turns":4},{"damage":0,"enemies":"Transient","floor":39,"turns":5},{"damage":1,"enemies":"Reptomancer","floor":40,"turns":8},{"damage":0,"enemies":"Spire Growth","floor":41,"turns":6},{"damage":6,"enemies":"3 Darklings","floor":42,"turns":5},{"damage":2,"enemies":"4 Shapes","floor":45,"turns":5},{"damage":30,"enemies":"Writhing Mass","floor":46,"turns":6},{"damage":0,"enemies":"3 Darklings","floor":48,"turns":7},{"damage":22,"enemies":"Donu and Deca","floor":50,"turns":14}],"seed_played":"-5394548919796609526","potions_obtained":[{"floor":1.0,"key":"AttackPotion"},{"floor":12.0,"key":"Weak Potion"},{"floor":14.0,"key":"Swift Potion"},{"floor":38,"key":"Ancient Potion"},{"floor":46,"key":"Strength Potion"}],"is_trial":false,"path_per_floor":["M","M","$","M","$","R","M","E","T","M","R","E","M","M","R","B",null,"M","$","M","?","M","R","?","R","T","R","$","?","E","?","R","B",null,"M","?","M","M","M","E","M","M","T","R","M","M","$","M","R","B",null],"character_chosen":"DEFECT","items_purchased":["Blizzard","DataDisk","Conserve Battery","Runic Capacitor","Strength Potion"],"campfire_rested":1,"item_purchase_floors":[5,19,28,47,47],"current_hp_per_floor":[82,82,82,82,82,82,82,80,80,78,78,44,44,44,44,44,82,82,82,84,71,71,71,54,54,54,54,54,54,48,48,48,4,93,92,92,86,88,90,89,91,87,87,87,87,57,57,57,103,81],"gold":31,"neow_bonus":"TEN_PERCENT_HP_BONUS","is_prod":false,"is_daily":false,"chose_seed":false,"campfire_upgraded":8,"win_rate":0,"timestamp":1551918708,"path_taken":["M","M","$","M","?","R","?","E","T","M","R","E","M","M","R","BOSS","M","$","M","?","M","R","?","R","T","R","$","?","E","?","R","BOSS","M","?","M","?","M","E","M","?","T","R","M","?","$","M","R","BOSS"],"build_version":"2019-01-23","purchased_purges":2,"victory":true,"max_hp_per_floor":[82,82,82,82,82,82,82,82,82,82,82,82,82,82,82,82,82,82,82,84,86,86,86,91,91,91,91,91,91,91,91,91,93,93,95,95,95,97,99,99,101,103,103,103,105,105,105,105,105,105],"card_choices":[{"not_picked":["Genetic Algorithm","Chaos"],"picked":"Go for the Eyes","floor":1.0},{"not_picked":["Skim","Loop","Consume"],"picked":"SKIP","floor":2.0},{"not_picked":["Chill","Cold Snap"],"picked":"Glacier","floor":4.0},{"not_picked":["Cold Snap","Redo","Beam Cell"],"picked":"SKIP","floor":7.0},{"not_picked":["Redo","Beam Cell"],"picked":"Cold Snap","floor":7.0},{"not_picked":["Rip and Tear","Beam Cell"],"picked":"Buffer","floor":8.0},{"not_picked":["Steam","Streamline"],"picked":"BootSequence","floor":10.0},{"not_picked":["Leap","Sweeping Beam"],"picked":"Capacitor","floor":12.0},{"not_picked":["Multi-Cast","Melter"],"picked":"Defragment","floor":13.0},{"not_picked":["Cold Snap","Beam Cell"],"picked":"Coolheaded","floor":14.0},{"not_picked":["Multi-Cast","Hyperbeam"],"picked":"Core Surge","floor":16.0},{"not_picked":["Lockon+1","Streamline"],"picked":"Doom and Gloom+1","floor":18.0},{"not_picked":["Doom and Gloom","Stack+1","Go for the Eyes"],"picked":"Singing Bowl","floor":20.0},{"not_picked":["Turbo+1","Scrape","Coolheaded"],"picked":"Singing Bowl","floor":21.0},{"not_picked":["Steam","Beam Cell"],"picked":"Coolheaded+1","floor":22.0},{"not_picked":["Barrage","Chaos"],"picked":"Seek","floor":30.0},{"not_picked":["Fission","Reboot","Core Surge"],"picked":"Singing Bowl","floor":33.0},{"not_picked":["Coolheaded+1","Recycle","Stack"],"picked":"Singing Bowl","floor":35.0},{"not_picked":["Sweeping Beam","Hologram"],"picked":"Barrage+1","floor":37},{"not_picked":["Lockon","Gash+1","Doom and Gloom"],"picked":"Singing Bowl","floor":38},{"not_picked":["Sweeping Beam","Reinforced Body+1","Coolheaded"],"picked":"Singing Bowl","floor":39},{"not_picked":["Fission","Auto Shields"],"picked":"Ball Lightning+1","floor":40},{"not_picked":["Skim","Redo","Cold Snap+1"],"picked":"Singing Bowl","floor":41},{"not_picked":["Barrage","Hologram+1","Ball Lightning"],"picked":"Singing Bowl","floor":42},{"not_picked":["Hello World","Recycle","Compile Driver"],"picked":"Singing Bowl","floor":45},{"not_picked":["Leap","Steam+1"],"picked":"Glacier+1","floor":46},{"not_picked":["Doom and Gloom","Skim"],"picked":"Hello World+1","floor":48}],"player_experience":1091060,"relics_obtained":[{"floor":8.0,"key":"Centennial Puzzle"},{"floor":9.0,"key":"Regal Pillow"},{"floor":12.0,"key":"Singing Bowl"},{"floor":21.0,"key":"Red Mask"},{"floor":30.0,"key":"Emotion Chip"},{"floor":40,"key":"Meat on the Bone"},{"floor":43,"key":"Vajra"}],"event_choices":[{"damage_healed":0.0,"max_hp_gain":0.0,"max_hp_loss":0.0,"gold_gain":0.0,"event_name":"Masked Bandits","player_choice":"Fought Bandits","floor":21.0,"gold_loss":0.0,"damage_taken":0.0},{"damage_healed":0.0,"max_hp_gain":5.0,"max_hp_loss":0.0,"gold_gain":0.0,"event_name":"Forgotten Altar","player_choice":"Shed Blood","floor":24.0,"gold_loss":0.0,"damage_taken":22.0},{"damage_healed":0.0,"max_hp_gain":0.0,"max_hp_loss":0.0,"gold_gain":0.0,"event_name":"The Library","player_choice":"Read","floor":29.0,"gold_loss":0.0,"damage_taken":0.0,"cards_obtained":["Echo Form"]},{"damage_healed":0.0,"max_hp_gain":0.0,"max_hp_loss":0.0,"gold_gain":0.0,"event_name":"Vampires","player_choice":"Ignored","floor":31.0,"gold_loss":0.0,"damage_taken":0.0},{"damage_healed":0,"gold_gain":0,"cards_transformed":["Defend_B"],"player_choice":"Transformed","damage_taken":0,"max_hp_gain":0,"max_hp_loss":0,"event_name":"Transmorgrifier","floor":36,"gold_loss":0,"cards_obtained":["Beam Cell"]}],"is_beta":false,"boss_relics":[{"not_picked":["Pandora\u0027s Box","Fusion Hammer"],"picked":"Cursed Key"},{"not_picked":["Runic Pyramid","Calling Bell","Velvet Choker"]}],"items_purged_floors":[19,47],"is_endless":false,"potions_floor_spawned":[1,12,14,21,22,38,40,41,46,48],"ascension_level":0}