{"gold_per_floor":[116,116,133,133,133,133,133,133,182,230,242,307,352,539,551,683,695,726,738,750,786,817,869,881,818,818,856,856,635,635,649,649,772,772,795,543,543,567,586,586,611,611,611,635,635,635,635,649,649,649],"floor_reached":51,"playtime":1558,"items_purged":["Strike_B","Defend_B"],"score":764,"play_id":"72cff168-669b-493c-944c-078458541b15","local_time":"20190303141031","is_ascension_mode":false,"campfire_choices":[{"data":"Sunder","floor":6.0,"key":"SMITH"},{"data":"Dualcast","floor":8.0,"key":"SMITH"},{"floor":11.0,"key":"REST"},{"data":"Zap","floor":15.0,"key":"SMITH"},{"data":"Rainbow","floor":24.0,"key":"SMITH"},{"data":"Defragment","floor":30.0,"key":"SMITH"},{"data":"Ball Lightning","floor":32.0,"key":"SMITH"},{"data":"Defragment","floor":40.0,"key":"SMITH"},{"data":"Buffer","floor":42.0,"key":"SMITH"},{"data":"Conserve Battery","floor":45.0,"key":"SMITH"},{"data":"Seek","floor":47.0,"key":"SMITH"},{"data":"Defend_B","floor":49.0,"key":"SMITH"}],"neow_cost":"PERCENT_DAMAGE","seed_source_timestamp":1648677715299749,"circlet_count":0,"master_deck":["Strike_B+1","Strike_B+1","Defend_B+1","Defend_B","Defend_B","Zap+1","Dualcast+1","Chill","Sunder+1","Ball Lightning+1","Rainbow+1","Glacier+1","Coolheaded+1","Capacitor+1","Defragment+1","Seek+1","Cold Snap+1","Buffer+1","Conserve Battery+1","White Noise","Go for the Eyes+1","Compile Driver+1","Capacitor+1","Defragment+1","White Noise+1","White Noise"],"special_seed":0,"relics":["Cracked Core","Golden Idol","MawBank","Sundial","Letter Opener","Nuclear Battery","Whetstone","Bronze Scales","Juzu Bracelet","Orrery","Bag of Preparation","Pear"],"potions_floor_usage":[50,50,50],"damage_taken":[{"damage":0.0,"enemies":"Cultist","floor":1.0,"turns":4.0},{"damage":2.0,"enemies":"2 Louse","floor":3.0,"turns":2.0},{"damage":9.0,"enemies":"Lagavulin","floor":10.0,"turns":5.0},{"damage":18.0,"enemies":"3 Sentries","floor":13.0,"turns":8.0},{"damage":33.0,"enemies":"Hexaghost","floor":16.0,"turns":7.0},{"damage":0.0,"enemies":"3 Byrds","floor":18.0,"turns":3.0},{"damage":6.0,"enemies":"Shell Parasite","floor":21.0,"turns":5.0},{"damage":10.0,"enemies":"Cultist and Chosen","floor":22.0,"turns":7.0},{"damage":17.0,"enemies":"Slavers","floor":23.0,"turns":5.0},{"damage":0.0,"enemies":"Gremlin Leader","floor":27.0,"turns":7.0},{"damage":7.0,"enemies":"Snake Plant","floor":31.0,"turns":4.0},{"damage":40.0,"enemies":"Champ","floor":33.0,"turns":12.0},{"damage":0.0,"enemies":"Orb Walker","floor":35.0,"turns":4.0},{"damage":0.0,"enemies":"3 Darklings","floor":38.0,"turns":6.0},{"damage":0.0,"enemies":"Jaw Worm Horde","floor":39.0,"turns":4.0},{"damage":5.0,"enemies":"4 Shapes","floor":41.0,"turns":5.0},{"damage":0.0,"enemies":"Maw","floor":44.0,"turns":8.0},{"damage":0.0,"enemies":"3 Darklings","floor":48.0,"turns":5.0},{"damage":1,"enemies":"Time Eater","floor":50,"turns":9}],"seed_played":"-6262181944518225304","potions_obtained":[{"floor":1.0,"key":"Strength Potion"},{"floor":27.0,"key":"FocusPotion"},{"floor":33.0,"key":"Swift Potion"},{"floor":38.0,"key":"SteroidPotion"},{"floor":41.0,"key":"Strength Potion"}],"is_trial":false,"path_per_floor":["M","?","M","?","?","R","$","R","T","E","R","?","E","?","R","B",null,"M","?","?","M","M","E","R","$","T","E","?","$","R","M","R","B",null,"M","$","?","M","M","R","M","R","T","M","R","?","R","M","R","B",null],"character_chosen":"DEFECT","items_purchased":["Defragment","Seek","Bag of Preparation"],"campfire_rested":1,"item_purchase_floors":[29,29,36],"current_hp_per_floor":[68,68,66,66,44,44,44,44,44,35,61,61,43,43,43,10,89,89,89,89,83,73,56,56,56,56,56,56,56,56,49,49,9,89,89,89,85,85,85,85,80,80,90,90,90,90,90,90,90,89],"gold":649,"neow_bonus":"TWENTY_PERCENT_HP_BONUS","is_prod":false,"is_daily":false,"chose_seed":false,"campfire_upgraded":11,"win_rate":0,"timestamp":1551622231,"path_taken":["M","?","?","?","?","R","?","R","T","E","R","?","E","?","R","BOSS","M","?","?","?","M","E","R","$","T","E","?","$","R","M","R","BOSS","M","$","?","M","M","R","M","R","T","M","R","?","R","M","R","BOSS"],"build_version":"2019-01-23","purchased_purges":2,"victory":true,"max_hp_per_floor":[89,89,89,89,89,89,89,89,89,89,89,89,89,89,89,89,89,89,89,89,89,89,89,89,89,89,89,89,89,89,89,89,89,89,89,89,85,85,85,85,85,85,95,95,95,95,95,95,95,95],"card_choices":[{"not_picked":["Rebound","Leap"],"picked":"Chill","floor":1.0},{"not_picked":["Consume","Sweeping Beam"],"picked":"Sunder","floor":3.0},{"not_picked":["Conserve Battery","Rebound"],"picked":"Ball Lightning","floor":10.0},{"not_picked":["Reboot","Ball Lightning","Redo"],"picked":"SKIP","floor":13.0},{"not_picked":["Biased Cognition","All For One"],"picked":"Rainbow","floor":16.0},{"not_picked":["Coolheaded","Go for the Eyes"],"picked":"Glacier","floor":18.0},{"not_picked":["Consume+1","Rebound"],"picked":"Coolheaded+1","floor":21.0},{"not_picked":["Redo","Leap+1","Fusion"],"picked":"SKIP","floor":22.0},{"not_picked":["Meteor Strike","FTL"],"picked":"Capacitor+1","floor":23.0},{"not_picked":["Go for the Eyes","Loop+1","Hologram"],"picked":"SKIP","floor":27.0},{"not_picked":["Compile Driver+1","Coolheaded"],"picked":"Cold Snap+1","floor":31.0},{"not_picked":["Fission","Seek"],"picked":"Buffer","floor":33.0},{"not_picked":["Gash","Leap"],"picked":"Conserve Battery","floor":34.0},{"not_picked":["Skim","Hologram"],"picked":"White Noise","floor":34.0},{"not_picked":["Redo","Compile Driver+1"],"picked":"Go for the Eyes+1","floor":34.0},{"not_picked":["Steam","Turbo"],"picked":"Compile Driver+1","floor":34.0},{"not_picked":["Buffer","Steam+1"],"picked":"Capacitor+1","floor":35.0},{"not_picked":["Hologram","Steam"],"picked":"Defragment","floor":38.0},{"not_picked":["Skim","Conserve Battery+1"],"picked":"White Noise+1","floor":39.0},{"not_picked":["Reinforced Body","Turbo","Hologram+1"],"picked":"SKIP","floor":41.0},{"not_picked":["Conserve Battery","Gash+1"],"picked":"White Noise","floor":44.0},{"not_picked":["Redo","Steam Power","Gash+1"],"picked":"SKIP","floor":48.0}],"player_experience":1080473,"relics_obtained":[{"floor":9.0,"key":"MawBank"},{"floor":10.0,"key":"Sundial"},{"floor":13.0,"key":"Letter Opener"},{"floor":23.0,"key":"Whetstone"},{"floor":26.0,"key":"Bronze Scales"},{"floor":27.0,"key":"Juzu Bracelet"},{"floor":43.0,"key":"Pear"}],"event_choices":[{"damage_healed":0.0,"max_hp_gain":0.0,"max_hp_loss":0.0,"gold_gain":0.0,"event_name":"NoteForYourself","player_choice":"Ignored","floor":2.0,"gold_loss":0.0,"damage_taken":0.0},{"damage_healed":0.0,"max_hp_gain":0.0,"max_hp_loss":0.0,"gold_gain":0.0,"event_name":"The Cleric","player_choice":"Leave","floor":4.0,"gold_loss":0.0,"damage_taken":0.0},{"damage_healed":0.0,"max_hp_gain":0.0,"max_hp_loss":0.0,"gold_gain":0.0,"event_name":"Golden Idol","player_choice":"Take Damage","floor":5.0,"gold_loss":0.0,"damage_taken":22.0,"relics_obtained":["Golden Idol"]},{"damage_healed":0.0,"max_hp_gain":0.0,"max_hp_loss":0.0,"gold_gain":53.0,"event_name":"Golden Wing","player_choice":"Gained Gold","floor":12.0,"gold_loss":0.0,"damage_taken":0.0},{"damage_healed":0.0,"max_hp_gain":0.0,"max_hp_loss":0.0,"gold_gain":175.0,"event_name":"Liars Game","player_choice":"AGREE","floor":14.0,"gold_loss":0.0,"damage_taken":0.0,"cards_obtained":["Doubt"]},{"damage_healed":0.0,"max_hp_gain":0.0,"max_hp_loss":0.0,"gold_gain":0.0,"event_name":"Vampires","player_choice":"Ignored","floor":19.0,"gold_loss":0.0,"damage_taken":0.0},{"cards_removed":["Doubt"],"damage_healed":0.0,"max_hp_gain":0.0,"max_hp_loss":0.0,"gold_gain":0.0,"event_name":"Purifier","player_choice":"Purged","floor":20.0,"gold_loss":0.0,"damage_taken":0.0},{"cards_removed":["Strike_B"],"damage_healed":0.0,"max_hp_gain":0.0,"max_hp_loss":0.0,"gold_gain":0.0,"event_name":"Bonfire Elementals","player_choice":"Offered Basic","floor":28.0,"gold_loss":0.0,"damage_taken":0.0},{"damage_healed":0.0,"max_hp_gain":0.0,"max_hp_loss":4.0,"gold_gain":0.0,"event_name":"Winding Halls","player_choice":"Max HP","floor":37.0,"gold_loss":0.0,"damage_taken":0.0},{"damage_healed":0.0,"max_hp_gain":0.0,"max_hp_loss":0.0,"gold_gain":0.0,"event_name":"Upgrade Shrine","player_choice":"Upgraded","floor":46.0,"gold_loss":0.0,"damage_taken":0.0,"cards_upgraded":["Glacier"]}],"is_beta":false,"boss_relics":[{"not_picked":["Tiny House","Black Star"],"picked":"Nuclear Battery"},{"not_picked":["Philosopher\u0027s Stone","Lizard Tail"],"picked":"Orrery"}],"items_purged_floors":[25,36],"is_endless":false,"potions_floor_spawned":[1,27,33,38,41],"ascension_level":0}