{"gold_per_floor":[118,135,152,172,172,200,214,214,238,251,262,11,24,57,57,159,159,171,270,270,124,141,171,183,209,247,259],"floor_reached":27,"playtime":3857,"items_purged":[],"score":247,"play_id":"47ee6917-cd65-4bc5-9d55-53ba4efef842","local_time":"20190502135915","is_ascension_mode":false,"campfire_choices":[{"floor":8,"key":"REST"},{"floor":15,"key":"REST"},{"data":"Buffer","floor":24,"key":"SMITH"}],"neow_cost":"NONE","seed_source_timestamp":484236475718500,"circlet_count":0,"master_deck":["Strike_B","Strike_B","Strike_B","Strike_B+1","Defend_B","Defend_B","Defend_B","Defend_B","Dualcast+1","Stack","Genetic Algorithm","Go for the Eyes","Conserve Battery","Sweeping Beam","Double Energy","Redo","FTL","Auto Shields","Coolheaded","Buffer+1","Biased Cognition","Reinforced Body","All For One","Beam Cell+1","Hologram","Darkness+1"],"relics":["Cracked Core","NeowsBlessing","Kunai","Bag of Preparation","HandDrill","Orichalcum","Coffee Dripper","Juzu Bracelet","MawBank","Ancient Tea Set"],"potions_floor_usage":[13,16,27,27,27],"damage_taken":[{"damage":0,"enemies":"Small Slimes","floor":1,"turns":1},{"damage":0,"enemies":"2 Louse","floor":2,"turns":1},{"damage":0,"enemies":"Jaw Worm","floor":3,"turns":1},{"damage":3,"enemies":"2 Fungi Beasts","floor":4,"turns":3},{"damage":16,"enemies":"3 Sentries","floor":6,"turns":9},{"damage":14,"enemies":"Lots of Slimes","floor":7,"turns":4},{"damage":2,"enemies":"Blue Slaver","floor":10,"turns":4},{"damage":0,"enemies":"Exordium Wildlife","floor":11,"turns":4},{"damage":2,"enemies":"2 Fungi Beasts","floor":13,"turns":4},{"damage":30,"enemies":"Gremlin Nob","floor":14,"turns":5},{"damage":21,"enemies":"Hexaghost","floor":16,"turns":16},{"damage":0,"enemies":"Shell Parasite","floor":18,"turns":4},{"damage":8,"enemies":"Spheric Guardian","floor":22,"turns":5},{"damage":24,"enemies":"Book of Stabbing","floor":23,"turns":10},{"damage":0,"enemies":"Snake Plant","floor":25,"turns":6},{"damage":95,"enemies":"Gremlin Leader","floor":27,"turns":11}],"seed_played":"-5974782763669591546","potions_obtained":[{"floor":1,"key":"SkillPotion"},{"floor":3,"key":"FocusPotion"},{"floor":4,"key":"Dexterity Potion"},{"floor":7,"key":"Regen Potion"},{"floor":23,"key":"Fire Potion"},{"floor":25,"key":"Regen Potion"}],"is_trial":false,"path_per_floor":["M","M","M","M","?","E","M","R","T","M","M","$","M","E","R","B",null,"M","?","?","?","M","E","R","M","T","E"],"character_chosen":"DEFECT","items_purchased":["Auto Shields","HandDrill"],"campfire_rested":2,"item_purchase_floors":[12,12],"current_hp_per_floor":[75,75,75,72,57,41,27,49,49,47,47,47,45,15,37,16,75,75,75,75,75,67,43,43,43,43,0],"gold":259,"neow_bonus":"THREE_ENEMY_KILL","is_prod":false,"is_daily":false,"chose_seed":false,"campfire_upgraded":1,"win_rate":0.0,"timestamp":1556823555,"path_taken":["M","M","M","M","?","E","M","R","T","M","M","$","M","E","R","BOSS","M","?","?","?","M","E","R","M","T","E"],"build_version":"2019-01-23","purchased_purges":0,"victory":false,"max_hp_per_floor":[75,75,75,75,75,75,75,75,75,75,75,75,75,75,75,75,75,75,75,75,75,75,75,75,75,75,75],"card_choices":[{"not_picked":["Aggregate","Glacier"],"picked":"Stack","floor":1},{"not_picked":["Steam","Stack"],"picked":"Genetic Algorithm","floor":2},{"not_picked":["Stack","Static Discharge"],"picked":"Go for the Eyes","floor":3},{"not_picked":["Go for the Eyes","Ball Lightning"],"picked":"Conserve Battery","floor":4},{"not_picked":["Consume","Barrage"],"picked":"Sweeping Beam","floor":6},{"not_picked":["Defragment","Tempest"],"picked":"Double Energy","floor":7},{"not_picked":["Ball Lightning","Streamline"],"picked":"Redo","floor":10},{"not_picked":["Steam","Conserve Battery"],"picked":"FTL","floor":11},{"not_picked":["Redo","Stack"],"picked":"Coolheaded","floor":13},{"not_picked":["Redo","Go for the Eyes"],"picked":"Buffer","floor":14},{"not_picked":["Rainbow","Buffer"],"picked":"Biased Cognition","floor":16},{"not_picked":["Steam","Coolheaded"],"picked":"Barrage","floor":18},{"not_picked":["Compile Driver","Barrage+1"],"picked":"Beam Cell+1","floor":22},{"not_picked":["Multi-Cast","Stack"],"picked":"Hologram","floor":23},{"not_picked":["Defragment+1","Steam"],"picked":"Darkness+1","floor":25}],"player_experience":20689,"relics_obtained":[{"floor":6,"key":"Kunai"},{"floor":9,"key":"Bag of Preparation"},{"floor":14,"key":"Orichalcum"},{"floor":23,"key":"MawBank"},{"floor":26,"key":"Ancient Tea Set"}],"event_choices":[{"damage_healed":0,"gold_gain":0,"player_choice":"Entered Light","damage_taken":15,"max_hp_gain":0,"max_hp_loss":0,"event_name":"Shining Light","floor":5,"gold_loss":0,"cards_upgraded":["Dualcast","Strike_B"]},{"damage_healed":0,"gold_gain":99,"player_choice":"Stole From Cult","damage_taken":0,"max_hp_gain":0,"max_hp_loss":0,"event_name":"Nest","floor":19,"gold_loss":0},{"damage_healed":0,"gold_gain":0,"cards_transformed":["Zap","Barrage"],"player_choice":"Became Test Subject","damage_taken":0,"max_hp_gain":0,"max_hp_loss":0,"event_name":"Drug Dealer","floor":20,"gold_loss":0,"cards_obtained":["Reinforced Body","All For One"]},{"damage_healed":0,"gold_gain":0,"player_choice":"Paid Gold","damage_taken":0,"relics_obtained":["Juzu Bracelet"],"max_hp_gain":0,"max_hp_loss":0,"event_name":"WeMeetAgain","floor":21,"gold_loss":146}],"is_beta":false,"boss_relics":[{"not_picked":["Runic Dome","Calling Bell"],"picked":"Coffee Dripper"}],"items_purged_floors":[],"is_endless":false,"potions_floor_spawned":[1,3,4,7,23,25],"killed_by":"Gremlin Leader","ascension_level":0}