{"gold_per_floor":[112,124,142,154,174,174,205,205,205,237,237,252,269,35,35,130,130,150,150,163,23,23,23,36,47,47,47,47,47,47,147,147,248,248,259,269,229,249,260,260,54,54,108,108,43,59,59,59,59,59],"floor_reached":51,"playtime":1832,"items_purged":["Strike_B"],"score":687,"play_id":"9c1b3707-4bc8-4818-92dd-d899e5984fcd","local_time":"20190218193806","is_ascension_mode":false,"campfire_choices":[{"data":"Dualcast","floor":6.0,"key":"SMITH"},{"data":"Zap","floor":8.0,"key":"SMITH"},{"data":"Defragment","floor":15.0,"key":"SMITH"},{"data":"Blizzard","floor":23.0,"key":"SMITH"},{"data":"Capacitor","floor":28.0,"key":"SMITH"},{"data":"Electrodynamics","floor":30.0,"key":"SMITH"},{"data":"Coolheaded","floor":32.0,"key":"SMITH"},{"data":"Glacier","floor":40.0,"key":"SMITH"},{"data":"Apotheosis","floor":47.0,"key":"SMITH"},{"data":"Capacitor","floor":49,"key":"SMITH"}],"neow_cost":"NONE","seed_source_timestamp":544988369016193,"circlet_count":0,"master_deck":["Strike_B","Strike_B","Defend_B","Defend_B","Defend_B","Defend_B","Zap+1","Dualcast+1","Auto Shields+1","Glacier+1","Conserve Battery","BootSequence+1","Blizzard+1","Coolheaded+1","Defragment+1","Electrodynamics+1","Capacitor+1","Chill","Compile Driver+1","Cold Snap+1","Apotheosis+1","Capacitor+1","Darkness"],"special_seed":0,"relics":["FrozenCore","Lantern","Ancient Tea Set","Regal Pillow","Symbiotic Virus","Runic Capacitor","Meat on the Bone","The Courier","Sozu","Bag of Marbles"],"potions_floor_usage":[50,50],"damage_taken":[{"damage":0.0,"enemies":"Cultist","floor":1.0,"turns":3.0},{"damage":0.0,"enemies":"2 Louse","floor":2.0,"turns":3.0},{"damage":6.0,"enemies":"Jaw Worm","floor":3.0,"turns":5.0},{"damage":3.0,"enemies":"Exordium Thugs","floor":4.0,"turns":7.0},{"damage":0.0,"enemies":"Blue Slaver","floor":5.0,"turns":5.0},{"damage":46.0,"enemies":"Gremlin Nob","floor":7.0,"turns":6.0},{"damage":3.0,"enemies":"Lagavulin","floor":10.0,"turns":9.0},{"damage":0.0,"enemies":"2 Fungi Beasts","floor":12.0,"turns":3.0},{"damage":0.0,"enemies":"Exordium Thugs","floor":13.0,"turns":6.0},{"damage":3.0,"enemies":"Slime Boss","floor":16.0,"turns":7.0},{"damage":0.0,"enemies":"Spheric Guardian","floor":18.0,"turns":6.0},{"damage":0.0,"enemies":"Shell Parasite","floor":20.0,"turns":7.0},{"damage":3.0,"enemies":"Sentry and Sphere","floor":24.0,"turns":5.0},{"damage":4.0,"enemies":"Snake Plant","floor":25.0,"turns":6.0},{"damage":1.0,"enemies":"Champ","floor":33.0,"turns":15.0},{"damage":0.0,"enemies":"3 Shapes","floor":35.0,"turns":3.0},{"damage":0.0,"enemies":"Orb Walker","floor":36.0,"turns":3.0},{"damage":6.0,"enemies":"Writhing Mass","floor":38.0,"turns":7.0},{"damage":6.0,"enemies":"Spire Growth","floor":39.0,"turns":6.0},{"damage":0.0,"enemies":"Reptomancer","floor":42.0,"turns":2.0},{"damage":0.0,"enemies":"Maw","floor":46.0,"turns":10.0},{"damage":14,"enemies":"Donu and Deca","floor":50,"turns":12}],"seed_played":"-7022511545090194687","potions_obtained":[{"floor":1.0,"key":"SmokeBomb"},{"floor":3.0,"key":"PowerPotion"},{"floor":7.0,"key":"SkillPotion"},{"floor":13.0,"key":"Swift Potion"},{"floor":18.0,"key":"EssenceOfSteel"},{"floor":33.0,"key":"Fire Potion"}],"is_trial":false,"path_per_floor":["M","M","M","M","M","R","E","R","T","E","?","M","M","$","R","B",null,"M","?","M","$","T","R","M","M","T","$","R","?","R","?","R","B",null,"M","M","?","M","M","R","$","E","T","$","$","M","R","?","R","B",null],"character_chosen":"DEFECT","items_purchased":["Defragment","Runic Capacitor","Capacitor","Chill","Apotheosis","Capacitor"],"campfire_rested":0,"item_purchase_floors":[14,14,21,21,41,45],"current_hp_per_floor":[82,82,76,73,73,73,27,27,27,24,24,24,24,24,24,21,82,82,74,74,74,74,74,71,67,67,67,67,67,67,67,67,66,82,82,82,82,76,70,70,70,70,70,70,70,70,70,70,70,56],"gold":59,"neow_bonus":"TEN_PERCENT_HP_BONUS","is_prod":false,"is_daily":false,"chose_seed":false,"campfire_upgraded":10,"win_rate":0,"timestamp":1550518686,"path_taken":["M","?","M","M","M","R","E","R","T","E","?","M","M","$","R","BOSS","M","?","M","$","?","R","M","M","T","$","R","?","R","?","R","BOSS","M","M","?","?","M","R","$","E","T","?","$","M","R","?","R","BOSS"],"build_version":"2019-01-23","purchased_purges":1,"victory":true,"max_hp_per_floor":[82,82,82,82,82,82,82,82,82,82,82,82,82,82,82,82,82,82,82,82,82,82,82,82,82,82,82,82,82,82,82,82,82,82,82,82,82,82,82,82,82,82,82,82,82,82,82,82,82,82],"card_choices":[{"not_picked":["Capacitor","Sweeping Beam"],"picked":"Auto Shields","floor":1.0},{"not_picked":["Streamline","Undo"],"picked":"Glacier","floor":2.0},{"not_picked":["Stack","Hologram"],"picked":"Conserve Battery","floor":3.0},{"not_picked":["Melter","Reinforced Body","Hologram"],"picked":"SKIP","floor":4.0},{"not_picked":["Loop","Chaos","Steam Power"],"picked":"SKIP","floor":5.0},{"not_picked":["Go for the Eyes","Tempest","Beam Cell"],"picked":"SKIP","floor":7.0},{"not_picked":["Gash","Go for the Eyes"],"picked":"BootSequence","floor":10.0},{"not_picked":["Multi-Cast","Chaos"],"picked":"Blizzard","floor":12.0},{"not_picked":["Storm","Barrage"],"picked":"Coolheaded","floor":13.0},{"not_picked":["Multi-Cast","Core Surge"],"picked":"Electrodynamics","floor":16.0},{"not_picked":["Beam Cell","Storm","Hello World"],"picked":"SKIP","floor":18.0},{"not_picked":["BootSequence","Turbo","Consume"],"picked":"SKIP","floor":20.0},{"not_picked":["Beam Cell","Lockon"],"picked":"Compile Driver+1","floor":24.0},{"not_picked":["Redo+1","Lockon","Sweeping Beam"],"picked":"SKIP","floor":25.0},{"not_picked":["Coolheaded+1","Redo+1"],"picked":"Cold Snap+1","floor":35.0},{"not_picked":["Leap+1","Reprogram","Redo"],"picked":"SKIP","floor":36.0},{"not_picked":["Barrage","Leap","Compile Driver"],"picked":"SKIP","floor":38.0},{"not_picked":["Rebound","Scrape+1","Barrage"],"picked":"SKIP","floor":39.0},{"not_picked":["Steam+1","Static Discharge+1","Fission"],"picked":"SKIP","floor":46.0},{"not_picked":["Steam+1","Static Discharge+1","Fission"],"picked":"SKIP","floor":46.0}],"player_experience":1051842,"relics_obtained":[{"floor":7.0,"key":"Lantern"},{"floor":9.0,"key":"Ancient Tea Set"},{"floor":10.0,"key":"Regal Pillow"},{"floor":22.0,"key":"Meat on the Bone"},{"floor":26.0,"key":"The Courier"},{"floor":43.0,"key":"Bag of Marbles"}],"event_choices":[{"damage_healed":0.0,"max_hp_gain":0.0,"max_hp_loss":0.0,"gold_gain":0.0,"event_name":"Dead Adventurer","player_choice":"Searched \u00272\u0027 times","floor":11.0,"gold_loss":0.0,"damage_taken":0.0,"relics_obtained":["Symbiotic Virus"]},{"damage_healed":0.0,"max_hp_gain":0.0,"max_hp_loss":0.0,"gold_gain":0.0,"event_name":"Knowing Skull","player_choice":"","floor":19.0,"potions_obtained":[],"gold_loss":0.0,"damage_taken":8.0,"cards_obtained":[]},{"damage_healed":0.0,"max_hp_gain":0.0,"max_hp_loss":0.0,"gold_gain":100.0,"event_name":"Golden Shrine","player_choice":"Pray","floor":31.0,"gold_loss":0.0,"damage_taken":0.0},{"damage_healed":0.0,"max_hp_gain":0.0,"max_hp_loss":0.0,"gold_gain":0.0,"event_name":"Designer","player_choice":"Upgraded Two","floor":37.0,"gold_loss":40.0,"damage_taken":0.0,"cards_upgraded":["Auto Shields","BootSequence"]},{"damage_healed":0,"gold_gain":0,"cards_transformed":["Strike_B"],"player_choice":"Transformed","damage_taken":0,"max_hp_gain":0,"max_hp_loss":0,"event_name":"Transmorgrifier","floor":48,"gold_loss":0,"cards_obtained":["Darkness"]}],"is_beta":false,"boss_relics":[{"not_picked":["Runic Dome","Busted Crown"],"picked":"FrozenCore"},{"not_picked":["Nuclear Battery","Pandora\u0027s Box"],"picked":"Sozu"}],"items_purged_floors":[41],"is_endless":false,"potions_floor_spawned":[1,3,7,13,18,33,42,46],"ascension_level":0}