{"gold_per_floor":[112,44,44,44,56,56,76,110,110,110,126,126,126,143,143,245,245,258,28,40,139,102,114,146,163,163,163,63,63,63,63,63,161,161,171,171,171,124,124,124,154,174,174,174,174,174,174,49,49,49],"floor_reached":51,"playtime":1271,"items_purged":["Defend_B","Pain","Shame"],"score":837,"play_id":"74e5d45a-345b-4bc6-812d-0add48c90138","local_time":"20190526002137","is_ascension_mode":false,"campfire_choices":[{"data":"Zap","floor":6.0,"key":"SMITH"},{"data":"Defragment","floor":10.0,"key":"SMITH"},{"data":"Coolheaded","floor":13.0,"key":"SMITH"},{"data":"Strike_B","floor":15.0,"key":"SMITH"},{"data":"Creative AI","floor":29.0,"key":"SMITH"},{"floor":32.0,"key":"REST"},{"data":"Go for the Eyes","floor":40.0,"key":"SMITH"},{"data":"Buffer","floor":45.0,"key":"SMITH"},{"floor":49,"key":"REST"}],"neow_cost":"NONE","seed_source_timestamp":0,"circlet_count":0,"master_deck":["Strike_B+1","Strike_B+1","Defend_B+1","Defend_B+1","Defend_B+1","Zap+1","Dualcast+1","Defragment+1","Coolheaded+1","Chill+1","Creative AI+1","Compile Driver+1","Melter+1","Capacitor+1","Ball Lightning+1","Buffer+1","Skim+1","Go for the Eyes+1","White Noise+1"],"special_seed":0,"relics":["Cracked Core","Blue Candle","Nunchaku","Cursed Key","DataDisk","Shuriken","Bag of Preparation","Sozu","Mango","Lantern","Mark of the Bloom"],"potions_floor_usage":[50],"damage_taken":[{"damage":0.0,"enemies":"2 Louse","floor":1.0,"turns":2.0},{"damage":1.0,"enemies":"Cultist","floor":5.0,"turns":3.0},{"damage":0.0,"enemies":"Jaw Worm","floor":7.0,"turns":3.0},{"damage":22.0,"enemies":"Gremlin Nob","floor":8.0,"turns":4.0},{"damage":9.0,"enemies":"Blue Slaver","floor":11.0,"turns":3.0},{"damage":0.0,"enemies":"3 Louse","floor":14.0,"turns":3.0},{"damage":10.0,"enemies":"The Guardian","floor":16.0,"turns":11.0},{"damage":10.0,"enemies":"3 Byrds","floor":18.0,"turns":6.0},{"damage":2.0,"enemies":"Chosen","floor":20.0,"turns":5.0},{"damage":0.0,"enemies":"Centurion and Healer","floor":23.0,"turns":7.0},{"damage":27.0,"enemies":"Gremlin Leader","floor":24.0,"turns":6.0},{"damage":4.0,"enemies":"Sentry and Sphere","floor":25.0,"turns":3.0},{"damage":14.0,"enemies":"Collector","floor":33.0,"turns":9.0},{"damage":0.0,"enemies":"Orb Walker","floor":35.0,"turns":3.0},{"damage":6.0,"enemies":"Nemesis","floor":41.0,"turns":8.0},{"damage":0.0,"enemies":"3 Shapes","floor":42.0,"turns":3.0},{"damage":38,"enemies":"Time Eater","floor":50,"turns":12}],"seed_played":"-7302390204830563958","potions_obtained":[{"floor":5.0,"key":"AttackPotion"},{"floor":11.0,"key":"SpeedPotion"},{"floor":14.0,"key":"Block Potion"},{"floor":25.0,"key":"Poison Potion"},{"floor":33.0,"key":"SkillPotion"}],"is_trial":false,"path_per_floor":["M","$","?","$","M","R","M","E","T","R","M","T","R","M","R","B",null,"M","$","M","?","$","M","E","M","T","?","$","R","?","?","R","B",null,"M","?","?","$","?","R","E","M","T","?","R","?","T","$","R","B",null],"character_chosen":"DEFECT","items_purchased":["Defragment","DataDisk","Capacitor","Go for the Eyes"],"campfire_rested":2,"item_purchase_floors":[2,19,22,38],"current_hp_per_floor":[82,82,82,82,81,81,81,59,59,59,50,50,50,50,50,40,82,72,72,70,70,70,70,43,39,39,39,39,39,39,39,63,49,82,82,78,78,78,78,78,86,86,86,86,86,86,86,86,86,48],"gold":49,"neow_bonus":"TEN_PERCENT_HP_BONUS","is_prod":false,"is_daily":false,"chose_seed":false,"campfire_upgraded":7,"win_rate":0,"timestamp":1558826497,"path_taken":["M","$","?","$","?","R","M","E","T","R","?","?","R","?","R","BOSS","M","$","?","?","$","M","E","M","T","?","$","R","?","?","R","BOSS","M","?","?","$","?","R","E","M","T","?","R","?","?","$","R","BOSS"],"build_version":"2019-01-23","purchased_purges":3,"victory":true,"max_hp_per_floor":[82,82,82,82,82,82,82,82,82,82,82,82,82,82,82,82,82,82,82,82,82,82,82,82,82,82,82,82,82,82,82,82,82,82,82,78,78,78,78,78,92,92,92,92,92,92,92,92,92,92],"card_choices":[{"not_picked":["Cold Snap","Sweeping Beam","Double Energy"],"picked":"SKIP","floor":1.0},{"not_picked":["Barrage","Static Discharge","Stack"],"picked":"SKIP","floor":5.0},{"not_picked":["Gash","Leap","Hologram"],"picked":"SKIP","floor":7.0},{"not_picked":["Reprogram","Tempest","Hello World"],"picked":"SKIP","floor":8.0},{"not_picked":["Compile Driver","Redo"],"picked":"Coolheaded","floor":11.0},{"not_picked":["Self Repair","Turbo"],"picked":"Chill","floor":14.0},{"not_picked":["Biased Cognition","Meteor Strike"],"picked":"Creative AI","floor":16.0},{"not_picked":["Consume","Tempest"],"picked":"Compile Driver+1","floor":18.0},{"not_picked":["Turbo","Undo"],"picked":"Melter","floor":20.0},{"not_picked":["Coolheaded","Redo"],"picked":"Ball Lightning+1","floor":23.0},{"not_picked":["Turbo","Streamline","Thunder Strike"],"picked":"SKIP","floor":24.0},{"not_picked":["Hologram+1","Scrape","Sweeping Beam+1"],"picked":"SKIP","floor":25.0},{"not_picked":["Storm+1","Redo","Leap"],"picked":"SKIP","floor":35.0},{"not_picked":["Fusion","Melter+1","Beam Cell"],"picked":"SKIP","floor":41.0},{"not_picked":["Cold Snap","Leap+1"],"picked":"White Noise+1","floor":42.0}],"player_experience":1256596,"relics_obtained":[{"floor":9.0,"key":"Blue Candle"},{"floor":12.0,"key":"Nunchaku"},{"floor":24.0,"key":"Shuriken"},{"floor":26.0,"key":"Bag of Preparation"},{"floor":41.0,"key":"Mango"},{"floor":43.0,"key":"Lantern"}],"event_choices":[{"damage_healed":0.0,"max_hp_gain":0.0,"max_hp_loss":0.0,"gold_gain":0.0,"event_name":"Upgrade Shrine","player_choice":"Upgraded","floor":3.0,"gold_loss":0.0,"damage_taken":0.0,"cards_upgraded":["Dualcast"]},{"damage_healed":0.0,"max_hp_gain":0.0,"max_hp_loss":0.0,"gold_gain":99.0,"event_name":"Nest","player_choice":"Stole From Cult","floor":21.0,"gold_loss":0.0,"damage_taken":0.0},{"damage_healed":0.0,"max_hp_gain":0.0,"max_hp_loss":0.0,"gold_gain":0.0,"event_name":"Back to Basics","player_choice":"Simplicity","floor":27.0,"gold_loss":0.0,"damage_taken":0.0,"cards_upgraded":["Strike_B","Strike_B","Strike_B","Defend_B","Defend_B","Defend_B"]},{"damage_healed":0.0,"max_hp_gain":0.0,"max_hp_loss":0.0,"gold_gain":0.0,"event_name":"Cursed Tome","player_choice":"Ignored","floor":30.0,"gold_loss":0.0,"damage_taken":0.0},{"damage_healed":0.0,"max_hp_gain":0.0,"max_hp_loss":0.0,"gold_gain":0.0,"cards_transformed":["Strike_B","Strike_B"],"event_name":"Drug Dealer","player_choice":"Became Test Subject","floor":31.0,"gold_loss":0.0,"damage_taken":0.0,"cards_obtained":["Buffer","Skim"]},{"damage_healed":0.0,"max_hp_gain":0.0,"max_hp_loss":4.0,"gold_gain":0.0,"event_name":"Winding Halls","player_choice":"Max HP","floor":36.0,"gold_loss":0.0,"damage_taken":0.0},{"damage_healed":0.0,"max_hp_gain":0.0,"max_hp_loss":0.0,"gold_gain":0.0,"event_name":"Tomb of Lord Red Mask","player_choice":"Ignored","floor":37.0,"gold_loss":0.0,"damage_taken":0.0},{"damage_healed":0.0,"max_hp_gain":0.0,"max_hp_loss":0.0,"gold_gain":0.0,"event_name":"Mysterious Sphere","player_choice":"Ignored","floor":39.0,"gold_loss":0.0,"damage_taken":0.0},{"damage_healed":0.0,"max_hp_gain":0.0,"max_hp_loss":0.0,"gold_gain":0.0,"event_name":"SensoryStone","player_choice":"Memory 1","floor":44.0,"gold_loss":0.0,"damage_taken":0.0},{"damage_healed":0.0,"max_hp_gain":0.0,"max_hp_loss":0.0,"gold_gain":0.0,"event_name":"MindBloom","player_choice":"Upgrade","floor":46.0,"gold_loss":0.0,"damage_taken":0.0,"cards_upgraded":["Chill","Melter","Capacitor","Skim"],"relics_obtained":["Mark of the Bloom"]}],"is_beta":false,"boss_relics":[{"not_picked":["Fusion Hammer","Ectoplasm"],"picked":"Cursed Key"},{"not_picked":["Busted Crown","Runic Pyramid"],"picked":"Sozu"}],"items_purged_floors":[19,28,48],"is_endless":false,"potions_floor_spawned":[5,11,14,20,25,33],"ascension_level":0}