{"gold_per_floor":[111,129,140,140,90,90,121,121,121,136,136,170,345,363,363,363],"floor_reached":16,"playtime":1901,"items_purged":[],"score":121,"play_id":"9047c5e6-964e-4ac1-95e2-baaae77d7cc2","local_time":"20190510211700","is_ascension_mode":true,"campfire_choices":[{"data":"Cloak And Dagger","floor":6,"key":"SMITH"},{"floor":11,"key":"REST"},{"data":"Well Laid Plans","floor":15,"key":"SMITH"}],"neow_cost":"NONE","seed_source_timestamp":96616746535700,"circlet_count":0,"master_deck":["Defend_G","Defend_G","Defend_G","Defend_G","Strike_G","Strike_G","Strike_G","Strike_G","Survivor","Neutralize","Dagger Spray","Poisoned Stab","Dagger Throw","Cloak And Dagger+1","Flying Knee","Injury","PiercingWail","Well Laid Plans+1","Doubt","Underhanded Strike"],"relics":["Ring of the Snake","Dead Branch","Golden Idol","Ginger","Mummified Hand"],"potions_floor_usage":[7,12],"damage_taken":[{"damage":4,"enemies":"2 Louse","floor":1,"turns":3},{"damage":1,"enemies":"Small Slimes","floor":2,"turns":3},{"damage":5,"enemies":"Jaw Worm","floor":3,"turns":3},{"damage":24,"enemies":"Gremlin Nob","floor":7,"turns":4},{"damage":0,"enemies":"Large Slime","floor":10,"turns":4},{"damage":10,"enemies":"Lagavulin","floor":12,"turns":6},{"damage":0,"enemies":"Exordium Wildlife","floor":14,"turns":4},{"damage":44,"enemies":"Slime Boss","floor":16,"turns":9}],"seed_played":"7598630391997162646","potions_obtained":[{"floor":1,"key":"PowerPotion"},{"floor":10,"key":"Block Potion"}],"is_trial":false,"path_per_floor":["M","M","M","?","?","R","E","?","T","M","R","E","?","M","R","B"],"character_chosen":"THE_SILENT","items_purchased":[],"campfire_rested":1,"item_purchase_floors":[],"current_hp_per_floor":[66,65,60,53,53,53,29,29,29,29,50,40,40,40,40,0],"gold":363,"neow_bonus":"THREE_CARDS","is_prod":false,"is_daily":false,"chose_seed":false,"campfire_upgraded":2,"win_rate":0,"timestamp":1557541020,"path_taken":["M","M","M","?","?","R","E","?","T","?","R","E","?","M","R","BOSS"],"build_version":"2019-01-23","purchased_purges":0,"victory":false,"max_hp_per_floor":[70,70,70,70,70,70,70,70,70,70,70,70,70,70,70,70],"card_choices":[{"not_picked":["Bane","Dagger Throw"],"picked":"Dagger Spray","floor":0},{"not_picked":["Dash","Terror"],"picked":"Poisoned Stab","floor":1},{"not_picked":["Backflip","Acrobatics"],"picked":"Dagger Throw","floor":2},{"not_picked":["Unload","Masterful Stab"],"picked":"Cloak And Dagger","floor":3},{"not_picked":["Expertise","Slice"],"picked":"Flying Knee","floor":7},{"not_picked":["Flying Knee","All Out Attack"],"picked":"PiercingWail","floor":10},{"not_picked":["Deadly Poison","Slice"],"picked":"Well Laid Plans","floor":12},{"not_picked":["Acrobatics","Backflip"],"picked":"Underhanded Strike","floor":14}],"player_experience":87176,"relics_obtained":[{"floor":7,"key":"Dead Branch"},{"floor":9,"key":"Ginger"},{"floor":12,"key":"Mummified Hand"}],"event_choices":[{"cards_removed":["Defend_G"],"damage_healed":0,"gold_gain":0,"player_choice":"Card Removal","damage_taken":7,"max_hp_gain":0,"max_hp_loss":0,"event_name":"Golden Wing","floor":4,"gold_loss":0},{"cards_removed":["Strike_G"],"damage_healed":0,"gold_gain":0,"player_choice":"Card Removal","damage_taken":0,"max_hp_gain":0,"max_hp_loss":0,"event_name":"The Cleric","floor":5,"gold_loss":50},{"damage_healed":0,"gold_gain":0,"player_choice":"Take Wound","damage_taken":0,"relics_obtained":["Golden Idol"],"max_hp_gain":0,"max_hp_loss":0,"event_name":"Golden Idol","floor":8,"gold_loss":0,"cards_obtained":["Injury"]},{"damage_healed":0,"gold_gain":175,"player_choice":"AGREE","damage_taken":0,"max_hp_gain":0,"max_hp_loss":0,"event_name":"Liars Game","floor":13,"gold_loss":0,"cards_obtained":["Doubt"]}],"is_beta":false,"boss_relics":[],"items_purged_floors":[],"is_endless":false,"potions_floor_spawned":[1,10],"killed_by":"Slime Boss","ascension_level":2}