{"gold_per_floor":[215,233,243,142,142,142,152,166,166,180,180,130,130,148,148,244,244,254,434,447,228,246,246,246,43,92,106,118,118,134,164,164,260,260,272,272,272,79,94,94,111,111,111,121,121,139,139,239,239,239],"floor_reached":51,"playtime":1885,"items_purged":["Strike_B"],"score":661,"play_id":"942b0c82-6ef3-4136-bd18-8029d3f9f050","local_time":"20190204224332","is_ascension_mode":false,"campfire_choices":[{"data":"Defragment","floor":6.0,"key":"SMITH"},{"data":"Dualcast","floor":11.0,"key":"SMITH"},{"data":"Zap","floor":15.0,"key":"SMITH"},{"data":"Rainbow","floor":23.0,"key":"SMITH"},{"data":"Coolheaded","floor":24.0,"key":"SMITH"},{"data":"Conserve Battery","floor":29.0,"key":"SMITH"},{"data":"Glacier","floor":32.0,"key":"SMITH"},{"data":"Seek","floor":40.0,"key":"SMITH"},{"data":"Auto Shields","floor":42.0,"key":"SMITH"},{"data":"Defend_B","floor":45.0,"key":"SMITH"},{"data":"Chill","floor":47.0,"key":"SMITH"},{"floor":49.0,"key":"REST"}],"neow_cost":"NONE","seed_source_timestamp":0,"circlet_count":0,"master_deck":["Strike_B+1","Defend_B+1","Zap+1","Dualcast+1","Auto Shields+1","Defragment+1","Glacier+1","Coolheaded+1","Ball Lightning+1","Rainbow+1","Conserve Battery+1","Defragment+1","Chill+1","White Noise+1","Seek+1","Consume+1","White Noise+1","Barrage+1","Fusion+1"],"special_seed":0,"relics":["Cracked Core","Du-Vu Doll","WingedGreaves","Black Star","Whetstone","DollysMirror","Ancient Tea Set","Prayer Wheel","Strawberry","Astrolabe","ClockworkSouvenir","Smiling Mask","Dead Branch"],"potions_floor_usage":[50,50,50,50,50,50],"damage_taken":[{"damage":2.0,"enemies":"2 Louse","floor":1.0,"turns":2.0},{"damage":0.0,"enemies":"Small Slimes","floor":2.0,"turns":2.0},{"damage":0.0,"enemies":"Jaw Worm","floor":3.0,"turns":3.0},{"damage":7.0,"enemies":"Gremlin Gang","floor":7.0,"turns":6.0},{"damage":0.0,"enemies":"Blue Slaver","floor":8.0,"turns":4.0},{"damage":2.0,"enemies":"3 Louse","floor":10.0,"turns":4.0},{"damage":2.0,"enemies":"Exordium Thugs","floor":14.0,"turns":3.0},{"damage":37.0,"enemies":"Slime Boss","floor":16.0,"turns":14.0},{"damage":0.0,"enemies":"Chosen","floor":18.0,"turns":5.0},{"damage":0.0,"enemies":"Shell Parasite","floor":20.0,"turns":6.0},{"damage":12.0,"enemies":"3 Cultists","floor":22.0,"turns":7.0},{"damage":0.0,"enemies":"Centurion and Healer","floor":27.0,"turns":8.0},{"damage":3.0,"enemies":"Snake Plant","floor":28.0,"turns":4.0},{"damage":0.0,"enemies":"Sentry and Sphere","floor":30.0,"turns":5.0},{"damage":9.0,"enemies":"Gremlin Leader","floor":31.0,"turns":7.0},{"damage":33.0,"enemies":"Collector","floor":33.0,"turns":13.0},{"damage":0.0,"enemies":"3 Shapes","floor":35.0,"turns":7.0},{"damage":0.0,"enemies":"Orb Walker","floor":39.0,"turns":3.0},{"damage":3.0,"enemies":"Writhing Mass","floor":41.0,"turns":5.0},{"damage":0.0,"enemies":"Spire Growth","floor":44.0,"turns":5.0},{"damage":0.0,"enemies":"3 Darklings","floor":46.0,"turns":5.0},{"damage":0.0,"enemies":"Mind Bloom Boss Battle","floor":48.0,"turns":4.0},{"damage":15,"enemies":"Awakened One","floor":50,"turns":17}],"seed_played":"-8797947766564649873","potions_obtained":[{"floor":2.0,"key":"EntropicBrew"},{"floor":8.0,"key":"LiquidBronze"},{"floor":10.0,"key":"Block Potion"},{"floor":14.0,"key":"SkillPotion"},{"floor":22.0,"key":"AttackPotion"},{"floor":33.0,"key":"EssenceOfSteel"},{"floor":46.0,"key":"Dexterity Potion"}],"is_trial":false,"path_per_floor":["M","M","M","$","?","R","M","M","T","M","R","?","?","M","R","B",null,"M","?","M","$","M","R","R","$","T","M","M","R","M","E","R","B",null,"M","?","?","$","M","R","M","R","T","M","R","M","R","?","R","B",null],"character_chosen":"DEFECT","items_purchased":["Glacier","Coolheaded","Whetstone","DollysMirror","ClockworkSouvenir"],"campfire_rested":1,"item_purchase_floors":[4,4,21,25,38],"current_hp_per_floor":[73,73,73,73,66,66,59,59,59,57,57,57,54,52,52,15,75,75,54,54,54,42,42,42,42,42,42,39,39,39,37,37,4,82,82,82,82,82,82,82,79,79,79,79,79,79,79,79,82,67],"gold":239,"neow_bonus":"HUNDRED_GOLD","is_prod":false,"is_daily":false,"chose_seed":false,"campfire_upgraded":11,"win_rate":0,"timestamp":1549320212,"path_taken":["M","M","M","$","?","R","M","M","T","M","R","?","?","M","R","BOSS","M","?","M","$","?","R","R","$","T","M","M","R","M","E","R","BOSS","M","?","?","$","M","R","M","R","T","M","R","?","R","?","R","BOSS"],"build_version":"2019-01-23","purchased_purges":1,"victory":true,"max_hp_per_floor":[75,75,75,75,75,75,75,75,75,75,75,75,75,75,75,75,75,75,75,75,75,75,75,75,75,75,75,75,75,75,82,82,82,82,82,82,82,82,82,82,82,82,82,82,82,82,82,82,82,82],"card_choices":[{"not_picked":["Barrage","Steam","Sweeping Beam"],"picked":"SKIP","floor":1.0},{"not_picked":["Blizzard","Redo"],"picked":"Auto Shields","floor":2.0},{"not_picked":["Hologram","Darkness"],"picked":"Defragment","floor":3.0},{"not_picked":["Turbo","Blizzard"],"picked":"Ball Lightning","floor":7.0},{"not_picked":["Cold Snap","Ball Lightning","Thunder Strike"],"picked":"SKIP","floor":8.0},{"not_picked":["Beam Cell","Stack","Streamline"],"picked":"SKIP","floor":10.0},{"not_picked":["Beam Cell","Force Field","Steam"],"picked":"SKIP","floor":14.0},{"not_picked":["Amplify","Reboot"],"picked":"Rainbow","floor":16.0},{"not_picked":["Ball Lightning","Streamline+1"],"picked":"Conserve Battery","floor":18.0},{"not_picked":["Compile Driver+1","Barrage+1","Double Energy+1"],"picked":"SKIP","floor":20.0},{"not_picked":["Hello World","Melter","Stack"],"picked":"SKIP","floor":22.0},{"not_picked":["Rebound","Barrage+1"],"picked":"Chill","floor":27.0},{"not_picked":["Heatsinks+1","Rebound+1","Leap"],"picked":"SKIP","floor":28.0},{"not_picked":["FTL","Ball Lightning"],"picked":"White Noise+1","floor":30.0},{"not_picked":["Rainbow","Leap","Redo"],"picked":"SKIP","floor":31.0},{"not_picked":["All For One","Meteor Strike"],"picked":"Seek","floor":33.0},{"not_picked":["Streamline","Steam+1"],"picked":"Fusion+1","floor":35.0},{"not_picked":["Rebound","Steam","Barrage+1"],"picked":"SKIP","floor":35.0},{"not_picked":["White Noise","Scrape+1","Beam Cell"],"picked":"SKIP","floor":39.0},{"not_picked":["Steam Power","Loop","Stack"],"picked":"SKIP","floor":39.0},{"not_picked":["Scrape+1","Stack+1","Hologram"],"picked":"SKIP","floor":41.0},{"not_picked":["Gash","Loop","Cold Snap"],"picked":"SKIP","floor":41.0},{"not_picked":["Hologram","Hello World+1","Sweeping Beam+1"],"picked":"SKIP","floor":44.0},{"not_picked":["Leap","Barrage+1","Biased Cognition"],"picked":"SKIP","floor":44.0},{"not_picked":["Hello World+1","Leap","Compile Driver+1"],"picked":"SKIP","floor":46.0},{"not_picked":["Compile Driver","Steam+1","Consume+1"],"picked":"SKIP","floor":46.0}],"player_experience":1016168,"relics_obtained":[{"floor":9.0,"key":"Du-Vu Doll"},{"floor":26.0,"key":"Ancient Tea Set"},{"floor":31.0,"key":"Prayer Wheel"},{"floor":31.0,"key":"Strawberry"},{"floor":43.0,"key":"Smiling Mask"},{"floor":48.0,"key":"Dead Branch"}],"event_choices":[{"cards_removed":["Strike_B"],"damage_healed":0.0,"max_hp_gain":0.0,"max_hp_loss":0.0,"gold_gain":0.0,"event_name":"Golden Wing","player_choice":"Card Removal","floor":5.0,"gold_loss":0.0,"damage_taken":7.0},{"cards_removed":["Defend_B"],"damage_healed":0.0,"max_hp_gain":0.0,"max_hp_loss":0.0,"gold_gain":0.0,"event_name":"The Cleric","player_choice":"Card Removal","floor":12.0,"gold_loss":50.0,"damage_taken":0.0},{"damage_healed":0.0,"max_hp_gain":0.0,"max_hp_loss":0.0,"gold_gain":0.0,"event_name":"Scrap Ooze","player_choice":"Success","floor":13.0,"gold_loss":0.0,"damage_taken":3.0,"relics_obtained":["WingedGreaves"]},{"damage_healed":0.0,"max_hp_gain":0.0,"max_hp_loss":0.0,"gold_gain":180.0,"event_name":"Knowing Skull","player_choice":"GOLD GOLD ","floor":19.0,"potions_obtained":[],"gold_loss":0.0,"damage_taken":21.0,"cards_obtained":[]},{"damage_healed":0.0,"max_hp_gain":0.0,"max_hp_loss":0.0,"gold_gain":0.0,"event_name":"SensoryStone","player_choice":"Memory 1","floor":36.0,"gold_loss":0.0,"damage_taken":0.0},{"damage_healed":0.0,"max_hp_gain":0.0,"max_hp_loss":0.0,"gold_gain":0.0,"event_name":"Mysterious Sphere","player_choice":"Ignored","floor":37.0,"gold_loss":0.0,"damage_taken":0.0},{"damage_healed":0.0,"max_hp_gain":0.0,"max_hp_loss":0.0,"gold_gain":0.0,"event_name":"MindBloom","player_choice":"Fight","floor":48.0,"gold_loss":0.0,"damage_taken":0.0}],"is_beta":false,"boss_relics":[{"not_picked":["Snecko Eye","Calling Bell"],"picked":"Black Star"},{"not_picked":["Velvet Choker","Coffee Dripper"],"picked":"Astrolabe"}],"items_purged_floors":[21],"is_endless":false,"potions_floor_spawned":[2,8,10,14,16,18,22,33,35,46],"ascension_level":0}