{"gold_per_floor":[210,221,54,54,54,54,54,54,54,88,88,107,107,126,126,230,230,241,241,241,252,252,280,280,280,350,350,350],"floor_reached":28,"playtime":577,"items_purged":[],"score":257,"play_id":"9e4a23b9-b5c4-4985-a483-f66fee1da22b","local_time":"20190513205159","is_ascension_mode":false,"campfire_choices":[{"data":"Apotheosis","floor":6,"key":"SMITH"},{"data":"Coolheaded","floor":8,"key":"SMITH"},{"data":"Strike_B","floor":11,"key":"PURGE"},{"data":"Strike_B","floor":15,"key":"PURGE"},{"data":"Defend_B","floor":25,"key":"PURGE"},{"data":"Defend_B+1","floor":27,"key":"PURGE"}],"neow_cost":"NONE","seed_source_timestamp":1984003899633578,"circlet_count":0,"master_deck":["Strike_B","Strike_B","Defend_B+1","Zap","Dualcast","Coolheaded+1","Ball Lightning","Apotheosis+1","Rainbow","Capacitor","BootSequence","Force Field+1"],"special_seed":0,"relics":["Cracked Core","Pocketwatch","Peace Pipe","Incense Burner","Sozu","Toxic Egg 2","Meat on the Bone"],"potions_floor_usage":[],"damage_taken":[{"damage":0,"enemies":"Small Slimes","floor":1,"turns":3},{"damage":1,"enemies":"Jaw Worm","floor":2,"turns":3},{"damage":8,"enemies":"Gremlin Nob","floor":10,"turns":3},{"damage":0,"enemies":"2 Louse","floor":12,"turns":2},{"damage":0,"enemies":"Large Slime","floor":14,"turns":4},{"damage":6,"enemies":"Slime Boss","floor":16,"turns":9},{"damage":0,"enemies":"Spheric Guardian","floor":18,"turns":3},{"damage":2,"enemies":"Shell Parasite","floor":21,"turns":6},{"damage":0,"enemies":"Gremlin Leader","floor":23,"turns":8},{"damage":0,"enemies":"Centurion and Healer","floor":28,"turns":1}],"seed_played":"8152144996666243327","potions_obtained":[{"floor":10,"key":"SteroidPotion"},{"floor":12,"key":"Dexterity Potion"},{"floor":16,"key":"PowerPotion"}],"is_trial":false,"path_per_floor":["M","M","$","?","$","R","?","R","T","E","R","M","T","M","R","B",null,"M","?","$","M","?","E","?","R","T","R","M"],"character_chosen":"DEFECT","items_purchased":["Apotheosis"],"campfire_rested":0,"item_purchase_floors":[3],"current_hp_per_floor":[75,74,74,59,59,59,64,64,64,56,56,56,56,56,56,50,80,80,80,80,78,78,78,78,78,78,78,78],"gold":350,"neow_bonus":"HUNDRED_GOLD","is_prod":false,"is_daily":false,"chose_seed":false,"campfire_upgraded":2,"win_rate":0,"timestamp":1557777119,"path_taken":["M","M","$","?","$","R","?","R","T","E","R","M","?","M","R","BOSS","M","?","$","M","?","E","?","R","T","R","M"],"build_version":"2019-01-23","purchased_purges":0,"victory":false,"max_hp_per_floor":[75,75,75,75,75,75,80,80,80,80,80,80,80,80,80,80,80,80,80,80,80,80,80,80,80,80,80,80],"card_choices":[{"not_picked":["Stack","Steam"],"picked":"Coolheaded","floor":1},{"not_picked":["Cold Snap","Coolheaded"],"picked":"Ball Lightning","floor":2},{"not_picked":["Compile Driver","Gash","Steam"],"picked":"SKIP","floor":10},{"not_picked":["Aggregate","Thunder Strike","Stack"],"picked":"SKIP","floor":12},{"not_picked":["Streamline","Redo","Coolheaded"],"picked":"SKIP","floor":14},{"not_picked":["Reboot","All For One"],"picked":"Rainbow","floor":16},{"not_picked":["Hello World","Turbo"],"picked":"Capacitor","floor":18},{"not_picked":["Beam Cell","Ball Lightning","Gash"],"picked":"SKIP","floor":21},{"not_picked":["Stack","Self Repair","Sweeping Beam"],"picked":"SKIP","floor":23}],"player_experience":1235799,"relics_obtained":[{"floor":9,"key":"Pocketwatch"},{"floor":10,"key":"Peace Pipe"},{"floor":13,"key":"Incense Burner"},{"floor":23,"key":"Toxic Egg 2"},{"floor":26,"key":"Meat on the Bone"}],"event_choices":[{"damage_healed":0,"gold_gain":0,"player_choice":"Entered Light","damage_taken":15,"max_hp_gain":0,"max_hp_loss":0,"event_name":"Shining Light","floor":4,"gold_loss":0,"cards_upgraded":["Defend_B","Defend_B"]},{"damage_healed":0,"gold_gain":0,"player_choice":"Donut","damage_taken":0,"max_hp_gain":5,"max_hp_loss":0,"event_name":"Big Fish","floor":7,"gold_loss":0},{"damage_healed":0,"gold_gain":0,"player_choice":"Read","damage_taken":0,"max_hp_gain":0,"max_hp_loss":0,"event_name":"The Library","floor":19,"gold_loss":0,"cards_obtained":["BootSequence"]},{"damage_healed":0,"gold_gain":0,"player_choice":"Ignored","damage_taken":0,"max_hp_gain":0,"max_hp_loss":0,"event_name":"Vampires","floor":22,"gold_loss":0},{"damage_healed":0,"gold_gain":0,"cards_transformed":["Defend_B"],"player_choice":"Transformed","damage_taken":0,"max_hp_gain":0,"max_hp_loss":0,"event_name":"Transmorgrifier","floor":24,"gold_loss":0,"cards_obtained":["Force Field"]}],"is_beta":false,"boss_relics":[{"not_picked":["FrozenCore","Nuclear Battery"],"picked":"Sozu"}],"items_purged_floors":[],"is_endless":false,"potions_floor_spawned":[10,12,16,21,23],"killed_by":"Centurion and Healer","ascension_level":0}