{"gold_per_floor":[116,116,116,126,47,47,63,63,63,63,63,93,18,36,36,137,137,77,77,77,77,77,77,77,77,77,77,77,77,77,77,77,77,77,77,5,0,0,0,0,0,0,0,0],"floor_reached":44,"playtime":1609,"items_purged":["Defend_B"],"score":448,"play_id":"a4904e5a-1ecd-4be0-83c1-87802860a693","local_time":"20190522202120","is_ascension_mode":false,"campfire_choices":[{"data":"Defragment","floor":6,"key":"SMITH"},{"data":"Zap","floor":8,"key":"SMITH"},{"data":"Conserve Battery","floor":15,"key":"SMITH"},{"data":"Echo Form","floor":23,"key":"SMITH"},{"data":"Glacier","floor":25,"key":"SMITH"},{"floor":29,"key":"REST"},{"floor":32,"key":"REST"},{"data":"Defragment","floor":40,"key":"SMITH"}],"neow_cost":"NONE","seed_source_timestamp":2758749078856065,"circlet_count":0,"master_deck":["Strike_B","Strike_B","Defend_B","Defend_B","Zap+1","Dualcast+1","Defragment+1","Conserve Battery+1","Glacier+1","BootSequence","Echo Form+1","Doom and Gloom+1","Defragment+1","Blizzard+1","Seek","Undo+1","Defragment+1"],"special_seed":0,"relics":["Cracked Core","Bottled Tornado","Ancient Tea Set","Mercury Hourglass","Ectoplasm","DataDisk","Dodecahedron","Molten Egg 2","Empty Cage","Red Mask","Shuriken"],"potions_floor_usage":[18],"damage_taken":[{"damage":0,"enemies":"Small Slimes","floor":1,"turns":4},{"damage":2,"enemies":"2 Louse","floor":4,"turns":3},{"damage":0,"enemies":"Cultist","floor":7,"turns":3},{"damage":15,"enemies":"3 Sentries","floor":12,"turns":10},{"damage":0,"enemies":"Red Slaver","floor":14,"turns":2},{"damage":14,"enemies":"Hexaghost","floor":16,"turns":15},{"damage":15,"enemies":"2 Thieves","floor":18,"turns":4},{"damage":5,"enemies":"3 Byrds","floor":19,"turns":3},{"damage":6,"enemies":"Sentry and Sphere","floor":21,"turns":5},{"damage":0,"enemies":"Centurion and Healer","floor":22,"turns":4},{"damage":4,"enemies":"Slavers","floor":24,"turns":6},{"damage":13,"enemies":"3 Cultists","floor":27,"turns":3},{"damage":17,"enemies":"Gremlin Leader","floor":28,"turns":6},{"damage":0,"enemies":"Cultist and Chosen","floor":30,"turns":6},{"damage":6,"enemies":"Centurion and Healer","floor":31,"turns":6},{"damage":49,"enemies":"Collector","floor":33,"turns":9},{"damage":0,"enemies":"3 Shapes","floor":35,"turns":2},{"damage":1,"enemies":"Orb Walker","floor":41,"turns":4},{"damage":25,"enemies":"Maw","floor":42,"turns":7},{"damage":15,"enemies":"Writhing Mass","floor":44,"turns":5}],"seed_played":"5622427650601981221","potions_obtained":[{"floor":4,"key":"FocusPotion"},{"floor":12,"key":"AttackPotion"},{"floor":14,"key":"Energy Potion"},{"floor":19,"key":"FairyPotion"},{"floor":24,"key":"FocusPotion"}],"is_trial":false,"path_per_floor":["M","?","?","M","$","R","M","R","T","?","?","E","$","M","R","B",null,"M","M","$","M","M","R","E","R","T","M","E","R","M","M","R","B",null,"M","$","?","?","$","R","M","M","T","M"],"character_chosen":"DEFECT","items_purchased":["Glacier","Defragment"],"campfire_rested":2,"item_purchase_floors":[5,36],"current_hp_per_floor":[75,75,68,66,66,66,66,66,66,41,46,31,31,31,31,17,80,65,60,60,54,54,54,50,50,50,37,20,44,44,38,62,13,80,80,80,80,72,72,72,71,46,46,31],"gold":0,"neow_bonus":"THREE_CARDS","is_prod":false,"is_daily":false,"chose_seed":false,"campfire_upgraded":6,"win_rate":0,"timestamp":1558552880,"path_taken":["M","?","?","M","$","R","M","R","T","?","?","E","$","M","R","BOSS","M","M","$","M","M","R","E","R","T","M","E","R","M","M","R","BOSS","M","$","?","?","$","R","M","M","T","M"],"build_version":"2019-01-23","purchased_purges":1,"victory":false,"max_hp_per_floor":[75,75,75,75,75,75,75,75,75,75,80,80,80,80,80,80,80,80,80,80,80,80,80,80,80,80,80,80,80,80,80,80,80,80,80,80,80,80,80,80,80,80,80,80],"card_choices":[{"not_picked":["Turbo","Darkness"],"picked":"Defragment","floor":0.0},{"not_picked":["Rebound","Hologram"],"picked":"Conserve Battery","floor":1},{"not_picked":["Darkness","Leap","Beam Cell"],"picked":"SKIP","floor":4},{"not_picked":["Redo","Coolheaded","Doom and Gloom"],"picked":"SKIP","floor":7},{"not_picked":["White Noise","Chaos"],"picked":"BootSequence","floor":12},{"not_picked":["BootSequence","Hello World","Gash"],"picked":"SKIP","floor":14},{"not_picked":["Biased Cognition","Reboot"],"picked":"Echo Form","floor":16},{"not_picked":["Cold Snap","Sunder+1","Aggregate"],"picked":"SKIP","floor":18},{"not_picked":["Gash","Lockon"],"picked":"Doom and Gloom+1","floor":19},{"not_picked":["Genetic Algorithm+1","Turbo","Sunder"],"picked":"SKIP","floor":21},{"not_picked":["Storm","Turbo","Stack+1"],"picked":"SKIP","floor":22},{"not_picked":["Hologram","All For One","Streamline"],"picked":"SKIP","floor":24},{"not_picked":["Steam Power+1","Auto Shields","BootSequence+1"],"picked":"SKIP","floor":27},{"not_picked":["Compile Driver","Lockon"],"picked":"Defragment+1","floor":28},{"not_picked":["Gash+1","Barrage+1","Recycle"],"picked":"SKIP","floor":30},{"not_picked":["Steam","Hologram"],"picked":"Blizzard+1","floor":31},{"not_picked":["Reboot","Amplify"],"picked":"Seek","floor":33},{"not_picked":["Turbo","Recycle+1"],"picked":"Undo+1","floor":35},{"not_picked":["Compile Driver+1","Rip and Tear+1","Rebound+1"],"picked":"SKIP","floor":41},{"not_picked":["Force Field+1","Conserve Battery+1","Beam Cell+1"],"picked":"SKIP","floor":42}],"player_experience":1250766,"relics_obtained":[{"floor":9,"key":"Bottled Tornado"},{"floor":12,"key":"Mercury Hourglass"},{"floor":24,"key":"DataDisk"},{"floor":26,"key":"Dodecahedron"},{"floor":28,"key":"Molten Egg 2"},{"floor":43,"key":"Shuriken"}],"event_choices":[{"damage_healed":0,"gold_gain":0,"player_choice":"Grow","damage_taken":0,"max_hp_gain":0,"max_hp_loss":0,"event_name":"Living Wall","floor":2,"gold_loss":0,"cards_upgraded":["Dualcast"]},{"cards_removed":["Strike_B"],"damage_healed":0,"gold_gain":0,"player_choice":"Card Removal","damage_taken":7,"max_hp_gain":0,"max_hp_loss":0,"event_name":"Golden Wing","floor":3,"gold_loss":0},{"damage_healed":0,"gold_gain":0,"player_choice":"Success","damage_taken":25,"relics_obtained":["Ancient Tea Set"],"max_hp_gain":0,"max_hp_loss":0,"event_name":"Scrap Ooze","floor":10,"gold_loss":0},{"damage_healed":0,"gold_gain":0,"player_choice":"Donut","damage_taken":0,"max_hp_gain":5,"max_hp_loss":0,"event_name":"Big Fish","floor":11,"gold_loss":0},{"damage_healed":0,"gold_gain":0,"player_choice":"Paid","damage_taken":0,"relics_obtained":["Red Mask"],"max_hp_gain":0,"max_hp_loss":0,"event_name":"Tomb of Lord Red Mask","floor":37,"gold_loss":5},{"damage_healed":0,"gold_gain":0,"player_choice":"Damaged","damage_taken":8,"max_hp_gain":0,"max_hp_loss":0,"event_name":"Wheel of Change","floor":38,"gold_loss":0}],"is_beta":false,"boss_relics":[{"not_picked":["Runic Pyramid","Fusion Hammer"],"picked":"Ectoplasm"},{"not_picked":["Pandora\u0027s Box","White Beast Statue"],"picked":"Empty Cage"}],"items_purged_floors":[13],"is_endless":false,"potions_floor_spawned":[4,12,14,19,21,24,41],"killed_by":"Writhing Mass","ascension_level":0}