{"gold_per_floor":[113,113,113,130,130,130,146,175,201,201,211,211,222,237,237,338,338,348,361,361,375,385,404,404,404,427,453,303,218,218,233,233,233],"floor_reached":33,"playtime":987,"items_purged":["Strike_B"],"score":269,"play_id":"5e6da51b-36fa-4a62-864d-d7081e04dda4","local_time":"20190609220859","is_ascension_mode":false,"campfire_choices":[{"data":"Dualcast","floor":6.0,"key":"SMITH"},{"data":"Zap","floor":10.0,"key":"SMITH"},{"data":"White Noise","floor":12.0,"key":"SMITH"},{"data":"Ball Lightning","floor":15.0,"key":"SMITH"},{"data":"Cold Snap","floor":25,"key":"SMITH"},{"data":"Defragment","floor":30,"key":"SMITH"},{"floor":32,"key":"REST"}],"neow_cost":"NONE","seed_source_timestamp":954121764723691,"circlet_count":0,"master_deck":["Strike_B","Strike_B","Defend_B","Defend_B","Defend_B","Defend_B","Zap+1","Dualcast+1","White Noise+1","Cold Snap+1","Conserve Battery","Ball Lightning+1","Electrodynamics","Conserve Battery+1","Glacier","BootSequence","Defragment+1"],"special_seed":0,"relics":["Cracked Core","Vajra","Ancient Tea Set","Lizard Tail","Art of War","PreservedInsect","Orichalcum"],"potions_floor_usage":[21,27,27],"damage_taken":[{"damage":1.0,"enemies":"Cultist","floor":1.0,"turns":3.0},{"damage":0.0,"enemies":"2 Louse","floor":4.0,"turns":2.0},{"damage":1.0,"enemies":"Jaw Worm","floor":7.0,"turns":4.0},{"damage":29.0,"enemies":"Gremlin Nob","floor":8.0,"turns":4.0},{"damage":7.0,"enemies":"2 Fungi Beasts","floor":11.0,"turns":3.0},{"damage":0.0,"enemies":"3 Louse","floor":13.0,"turns":3.0},{"damage":11.0,"enemies":"Gremlin Gang","floor":14.0,"turns":4.0},{"damage":5.0,"enemies":"Slime Boss","floor":16.0,"turns":9.0},{"damage":9.0,"enemies":"3 Byrds","floor":18.0,"turns":3.0},{"damage":18.0,"enemies":"2 Thieves","floor":19.0,"turns":3.0},{"damage":4,"enemies":"Shelled Parasite and Fungi","floor":21,"turns":5},{"damage":1,"enemies":"Snecko","floor":22,"turns":7},{"damage":13,"enemies":"Chosen and Byrds","floor":23,"turns":6},{"damage":16,"enemies":"Gremlin Leader","floor":27,"turns":8},{"damage":0,"enemies":"Sentry and Sphere","floor":31,"turns":4},{"damage":15,"enemies":"Champ","floor":33,"turns":10}],"seed_played":"8476477049794480942","potions_obtained":[{"floor":7.0,"key":"EssenceOfSteel"},{"floor":8.0,"key":"LiquidBronze"},{"floor":11.0,"key":"Block Potion"},{"floor":13.0,"key":"Fire Potion"},{"floor":21,"key":"SpeedPotion"},{"floor":27,"key":"Ancient Potion"},{"floor":31,"key":"SkillPotion"}],"is_trial":false,"path_per_floor":["M","?","?","M","$","R","M","E","T","R","M","R","M","M","R","B",null,"M","M","?","M","M","M","?","R","T","E","$","?","R","M","R","B"],"character_chosen":"DEFECT","items_purchased":["Defragment"],"campfire_rested":1,"item_purchase_floors":[28],"current_hp_per_floor":[81,81,81,81,81,81,80,51,51,51,44,44,44,33,33,28,82,73,55,55,51,50,37,37,37,37,21,21,21,21,21,45,30],"gold":233,"neow_bonus":"TEN_PERCENT_HP_BONUS","is_prod":false,"is_daily":false,"chose_seed":false,"campfire_upgraded":6,"win_rate":0,"timestamp":1560114539,"path_taken":["M","?","?","M","$","R","?","E","T","R","M","R","M","M","R","BOSS","M","M","?","M","M","M","?","R","T","E","$","?","R","M","R","BOSS"],"build_version":"2019-01-23","purchased_purges":1,"victory":false,"max_hp_per_floor":[82,82,82,82,82,82,82,82,82,82,82,82,82,82,82,82,82,82,82,82,82,82,82,82,82,82,82,82,82,82,82,82,82],"card_choices":[{"not_picked":["Leap","Sweeping Beam","Storm"],"picked":"SKIP","floor":1.0},{"not_picked":["Leap","Skim"],"picked":"Cold Snap","floor":4.0},{"not_picked":["Beam Cell","Hologram","Thunder Strike"],"picked":"SKIP","floor":7.0},{"not_picked":["Cold Snap","FTL","Steam"],"picked":"SKIP","floor":8.0},{"not_picked":["Scrape","Doom and Gloom"],"picked":"Conserve Battery","floor":11.0},{"not_picked":["Leap","Redo"],"picked":"Ball Lightning","floor":13.0},{"not_picked":["Stack","Conserve Battery","Blizzard"],"picked":"SKIP","floor":14.0},{"not_picked":["Hyperbeam","Machine Learning"],"picked":"Electrodynamics","floor":16.0},{"not_picked":["Hologram","Gash+1"],"picked":"Conserve Battery+1","floor":18.0},{"not_picked":["Blizzard","Recycle","Leap"],"picked":"SKIP","floor":19.0},{"not_picked":["Sweeping Beam+1","Rebound","Static Discharge"],"picked":"SKIP","floor":21},{"not_picked":["Conserve Battery","Tempest","Barrage"],"picked":"SKIP","floor":22},{"not_picked":["Storm","Leap"],"picked":"BootSequence","floor":23},{"not_picked":["Turbo","Undo","Heatsinks"],"picked":"SKIP","floor":27},{"not_picked":["Steam","Turbo","Rebound"],"picked":"SKIP","floor":31}],"player_experience":1288432,"relics_obtained":[{"floor":8.0,"key":"Vajra"},{"floor":9.0,"key":"Ancient Tea Set"},{"floor":26,"key":"Art of War"},{"floor":27,"key":"PreservedInsect"}],"event_choices":[{"damage_healed":0.0,"max_hp_gain":0.0,"max_hp_loss":0.0,"gold_gain":0.0,"event_name":"The Cleric","player_choice":"Leave","floor":2.0,"gold_loss":0.0,"damage_taken":0.0},{"damage_healed":0.0,"max_hp_gain":0.0,"max_hp_loss":0.0,"gold_gain":0.0,"cards_transformed":["Strike_B"],"event_name":"Transmorgrifier","player_choice":"Transformed","floor":3.0,"gold_loss":0.0,"damage_taken":0.0,"cards_obtained":["White Noise"]},{"damage_healed":0.0,"max_hp_gain":0.0,"max_hp_loss":0.0,"gold_gain":0.0,"event_name":"The Library","player_choice":"Read","floor":20.0,"gold_loss":0.0,"damage_taken":0.0,"cards_obtained":["Glacier"]},{"damage_healed":0,"gold_gain":0,"player_choice":"Ignored","damage_taken":0,"max_hp_gain":0,"max_hp_loss":0,"event_name":"Cursed Tome","floor":24,"gold_loss":0},{"damage_healed":0,"gold_gain":0,"player_choice":"Obtained Relic","damage_taken":0,"relics_obtained":["Orichalcum"],"max_hp_gain":0,"max_hp_loss":0,"event_name":"Addict","floor":29,"gold_loss":85}],"is_beta":false,"boss_relics":[{"not_picked":["Snecko Eye","Fusion Hammer"],"picked":"Lizard Tail"}],"items_purged_floors":[28],"is_endless":false,"potions_floor_spawned":[7,8,11,13,21,22,27,31],"killed_by":"Champ","ascension_level":0}