{"gold_per_floor":[115,128,128,0,14,41,41,61,131,32,32,45,78,96,96,192,192,211,211,211,211,226,226,226,261,284,297,315,315,315,332,332,430,430,442,100,117,117,117,117,152,152,152,180,195,195,38,51,51,51],"floor_reached":51,"playtime":3143,"items_purged":["Strike_R","Strike_R"],"score":1126,"play_id":"36c4e8d2-0161-45cc-93dc-db36ddde31e0","local_time":"20190621083521","is_ascension_mode":true,"campfire_choices":[{"data":"Shockwave","floor":7.0,"key":"SMITH"},{"data":"Flame Barrier","floor":11.0,"key":"SMITH"},{"floor":15.0,"key":"REST"},{"data":"Intimidate","floor":23.0,"key":"SMITH"},{"data":"Sword Boomerang","floor":29.0,"key":"SMITH"},{"data":"Ghostly Armor","floor":32.0,"key":"SMITH"},{"data":"Master of Strategy","floor":40.0,"key":"SMITH"},{"data":"Armaments","floor":42.0,"key":"SMITH"},{"data":"Bash","floor":46.0,"key":"SMITH"},{"data":"Disarm","floor":49.0,"key":"SMITH"}],"neow_cost":"TEN_PERCENT_HP_LOSS","seed_source_timestamp":0,"circlet_count":0,"master_deck":["AscendersBane","Defend_R","Defend_R","Defend_R","Defend_R","Bash+1","Hemokinesis+1","Flame Barrier+1","Shockwave+1","Headbutt","Inflame","Twin Strike","Inflame","Cleave","Intimidate+1","Impervious","Ghostly Armor+1","Sword Boomerang+1","Inflame","Impervious","Rampage+1","Immolate","Flame Barrier+1","Master of Strategy+1","Armaments+1","Ghostly Armor+1","Shockwave+1","Dual Wield+1","Spot Weakness","Disarm+1"],"special_seed":0,"relics":["Burning Blood","Ice Cream","Shuriken","Oddly Smooth Stone","Coffee Dripper","Thread and Needle","Ancient Tea Set","Potion Belt","Snecko Eye","Dream Catcher","Pantograph","Anchor"],"potions_floor_usage":[50,50],"damage_taken":[{"damage":7.0,"enemies":"Cultist","floor":1.0,"turns":3.0},{"damage":17.0,"enemies":"Jaw Worm","floor":2.0,"turns":3.0},{"damage":2.0,"enemies":"Small Slimes","floor":5.0,"turns":2.0},{"damage":29.0,"enemies":"Lagavulin","floor":6.0,"turns":5.0},{"damage":11.0,"enemies":"3 Louse","floor":8.0,"turns":5.0},{"damage":17.0,"enemies":"Exordium Thugs","floor":12.0,"turns":5.0},{"damage":17.0,"enemies":"3 Sentries","floor":13.0,"turns":5.0},{"damage":2.0,"enemies":"Large Slime","floor":14.0,"turns":4.0},{"damage":18.0,"enemies":"The Guardian","floor":16.0,"turns":9.0},{"damage":13.0,"enemies":"Spheric Guardian","floor":18.0,"turns":6.0},{"damage":28.0,"enemies":"Colosseum Slavers","floor":20.0,"turns":5.0},{"damage":2.0,"enemies":"Chosen","floor":22.0,"turns":4.0},{"damage":2.0,"enemies":"Book of Stabbing","floor":25.0,"turns":6.0},{"damage":2.0,"enemies":"Snake Plant","floor":27.0,"turns":4.0},{"damage":20.0,"enemies":"Sentry and Sphere","floor":28.0,"turns":5.0},{"damage":2.0,"enemies":"Shelled Parasite and Fungi","floor":31.0,"turns":4.0},{"damage":16.0,"enemies":"Automaton","floor":33.0,"turns":9.0},{"damage":7.0,"enemies":"3 Shapes","floor":35.0,"turns":2.0},{"damage":1.0,"enemies":"Orb Walker","floor":37.0,"turns":2.0},{"damage":53.0,"enemies":"Giant Head","floor":41.0,"turns":10.0},{"damage":13.0,"enemies":"Nemesis","floor":44.0,"turns":9.0},{"damage":4.0,"enemies":"Sphere and 2 Shapes","floor":45.0,"turns":5.0},{"damage":3.0,"enemies":"4 Shapes","floor":48.0,"turns":6.0},{"damage":4,"enemies":"Time Eater","floor":50,"turns":15}],"seed_played":"-598789908178422807","potions_obtained":[{"floor":6.0,"key":"Strength Potion"},{"floor":8.0,"key":"Explosive Potion"},{"floor":16.0,"key":"SteroidPotion"},{"floor":18.0,"key":"SteroidPotion"},{"floor":22.0,"key":"SpeedPotion"},{"floor":25.0,"key":"Dexterity Potion"},{"floor":28.0,"key":"Explosive Potion"},{"floor":44.0,"key":"BloodPotion"}],"is_trial":false,"path_per_floor":["M","M","?","$","M","E","R","M","T","$","R","M","E","M","R","B",null,"M","?","?","?","M","R","?","E","T","M","M","R","?","M","R","B",null,"M","$","M","?","?","R","E","R","T","E","M","R","$","M","R","B",null],"character_chosen":"IRONCLAD","items_purchased":["Inflame","Weak Potion","Cleave","Master of Strategy","Block Potion","Armaments","Spot Weakness","Dexterity Potion","EssenceOfSteel"],"campfire_rested":1,"item_purchase_floors":[4,4,10,36,36,36,47,47,47],"current_hp_per_floor":[71,60,60,60,64,41,41,36,36,36,36,25,14,18,39,27,61,54,54,32,32,36,36,36,40,40,44,30,30,23,27,27,17,58,57,57,62,62,62,62,15,15,15,8,10,10,10,19,19,46],"gold":51,"neow_bonus":"TRANSFORM_TWO_CARDS","is_prod":false,"is_daily":false,"chose_seed":false,"campfire_upgraded":9,"win_rate":0,"timestamp":1561124121,"path_taken":["M","M","?","$","M","E","R","M","T","$","R","M","E","M","R","BOSS","M","?","?","?","M","R","?","E","T","M","?","R","?","M","R","BOSS","M","$","M","?","?","R","E","R","T","E","?","R","?","M","R","BOSS"],"build_version":"2019-01-23","purchased_purges":2,"victory":true,"max_hp_per_floor":[72,72,72,72,72,72,72,72,72,72,72,72,72,72,72,72,72,72,72,72,72,72,72,72,72,72,72,72,72,72,72,72,72,72,72,72,72,68,68,68,68,68,68,68,68,68,68,68,68,68],"card_choices":[{"not_picked":["Armaments","Shrug It Off"],"picked":"Shockwave","floor":1.0},{"not_picked":["Entrench","Rupture"],"picked":"Headbutt","floor":2.0},{"not_picked":["Body Slam","Combust"],"picked":"Twin Strike","floor":5.0},{"not_picked":["Warcry","Whirlwind"],"picked":"Inflame","floor":6.0},{"not_picked":["Thunderclap","Reckless Charge","Anger"],"picked":"SKIP","floor":8.0},{"not_picked":["Headbutt","Clothesline","Havoc"],"picked":"SKIP","floor":12.0},{"not_picked":["Fiend Fire","Havoc","Clothesline"],"picked":"SKIP","floor":13.0},{"not_picked":["Fire Breathing","Body Slam"],"picked":"Intimidate","floor":14.0},{"not_picked":["Bludgeon","Fiend Fire"],"picked":"Impervious","floor":16.0},{"not_picked":["Perfected Strike","Dropkick+1"],"picked":"Ghostly Armor","floor":18.0},{"not_picked":["Perfected Strike+1","Wild Strike"],"picked":"Sword Boomerang","floor":22.0},{"not_picked":["Havoc","Flex"],"picked":"Inflame","floor":25.0},{"not_picked":["Clash","Clothesline+1"],"picked":"Impervious","floor":27.0},{"not_picked":["Wild Strike","Cleave","Twin Strike"],"picked":"SKIP","floor":28.0},{"not_picked":["Reckless Charge+1","Body Slam"],"picked":"Rampage+1","floor":31.0},{"not_picked":["Exhume","Limit Break"],"picked":"Immolate","floor":33.0},{"not_picked":["Whirlwind+1","Cleave+1"],"picked":"Flame Barrier+1","floor":35.0},{"not_picked":["Warcry","Armaments+1"],"picked":"Ghostly Armor+1","floor":37.0},{"not_picked":["Havoc","Cleave"],"picked":"Dual Wield+1","floor":41.0},{"not_picked":["Clash+1","Thunderclap+1","Body Slam+1"],"picked":"SKIP","floor":44.0},{"not_picked":["Cleave+1","Second Wind","Burning Pact"],"picked":"SKIP","floor":45.0},{"not_picked":["Warcry","Flex"],"picked":"Disarm","floor":48.0}],"player_experience":100824,"relics_obtained":[{"floor":6.0,"key":"Ice Cream"},{"floor":9.0,"key":"Shuriken"},{"floor":13.0,"key":"Oddly Smooth Stone"},{"floor":25.0,"key":"Ancient Tea Set"},{"floor":26.0,"key":"Potion Belt"},{"floor":41.0,"key":"Dream Catcher"},{"floor":43.0,"key":"Pantograph"},{"floor":44.0,"key":"Anchor"}],"event_choices":[{"damage_healed":0.0,"max_hp_gain":0.0,"max_hp_loss":0.0,"gold_gain":0.0,"event_name":"Upgrade Shrine","player_choice":"Upgraded","floor":3.0,"gold_loss":0.0,"damage_taken":0.0,"cards_upgraded":["Hemokinesis"]},{"damage_healed":0.0,"max_hp_gain":0.0,"max_hp_loss":0.0,"gold_gain":0.0,"event_name":"Ghosts","player_choice":"Ignored","floor":19.0,"gold_loss":0.0,"damage_taken":0.0},{"damage_healed":0.0,"max_hp_gain":0.0,"max_hp_loss":0.0,"gold_gain":0.0,"event_name":"Colosseum","player_choice":"Fight","floor":20.0,"gold_loss":0.0,"damage_taken":0.0},{"damage_healed":0.0,"max_hp_gain":0.0,"max_hp_loss":0.0,"gold_gain":0.0,"event_name":"Colosseum","player_choice":"Fled From Nobs","floor":20.0,"gold_loss":0.0,"damage_taken":0.0},{"cards_removed":["Strike_R"],"damage_healed":0.0,"max_hp_gain":0.0,"max_hp_loss":0.0,"gold_gain":0.0,"event_name":"Back to Basics","player_choice":"Elegance","floor":21.0,"gold_loss":0.0,"damage_taken":0.0},{"damage_healed":0.0,"max_hp_gain":0.0,"max_hp_loss":0.0,"gold_gain":0.0,"event_name":"WeMeetAgain","player_choice":"Gave Potion","floor":24.0,"gold_loss":0.0,"damage_taken":0.0,"relics_obtained":["Thread and Needle"]},{"damage_healed":0.0,"max_hp_gain":0.0,"max_hp_loss":0.0,"gold_gain":0.0,"event_name":"Wheel of Change","player_choice":"Damaged","floor":30.0,"gold_loss":0.0,"damage_taken":7.0},{"damage_healed":0.0,"max_hp_gain":0.0,"max_hp_loss":4.0,"gold_gain":0.0,"event_name":"Winding Halls","player_choice":"Max HP","floor":38.0,"gold_loss":0.0,"damage_taken":0.0},{"damage_healed":0.0,"max_hp_gain":0.0,"max_hp_loss":0.0,"gold_gain":0.0,"event_name":"Duplicator","player_choice":"Copied","floor":39.0,"gold_loss":0.0,"damage_taken":0.0,"cards_obtained":["Shockwave"]}],"is_beta":false,"boss_relics":[{"not_picked":["Black Star","Calling Bell"],"picked":"Coffee Dripper"},{"not_picked":["Astrolabe","Philosopher\u0027s Stone"],"picked":"Snecko Eye"}],"items_purged_floors":[10,36],"is_endless":false,"potions_floor_spawned":[6,8,16,18,22,25,28,44],"ascension_level":11}