{"gold_per_floor":[116,126,141,160,178,178,206,219,219,233,251,265,284,299,299,399,399,385,395,26,44,59,59,85,97,97,73,73,73,49,76,76,76],"floor_reached":33,"playtime":2027,"items_purged":["Writhe"],"score":468,"play_id":"60db5d1b-545c-4bba-8d97-d8b54df9536f","local_time":"20190621090345","is_ascension_mode":true,"campfire_choices":[{"data":"Immolate","floor":6.0,"key":"SMITH"},{"floor":15,"key":"REST"},{"floor":23,"key":"REST"},{"data":"Demon Form","floor":28,"key":"SMITH"},{"data":"Armaments","floor":32,"key":"SMITH"}],"neow_cost":"CURSE","seed_source_timestamp":0,"circlet_count":0,"master_deck":["AscendersBane","Strike_R","Strike_R","Strike_R","Strike_R","Strike_R","Defend_R","Defend_R","Defend_R","Defend_R","Bash","Immolate+1","Twin Strike","Ghostly Armor","Flex","Clothesline","Demon Form+1","Inflame","Armaments+1","Rage","Headbutt","Reaper","Warcry","Shrug It Off","Fiend Fire","True Grit","Flame Barrier","Double Tap","Inflame","Perfected Strike","Corruption","Pommel Strike","Clothesline","Perfected Strike","Armaments+1"],"special_seed":0,"relics":["Burning Blood","Lantern","Bottled Tornado","Snecko Eye","Strawberry","StoneCalendar","Toxic Egg 2","Red Mask"],"potions_floor_usage":[14,19,24],"damage_taken":[{"damage":1.0,"enemies":"Cultist","floor":1.0,"turns":3.0},{"damage":14.0,"enemies":"Small Slimes","floor":2.0,"turns":3.0},{"damage":7.0,"enemies":"Jaw Worm","floor":3.0,"turns":3.0},{"damage":16.0,"enemies":"Blue Slaver","floor":4.0,"turns":3.0},{"damage":7.0,"enemies":"2 Fungi Beasts","floor":5.0,"turns":2.0},{"damage":12.0,"enemies":"3 Sentries","floor":7.0,"turns":5.0},{"damage":21.0,"enemies":"Exordium Thugs","floor":8.0,"turns":4.0},{"damage":12,"enemies":"Exordium Wildlife","floor":10,"turns":4},{"damage":1,"enemies":"2 Fungi Beasts","floor":11,"turns":3},{"damage":13,"enemies":"Red Slaver","floor":12,"turns":5},{"damage":26,"enemies":"3 Louse","floor":13,"turns":5},{"damage":24,"enemies":"Exordium Thugs","floor":14,"turns":4},{"damage":32,"enemies":"The Guardian","floor":16,"turns":9},{"damage":22,"enemies":"2 Thieves","floor":18,"turns":4},{"damage":18,"enemies":"3 Byrds","floor":19,"turns":3},{"damage":62,"enemies":"3 Cultists","floor":21,"turns":7},{"damage":5,"enemies":"Snecko","floor":22,"turns":3},{"damage":39,"enemies":"Gremlin Leader","floor":24,"turns":6},{"damage":25,"enemies":"Centurion and Healer","floor":25,"turns":6},{"damage":26,"enemies":"Masked Bandits","floor":31,"turns":3},{"damage":74,"enemies":"Champ","floor":33,"turns":8}],"seed_played":"-3151418965469577159","potions_obtained":[{"floor":3.0,"key":"Swift Potion"},{"floor":4.0,"key":"LiquidBronze"},{"floor":19,"key":"LiquidBronze"},{"floor":21,"key":"Swift Potion"},{"floor":25,"key":"SpeedPotion"}],"is_trial":false,"path_per_floor":["M","M","M","M","M","R","E","M","T","M","M","M","M","M","R","B",null,"M","M","$","M","M","R","E","M","T","$","R","?","$","?","R","B"],"character_chosen":"IRONCLAD","items_purchased":["Strawberry","Double Tap","Inflame","Perfected Strike","Armaments+1"],"campfire_rested":2,"item_purchase_floors":[20,20,20,27,30],"current_hp_per_floor":[77,69,68,58,57,57,51,36,36,30,35,28,29,15,39,39,70,74,68,75,31,32,58,64,78,78,78,78,78,78,72,72,0],"gold":76,"neow_bonus":"THREE_RARE_CARDS","is_prod":false,"is_daily":false,"chose_seed":false,"campfire_upgraded":3,"win_rate":0,"timestamp":1561122225,"path_taken":["M","M","M","M","?","R","E","M","T","M","?","M","?","M","R","BOSS","M","M","$","M","M","R","E","M","T","$","R","?","?","?","R","BOSS"],"build_version":"2019-01-23","purchased_purges":1,"victory":false,"max_hp_per_floor":[80,80,80,80,80,80,80,80,80,80,80,80,80,80,80,80,80,80,80,87,87,87,87,87,87,87,87,87,87,87,87,87,87],"card_choices":[{"not_picked":["Limit Break","Demon Form"],"picked":"Immolate","floor":0.0},{"not_picked":["Perfected Strike","Dual Wield"],"picked":"Twin Strike","floor":1.0},{"not_picked":["Power Through","Cleave"],"picked":"Ghostly Armor","floor":2.0},{"not_picked":["Body Slam","Wild Strike"],"picked":"Flex","floor":3.0},{"not_picked":["Evolve","Heavy Blade"],"picked":"Clothesline","floor":4.0},{"not_picked":["Clash","Anger"],"picked":"Demon Form","floor":5.0},{"not_picked":["Pommel Strike","Spot Weakness"],"picked":"Inflame","floor":7.0},{"not_picked":["Anger","Pommel Strike"],"picked":"Armaments","floor":8.0},{"not_picked":["Armaments","Cleave"],"picked":"Rage","floor":10},{"not_picked":["Warcry","Twin Strike"],"picked":"Headbutt","floor":11},{"not_picked":["Pummel","Iron Wave"],"picked":"Reaper","floor":12},{"not_picked":["Shockwave","Clash"],"picked":"Warcry","floor":13},{"not_picked":["Flex","Perfected Strike"],"picked":"Shrug It Off","floor":14},{"not_picked":["Juggernaut","Double Tap"],"picked":"Fiend Fire","floor":16},{"not_picked":["Anger","Clash"],"picked":"True Grit","floor":18},{"not_picked":["Sword Boomerang","Havoc"],"picked":"Flame Barrier","floor":19},{"not_picked":["Dual Wield","Dropkick"],"picked":"Perfected Strike","floor":21},{"not_picked":["Perfected Strike","Fire Breathing"],"picked":"Corruption","floor":22},{"not_picked":["Power Through","Metallicize"],"picked":"Pommel Strike","floor":24},{"not_picked":["Power Through+1","Combust"],"picked":"Clothesline","floor":25}],"player_experience":301936,"relics_obtained":[{"floor":7.0,"key":"Lantern"},{"floor":9.0,"key":"Bottled Tornado"},{"floor":24,"key":"StoneCalendar"},{"floor":26,"key":"Toxic Egg 2"},{"floor":31,"key":"Red Mask"}],"event_choices":[{"damage_healed":0,"gold_gain":0,"player_choice":"Ignored","damage_taken":0,"max_hp_gain":0,"max_hp_loss":0,"event_name":"N\u0027loth","floor":29,"gold_loss":0},{"damage_healed":0,"gold_gain":0,"player_choice":"Fought Bandits","damage_taken":0,"max_hp_gain":0,"max_hp_loss":0,"event_name":"Masked Bandits","floor":31,"gold_loss":0}],"is_beta":false,"boss_relics":[{"not_picked":["Eternal Feather","Philosopher\u0027s Stone"],"picked":"Snecko Eye"}],"items_purged_floors":[20],"is_endless":false,"potions_floor_spawned":[3,4,7,8,12,19,21,25],"killed_by":"Champ","ascension_level":12}