{"gold_per_floor":[114,114,130,130,130,130,130,130,130,148,158,191,210,223,223,326,326,343,356,369,270,285,285,384,384,384,416,430,430,430,430],"floor_reached":31,"playtime":784,"items_purged":["Strike_B"],"score":259,"play_id":"ff8316ac-dfa6-4e7e-8f74-e2a50e7e5cc6","local_time":"20190322203556","is_ascension_mode":false,"campfire_choices":[{"data":"Zap","floor":6,"key":"SMITH"},{"data":"Ball Lightning","floor":8,"key":"SMITH"},{"data":"Defragment","floor":15,"key":"SMITH"},{"data":"Electrodynamics","floor":23,"key":"SMITH"},{"data":"Coolheaded","floor":25,"key":"SMITH"}],"neow_cost":"NONE","seed_source_timestamp":502593206729523,"circlet_count":0,"master_deck":["Strike_B+1","Strike_B","Strike_B+1","Defend_B","Defend_B","Defend_B","Defend_B","Zap+1","Dualcast+1","Conserve Battery","Ball Lightning+1","Undo","Defragment+1","Electrodynamics+1","Ball Lightning+1","Coolheaded+1","Stack+1"],"relics":["Cracked Core","Strawberry","Mercury Hourglass","Whetstone","Inserter","Turnip","Bag of Marbles"],"potions_floor_usage":[20,27,29],"damage_taken":[{"damage":1,"enemies":"Jaw Worm","floor":1,"turns":4},{"damage":7,"enemies":"Small Slimes","floor":3,"turns":3},{"damage":0,"enemies":"Cultist","floor":10,"turns":2},{"damage":7,"enemies":"Blue Slaver","floor":11,"turns":2},{"damage":11,"enemies":"Lagavulin","floor":12,"turns":4},{"damage":0,"enemies":"Large Slime","floor":13,"turns":3},{"damage":3,"enemies":"Exordium Thugs","floor":14,"turns":3},{"damage":6,"enemies":"Slime Boss","floor":16,"turns":6},{"damage":0,"enemies":"3 Byrds","floor":18,"turns":2},{"damage":18,"enemies":"2 Thieves","floor":19,"turns":3},{"damage":5,"enemies":"Snake Plant","floor":20,"turns":3},{"damage":23,"enemies":"Shelled Parasite and Fungi","floor":22,"turns":6},{"damage":13,"enemies":"Gremlin Leader","floor":27,"turns":4},{"damage":18,"enemies":"Snecko","floor":28,"turns":5},{"damage":0,"enemies":"Snake Plant","floor":29,"turns":1},{"damage":0,"enemies":"Cultist and Chosen","floor":31,"turns":1}],"seed_played":"8362333327395017244","potions_obtained":[{"floor":3,"key":"Strength Potion"},{"floor":10,"key":"Regen Potion"},{"floor":14,"key":"Block Potion"},{"floor":16,"key":"AttackPotion"},{"floor":27,"key":"Regen Potion"},{"floor":28,"key":"SmokeBomb"}],"is_trial":false,"path_per_floor":["M","?","M","?","$","R","$","R","T","M","M","E","M","M","R","B",null,"M","M","M","$","M","R","?","R","T","E","M","M","?","M"],"character_chosen":"DEFECT","items_purchased":["Coolheaded"],"campfire_rested":0,"item_purchase_floors":[21],"current_hp_per_floor":[81,86,79,79,79,79,79,79,79,79,72,61,61,58,58,52,87,87,69,64,64,41,41,41,41,41,28,10,10,10,10],"gold":430,"neow_bonus":"RANDOM_COMMON_RELIC","is_prod":false,"is_daily":false,"chose_seed":false,"campfire_upgraded":5,"win_rate":0,"timestamp":1553286956,"path_taken":["M","?","M","?","$","R","$","R","T","M","M","E","?","M","R","BOSS","M","M","M","$","M","R","?","R","T","E","M","M","?","M"],"build_version":"2019-01-23","purchased_purges":1,"victory":false,"max_hp_per_floor":[82,87,87,87,87,87,87,87,87,87,87,87,87,87,87,87,87,87,87,87,87,87,87,87,87,87,87,87,87,87,87],"card_choices":[{"not_picked":["Ball Lightning","Turbo"],"picked":"Conserve Battery","floor":1},{"not_picked":["Cold Snap","Go for the Eyes"],"picked":"Ball Lightning","floor":3},{"not_picked":["Leap","Barrage","Beam Cell"],"picked":"SKIP","floor":10},{"not_picked":["Fusion","Barrage","Streamline"],"picked":"SKIP","floor":11},{"not_picked":["Loop","Gash"],"picked":"Undo","floor":12},{"not_picked":["Beam Cell","Ball Lightning"],"picked":"Defragment","floor":13},{"not_picked":["Compile Driver","Barrage","Steam"],"picked":"SKIP","floor":14},{"not_picked":["Seek","Rainbow"],"picked":"Electrodynamics","floor":16},{"not_picked":["Leap+1","White Noise","Barrage"],"picked":"SKIP","floor":18},{"not_picked":["Barrage","Streamline"],"picked":"Ball Lightning+1","floor":19},{"not_picked":["Loop","Sunder","Aggregate"],"picked":"SKIP","floor":20},{"not_picked":["Heatsinks","Redo","Rebound+1"],"picked":"SKIP","floor":22},{"not_picked":["Melter","Darkness","Rip and Tear+1"],"picked":"SKIP","floor":27},{"not_picked":["Core Surge","Steam Power"],"picked":"Stack+1","floor":28}],"player_experience":1126643,"relics_obtained":[{"floor":9,"key":"Mercury Hourglass"},{"floor":12,"key":"Whetstone"},{"floor":26,"key":"Turnip"},{"floor":27,"key":"Bag of Marbles"}],"event_choices":[{"damage_healed":0,"gold_gain":0,"player_choice":"Donut","damage_taken":0,"max_hp_gain":5,"max_hp_loss":0,"event_name":"Big Fish","floor":2,"gold_loss":0},{"damage_healed":0,"gold_gain":0,"player_choice":"Forge","damage_taken":0,"max_hp_gain":0,"max_hp_loss":0,"event_name":"Accursed Blacksmith","floor":4,"gold_loss":0,"cards_upgraded":["Dualcast"]},{"damage_healed":0,"gold_gain":99,"player_choice":"Stole From Cult","damage_taken":0,"max_hp_gain":0,"max_hp_loss":0,"event_name":"Nest","floor":24,"gold_loss":0},{"damage_healed":0,"gold_gain":0,"player_choice":"Ignored","damage_taken":0,"max_hp_gain":0,"max_hp_loss":0,"event_name":"Cursed Tome","floor":30,"gold_loss":0}],"is_beta":false,"boss_relics":[{"not_picked":["Velvet Choker","Calling Bell"],"picked":"Inserter"}],"items_purged_floors":[21],"is_endless":false,"potions_floor_spawned":[3,10,14,16,18,27,28],"killed_by":"Cultist and Chosen","ascension_level":0}