{"gold_per_floor":[116,139,149,149,167,194,194,209,236,236,236,252,252,53,53,154,204,224,235,235,254,14,14,40,40,94,114,133,33,48,63,63,63],"floor_reached":33,"playtime":911,"items_purged":["Strike_B","Defend_B"],"score":269,"play_id":"45bf17e0-a8b7-47e5-8b08-9ab1c34757b3","local_time":"20190518223651","is_ascension_mode":false,"campfire_choices":[{"data":"Dualcast","floor":7.0,"key":"SMITH"},{"data":"Zap","floor":11.0,"key":"SMITH"},{"data":"Ball Lightning","floor":13.0,"key":"SMITH"},{"data":"Defend_B","floor":15.0,"key":"SMITH"},{"data":"Apotheosis","floor":23.0,"key":"SMITH"},{"floor":25.0,"key":"REST"},{"floor":32,"key":"REST"}],"neow_cost":"NONE","seed_source_timestamp":2421895195310863,"circlet_count":0,"master_deck":["Strike_B+1","Strike_B+1","Defend_B+1","Defend_B","Defend_B","Zap+1","Dualcast+1","BootSequence","Cold Snap+1","Conserve Battery","Ball Lightning+1","Go for the Eyes","Go for the Eyes+1","Conserve Battery+1","Apotheosis+1","Defragment+1","White Noise","Capacitor"],"special_seed":0,"relics":["Cracked Core","Ancient Tea Set","Bag of Preparation","Bronze Scales","Whetstone","Runic Capacitor","Tiny House","Potion Belt","Lantern","Boot"],"potions_floor_usage":[],"damage_taken":[{"damage":1.0,"enemies":"Cultist","floor":1.0,"turns":3.0},{"damage":0.0,"enemies":"Small Slimes","floor":3.0,"turns":3.0},{"damage":0.0,"enemies":"2 Louse","floor":5.0,"turns":2.0},{"damage":25.0,"enemies":"3 Sentries","floor":6.0,"turns":12.0},{"damage":0.0,"enemies":"Large Slime","floor":8.0,"turns":4.0},{"damage":1.0,"enemies":"Exordium Thugs","floor":12.0,"turns":3.0},{"damage":16.0,"enemies":"Slime Boss","floor":16.0,"turns":8.0},{"damage":0.0,"enemies":"3 Byrds","floor":18.0,"turns":3.0},{"damage":0.0,"enemies":"Chosen","floor":19.0,"turns":4.0},{"damage":0.0,"enemies":"Centurion and Healer","floor":21.0,"turns":7.0},{"damage":27.0,"enemies":"Gremlin Leader","floor":24.0,"turns":7.0},{"damage":0,"enemies":"3 Cultists","floor":27,"turns":5},{"damage":5,"enemies":"Snake Plant","floor":28,"turns":3},{"damage":16,"enemies":"Sentry and Sphere","floor":30,"turns":4},{"damage":6,"enemies":"3 Cultists","floor":31,"turns":5},{"damage":22,"enemies":"Collector","floor":33,"turns":7}],"seed_played":"-141152203742573658","potions_obtained":[{"floor":3.0,"key":"Swift Potion"},{"floor":5.0,"key":"SkillPotion"},{"floor":8.0,"key":"FearPotion"},{"floor":21.0,"key":"Explosive Potion"},{"floor":27,"key":"EssenceOfSteel"},{"floor":28,"key":"Fire Potion"},{"floor":30,"key":"Energy Potion"}],"is_trial":false,"path_per_floor":["M","T","M","$","M","E","R","M","T","?","R","M","R","$","R","B",null,"M","M","T","M","$","R","E","R","T","M","M","$","M","M","R","B"],"character_chosen":"DEFECT","items_purchased":["Runic Capacitor","Apotheosis"],"campfire_rested":2,"item_purchase_floors":[14,22],"current_hp_per_floor":[74,74,74,74,74,49,49,49,49,49,49,48,48,48,48,32,80,80,80,80,80,80,80,53,77,77,77,72,72,56,50,74,52],"gold":63,"neow_bonus":"RANDOM_COMMON_RELIC","is_prod":false,"is_daily":false,"chose_seed":false,"campfire_upgraded":5,"win_rate":0,"timestamp":1558215411,"path_taken":["M","?","M","$","M","E","R","M","T","?","R","M","R","$","R","BOSS","M","M","?","M","$","R","E","R","T","M","M","$","M","?","R","BOSS"],"build_version":"2019-01-23","purchased_purges":2,"victory":false,"max_hp_per_floor":[75,75,75,75,75,75,75,75,75,75,75,75,75,75,75,75,80,80,80,80,80,80,80,80,80,80,80,80,80,80,80,80,80],"card_choices":[{"not_picked":["Sweeping Beam","Ball Lightning"],"picked":"BootSequence","floor":1.0},{"not_picked":["Steam Power","Doom and Gloom"],"picked":"Cold Snap","floor":3.0},{"not_picked":["Rebound","White Noise"],"picked":"Conserve Battery","floor":5.0},{"not_picked":["Hologram","Self Repair","Amplify"],"picked":"SKIP","floor":6.0},{"not_picked":["Leap","Chaos"],"picked":"Ball Lightning","floor":8.0},{"not_picked":["Conserve Battery","Stack","Rebound"],"picked":"SKIP","floor":12.0},{"not_picked":["Stack","Sweeping Beam"],"picked":"Go for the Eyes","floor":17.0},{"not_picked":["Compile Driver","Doom and Gloom+1"],"picked":"Go for the Eyes+1","floor":18.0},{"not_picked":["BootSequence","Steam"],"picked":"Conserve Battery+1","floor":19.0},{"not_picked":["Streamline","Steam+1","Gash"],"picked":"SKIP","floor":21.0},{"not_picked":["Steam","Static Discharge"],"picked":"Defragment+1","floor":24.0},{"not_picked":["Turbo","Hologram","Rip and Tear"],"picked":"SKIP","floor":27},{"not_picked":["Go for the Eyes+1","Streamline+1","Multi-Cast"],"picked":"SKIP","floor":28},{"not_picked":["Sweeping Beam","Compile Driver+1"],"picked":"White Noise","floor":30},{"not_picked":["Conserve Battery","Force Field"],"picked":"Capacitor","floor":31}],"player_experience":1242244,"relics_obtained":[{"floor":2.0,"key":"Bag of Preparation"},{"floor":6.0,"key":"Bronze Scales"},{"floor":9.0,"key":"Whetstone"},{"floor":20.0,"key":"Potion Belt"},{"floor":24.0,"key":"Lantern"},{"floor":26.0,"key":"Boot"}],"event_choices":[{"cards_removed":["Strike_B"],"damage_healed":0.0,"max_hp_gain":0.0,"max_hp_loss":0.0,"gold_gain":0.0,"event_name":"Bonfire Elementals","player_choice":"Offered Basic","floor":10.0,"gold_loss":0.0,"damage_taken":0.0}],"is_beta":false,"boss_relics":[{"not_picked":["Runic Dome","Ectoplasm"],"picked":"Tiny House"}],"items_purged_floors":[22,29],"is_endless":false,"potions_floor_spawned":[3,5,8,16,18,21,27,28,30],"killed_by":"Collector","ascension_level":0}