{"gold_per_floor":[112,123,123,298,309,320,338,338,338,259,259,109,135,145,145,243,243,255,255,265,265,93,108,108,123,168,201,201,215,215,229,229,324,324,341,341,356,356,366,366,383,383,383,112,212,230,230,452,452,452],"floor_reached":51,"playtime":1504,"items_purged":["Doubt","Aggregate+1","Defend_B+1"],"score":749,"play_id":"f7b799bf-70e9-4be1-b7ad-e91331091576","local_time":"20190503002937","is_ascension_mode":false,"campfire_choices":[{"data":"Defragment","floor":8.0,"key":"SMITH"},{"data":"Rainbow","floor":11.0,"key":"SMITH"},{"data":"Defragment","floor":15.0,"key":"SMITH"},{"data":"Defragment","floor":24.0,"key":"SMITH"},{"data":"Ball Lightning","floor":28.0,"key":"SMITH"},{"data":"Zap","floor":30.0,"key":"SMITH"},{"data":"Cold Snap","floor":32.0,"key":"SMITH"},{"data":"Conserve Battery","floor":40.0,"key":"SMITH"},{"data":"BootSequence","floor":47,"key":"SMITH"},{"floor":49,"key":"RECALL"}],"neow_cost":"NONE","seed_source_timestamp":1045533274186345,"circlet_count":0,"master_deck":["Strike_B+1","Defend_B+1","Defend_B+1","Zap+1","Dualcast+1","Defragment+1","Cold Snap+1","Rainbow+1","White Noise+1","Glacier+1","Defragment+1","Conserve Battery+1","BootSequence+1","Streamline+1","Defragment+1","Defragment+1","Ball Lightning+1","Chill+1","White Noise+1"],"special_seed":0,"relics":["Cracked Core","Vajra","Lantern","Bottled Tornado","Astrolabe","Juzu Bracelet","Red Mask","Sozu","Dead Branch","War Paint","Incense Burner"],"potions_floor_usage":[50],"damage_taken":[{"damage":0.0,"enemies":"Small Slimes","floor":1.0,"turns":3.0},{"damage":7.0,"enemies":"2 Louse","floor":2.0,"turns":2.0},{"damage":1.0,"enemies":"Jaw Worm","floor":5.0,"turns":3.0},{"damage":0.0,"enemies":"3 Louse","floor":6.0,"turns":2.0},{"damage":4.0,"enemies":"2 Fungi Beasts","floor":7.0,"turns":4.0},{"damage":0.0,"enemies":"3 Sentries","floor":13.0,"turns":8.0},{"damage":0.0,"enemies":"Blue Slaver","floor":14.0,"turns":3.0},{"damage":18.0,"enemies":"Hexaghost","floor":16.0,"turns":12.0},{"damage":13.0,"enemies":"2 Thieves","floor":18.0,"turns":4.0},{"damage":0.0,"enemies":"Chosen","floor":20.0,"turns":6.0},{"damage":0.0,"enemies":"Sentry and Sphere","floor":23.0,"turns":4.0},{"damage":0.0,"enemies":"Snecko","floor":25.0,"turns":5.0},{"damage":8.0,"enemies":"Masked Bandits","floor":27.0,"turns":5.0},{"damage":0.0,"enemies":"Centurion and Healer","floor":29.0,"turns":6.0},{"damage":0.0,"enemies":"Snake Plant","floor":31.0,"turns":4.0},{"damage":24.0,"enemies":"Collector","floor":33.0,"turns":7.0},{"damage":0.0,"enemies":"3 Shapes","floor":35.0,"turns":4.0},{"damage":0.0,"enemies":"Orb Walker","floor":37.0,"turns":4.0},{"damage":0.0,"enemies":"3 Darklings","floor":39.0,"turns":6.0},{"damage":0.0,"enemies":"Transient","floor":41.0,"turns":5.0},{"damage":0,"enemies":"Mind Bloom Boss Battle","floor":45,"turns":6},{"damage":0,"enemies":"4 Shapes","floor":46,"turns":4},{"damage":22,"enemies":"Donu and Deca","floor":50,"turns":16}],"seed_played":"-2071473842238337989","potions_obtained":[{"floor":1.0,"key":"SkillPotion"},{"floor":5.0,"key":"FearPotion"},{"floor":6.0,"key":"Swift Potion"},{"floor":20.0,"key":"SpeedPotion"},{"floor":23.0,"key":"SteroidPotion"},{"floor":31.0,"key":"SkillPotion"}],"is_trial":false,"path_per_floor":["M","M","?","?","M","M","M","R","T","$","R","$","E","M","R","B",null,"M","?","M","?","$","M","R","M","T","?","R","M","R","M","R","B",null,"M","?","M","?","M","R","M","$","T","$","?","M","R","?","R","B",null],"character_chosen":"DEFECT","items_purchased":["Glacier","Defragment","Defragment","War Paint"],"campfire_rested":0,"item_purchase_floors":[10,12,22,44],"current_hp_per_floor":[75,68,50,50,49,49,45,45,45,45,45,45,45,45,45,27,75,62,62,62,62,62,62,62,62,62,54,54,54,54,54,54,30,75,75,75,75,75,75,75,75,75,75,75,75,75,75,75,75,53],"gold":452,"neow_bonus":"UPGRADE_CARD","is_prod":false,"is_daily":false,"chose_seed":false,"campfire_upgraded":9,"win_rate":0,"timestamp":1556839777,"path_taken":["M","M","?","?","M","M","M","R","T","$","R","$","E","M","R","BOSS","M","?","M","?","$","M","R","M","T","?","R","M","R","M","R","BOSS","M","?","M","?","M","R","M","$","T","$","?","M","R","?","R","BOSS"],"build_version":"2019-01-23","purchased_purges":3,"victory":true,"max_hp_per_floor":[75,75,75,75,75,75,75,75,75,75,75,75,75,75,75,75,75,75,75,75,75,75,75,75,75,75,75,75,75,75,75,75,75,75,75,75,75,75,75,75,75,75,75,75,75,75,75,75,75,75],"card_choices":[{"not_picked":["Rebound","Sweeping Beam","Hologram"],"picked":"SKIP","floor":1.0},{"not_picked":["Loop","Stack"],"picked":"Defragment","floor":2.0},{"not_picked":["Go for the Eyes","Redo"],"picked":"Cold Snap","floor":5.0},{"not_picked":["Self Repair","Chill"],"picked":"Rainbow","floor":6.0},{"not_picked":["Go for the Eyes","Recycle"],"picked":"White Noise","floor":7.0},{"not_picked":["Barrage","Gash"],"picked":"Conserve Battery","floor":13.0},{"not_picked":["Cold Snap","Go for the Eyes"],"picked":"BootSequence","floor":14.0},{"not_picked":["Sweeping Beam","Beam Cell","Steam"],"picked":"SKIP","floor":18.0},{"not_picked":["Streamline+1","Redo","Sweeping Beam"],"picked":"SKIP","floor":20.0},{"not_picked":["Leap","Barrage"],"picked":"Ball Lightning","floor":23.0},{"not_picked":["Reboot","Beam Cell","Conserve Battery"],"picked":"SKIP","floor":25.0},{"not_picked":["Hello World+1","Conserve Battery","FTL"],"picked":"SKIP","floor":29.0},{"not_picked":["Conserve Battery","Skim","Cold Snap"],"picked":"SKIP","floor":31.0},{"not_picked":["Lockon","Coolheaded"],"picked":"Chill+1","floor":35.0},{"not_picked":["Turbo","Undo","Redo"],"picked":"SKIP","floor":37.0},{"not_picked":["Conserve Battery","Glacier","Barrage"],"picked":"SKIP","floor":39.0},{"not_picked":["Beam Cell","Conserve Battery+1","Leap"],"picked":"SKIP","floor":41.0},{"not_picked":["Sweeping Beam+1","Compile Driver+1"],"picked":"White Noise+1","floor":45},{"not_picked":["Aggregate","Rebound+1","Rainbow"],"picked":"SKIP","floor":46}],"player_experience":1214640,"relics_obtained":[{"floor":9.0,"key":"Lantern"},{"floor":13.0,"key":"Bottled Tornado"},{"floor":26.0,"key":"Juzu Bracelet"},{"floor":27.0,"key":"Red Mask"},{"floor":43,"key":"Dead Branch"},{"floor":45,"key":"Incense Burner"}],"event_choices":[{"damage_healed":0.0,"max_hp_gain":0.0,"max_hp_loss":0.0,"gold_gain":0.0,"event_name":"Scrap Ooze","player_choice":"Success","floor":3.0,"gold_loss":0.0,"damage_taken":18.0,"relics_obtained":["Vajra"]},{"damage_healed":0.0,"max_hp_gain":0.0,"max_hp_loss":0.0,"gold_gain":175.0,"event_name":"Liars Game","player_choice":"AGREE","floor":4.0,"gold_loss":0.0,"damage_taken":0.0,"cards_obtained":["Doubt"]},{"damage_healed":0.0,"max_hp_gain":0.0,"max_hp_loss":0.0,"gold_gain":0.0,"event_name":"Beggar","player_choice":"Ignored","floor":19.0,"gold_loss":0.0,"damage_taken":0.0},{"damage_healed":0.0,"max_hp_gain":0.0,"max_hp_loss":0.0,"gold_gain":0.0,"event_name":"Back to Basics","player_choice":"Simplicity","floor":21.0,"gold_loss":0.0,"damage_taken":0.0,"cards_upgraded":["Strike_B","Strike_B","Defend_B","Defend_B","Defend_B"]},{"damage_healed":0.0,"max_hp_gain":0.0,"max_hp_loss":0.0,"gold_gain":0.0,"event_name":"Masked Bandits","player_choice":"Fought Bandits","floor":27.0,"gold_loss":0.0,"damage_taken":0.0},{"damage_healed":0.0,"max_hp_gain":0.0,"max_hp_loss":0.0,"gold_gain":0.0,"event_name":"SensoryStone","player_choice":"Memory 1","floor":36.0,"gold_loss":0.0,"damage_taken":0.0},{"cards_removed":["Strike_B"],"damage_healed":0.0,"max_hp_gain":0.0,"max_hp_loss":0.0,"gold_gain":0.0,"event_name":"Falling","player_choice":"Removed Attack","floor":38.0,"gold_loss":0.0,"damage_taken":0.0},{"damage_healed":0,"gold_gain":0,"player_choice":"Fight","damage_taken":0,"max_hp_gain":0,"max_hp_loss":0,"event_name":"MindBloom","floor":45,"gold_loss":0},{"damage_healed":0,"gold_gain":222,"player_choice":"Wore Mask","damage_taken":0,"max_hp_gain":0,"max_hp_loss":0,"event_name":"Tomb of Lord Red Mask","floor":48,"gold_loss":0}],"is_beta":false,"boss_relics":[{"not_picked":["Coffee Dripper","FrozenCore"],"picked":"Astrolabe"},{"not_picked":["Fusion Hammer","Philosopher\u0027s Stone"],"picked":"Sozu"}],"items_purged_floors":[12,22,44],"is_endless":false,"potions_floor_spawned":[1,5,6,13,16,20,23,31,35,39,45],"ascension_level":0}