{"gold_per_floor":[109,120,139,151,164,190,190,205,229,229,239,239,13,72,72,148,148,164,175,175,193,203,203,220,255,281,291,28,28,59,73,73,146,146,156,167,186,206,206,206,216,216,216,249,249,259,288,388,388,388,388],"floor_reached":51,"playtime":4428,"items_purged":["Strike_G","Pain"],"score":1635,"play_id":"5f6f0588-cb13-4227-8980-a4cba46ac2a6","local_time":"20190621134635","is_ascension_mode":true,"campfire_choices":[{"floor":7.0,"key":"REST"},{"data":"Deadly Poison","floor":10.0,"key":"SMITH"},{"floor":12.0,"key":"REST"},{"data":"Footwork","floor":15.0,"key":"SMITH"},{"floor":23.0,"key":"REST"},{"floor":29.0,"key":"REST"},{"floor":32.0,"key":"REST"},{"floor":40,"key":"REST"},{"floor":42,"key":"REST"},{"floor":45,"key":"RECALL"},{"floor":49,"key":"REST"}],"neow_cost":"NONE","seed_source_timestamp":0,"circlet_count":0,"master_deck":["AscendersBane","Survivor","Neutralize","Deadly Poison+1","Leg Sweep","Adrenaline+1","Backflip","Footwork+1","Well Laid Plans","Backflip","Die Die Die","Footwork","Envenom","Backstab","A Thousand Cuts","Blade Dance","Adrenaline","Cloak And Dagger","Glass Knife","Catalyst","Dagger Spray","Night Terror","Predator","Cloak And Dagger+1","Bouncing Flask","Prepared","Dagger Throw","Doppelganger","Noxious Fumes","After Image","Prepared","Prepared+1","Blur+1","Blur+1","Terror+1","Blade Dance+1"],"special_seed":0,"relics":["Sozu","Mummified Hand","Pen Nib","Dodecahedron","Pandora\u0027s Box","WarpedTongs","Ancient Tea Set","War Paint","PreservedInsect","Art of War","Runic Pyramid","Blood Vial","Bottled Flame","Regal Pillow","Dead Branch"],"potions_floor_usage":[],"damage_taken":[{"damage":0.0,"enemies":"Cultist","floor":1.0,"turns":4.0},{"damage":9.0,"enemies":"Jaw Worm","floor":2.0,"turns":4.0},{"damage":7.0,"enemies":"Small Slimes","floor":3.0,"turns":4.0},{"damage":5.0,"enemies":"Gremlin Gang","floor":4.0,"turns":7.0},{"damage":10.0,"enemies":"Exordium Thugs","floor":5.0,"turns":8.0},{"damage":26.0,"enemies":"3 Sentries","floor":6.0,"turns":18.0},{"damage":1.0,"enemies":"Large Slime","floor":8.0,"turns":8.0},{"damage":12.0,"enemies":"2 Fungi Beasts","floor":11.0,"turns":4.0},{"damage":0.0,"enemies":"3 Sentries","floor":14.0,"turns":5.0},{"damage":0.0,"enemies":"The Guardian","floor":16.0,"turns":12.0},{"damage":0.0,"enemies":"3 Byrds","floor":18.0,"turns":2.0},{"damage":2.0,"enemies":"2 Thieves","floor":19.0,"turns":2.0},{"damage":14.0,"enemies":"Snake Plant","floor":21.0,"turns":4.0},{"damage":12.0,"enemies":"Centurion and Healer","floor":22.0,"turns":4.0},{"damage":19.0,"enemies":"3 Cultists","floor":24.0,"turns":4.0},{"damage":6.0,"enemies":"Book of Stabbing","floor":25.0,"turns":4.0},{"damage":9.0,"enemies":"Chosen and Byrds","floor":27.0,"turns":4.0},{"damage":22.0,"enemies":"Slavers","floor":30.0,"turns":4.0},{"damage":8.0,"enemies":"Centurion and Healer","floor":31.0,"turns":4.0},{"damage":3.0,"enemies":"Automaton","floor":33.0,"turns":8.0},{"damage":4,"enemies":"Orb Walker","floor":35,"turns":4},{"damage":21,"enemies":"3 Darklings","floor":36,"turns":5},{"damage":22,"enemies":"Jaw Worm Horde","floor":37,"turns":3},{"damage":5,"enemies":"4 Shapes","floor":38,"turns":5},{"damage":9,"enemies":"Transient","floor":41,"turns":6},{"damage":0,"enemies":"Reptomancer","floor":44,"turns":5},{"damage":6,"enemies":"Jaw Worm Horde","floor":46,"turns":5},{"damage":0,"enemies":"Nemesis","floor":47,"turns":5},{"damage":0,"enemies":"Mind Bloom Boss Battle","floor":48,"turns":6},{"damage":37,"enemies":"Donu and Deca","floor":50,"turns":7},{"damage":34,"enemies":"Time Eater","floor":51,"turns":2}],"seed_played":"-8001554663904887180","potions_obtained":[],"is_trial":false,"path_per_floor":["M","M","M","M","M","E","R","M","T","R","M","R","$","?","R","B",null,"M","M","?","M","M","R","M","E","T","M","$","R","E","M","R","B",null,"M","M","M","M","T","R","M","R","T","E","R","M","E","?","R","B","B"],"character_chosen":"THE_SILENT","items_purchased":["Die Die Die","PreservedInsect"],"campfire_rested":8,"item_purchase_floors":[13,28],"current_hp_per_floor":[59,50,43,38,28,2,21,20,20,20,8,27,27,27,27,27,56,56,54,54,40,28,47,28,22,22,13,13,32,10,2,21,18,54,50,29,7,2,2,21,14,33,33,35,35,31,33,35,66,29,0],"gold":388,"neow_bonus":"BOSS_RELIC","is_prod":false,"is_daily":false,"chose_seed":false,"campfire_upgraded":2,"win_rate":0,"timestamp":1561149995,"path_taken":["M","M","M","M","?","E","R","M","T","R","M","R","$","?","R","BOSS","M","M","?","M","M","R","M","E","T","M","$","R","E","M","R","BOSS","M","?","M","?","?","R","M","R","T","E","R","M","E","?","R","BOSS","BOSS"],"build_version":"2019-01-23","purchased_purges":2,"victory":false,"max_hp_per_floor":[66,66,66,66,66,66,66,66,66,66,66,66,66,66,66,66,66,66,66,66,66,66,66,66,66,66,66,66,66,66,66,66,66,66,66,66,66,66,66,66,66,66,66,66,66,66,66,66,66,66,66],"card_choices":[{"not_picked":["Slice","PiercingWail"],"picked":"Deadly Poison","floor":1.0},{"not_picked":["Bane","Deadly Poison"],"picked":"Leg Sweep","floor":2.0},{"not_picked":["Outmaneuver","Prepared"],"picked":"Adrenaline","floor":3.0},{"not_picked":["Prepared","Infinite Blades"],"picked":"Backflip","floor":4.0},{"not_picked":["Terror","Blade Dance"],"picked":"Footwork","floor":5.0},{"not_picked":["Setup","Dodge and Roll","Underhanded Strike"],"picked":"SKIP","floor":6.0},{"not_picked":["Dodge and Roll","Slice"],"picked":"Well Laid Plans","floor":8.0},{"not_picked":["Bane","Quick Slash"],"picked":"Backflip","floor":11.0},{"not_picked":["Riddle With Holes","Leg Sweep"],"picked":"Footwork","floor":14.0},{"not_picked":["Bullet Time","Unload"],"picked":"Envenom","floor":16.0},{"not_picked":["Underhanded Strike","Choke"],"picked":"Predator","floor":18.0},{"not_picked":["Slice","Poisoned Stab"],"picked":"Cloak And Dagger","floor":19.0},{"not_picked":["Dagger Spray","Backstab"],"picked":"Bouncing Flask","floor":21.0},{"not_picked":["Acrobatics","Deadly Poison"],"picked":"Prepared","floor":22.0},{"not_picked":["Distraction","Dagger Spray"],"picked":"Dagger Throw","floor":24.0},{"not_picked":["Outmaneuver","Dodge and Roll"],"picked":"Doppelganger","floor":25.0},{"not_picked":["Crippling Poison","Acrobatics"],"picked":"Noxious Fumes","floor":27.0},{"not_picked":["Noxious Fumes+1","Predator"],"picked":"After Image","floor":30.0},{"not_picked":["Outmaneuver","Blade Dance","Dagger Spray+1"],"picked":"SKIP","floor":31.0},{"not_picked":["Dagger Spray","Backstab+1"],"picked":"Prepared","floor":35},{"not_picked":["Outmaneuver","Underhanded Strike"],"picked":"Prepared+1","floor":36},{"not_picked":["Poisoned Stab","Deadly Poison","Accuracy"],"picked":"SKIP","floor":37},{"not_picked":["Flechettes+1","Sucker Punch+1"],"picked":"Blur+1","floor":38},{"not_picked":["Catalyst","Deflect+1"],"picked":"Blur+1","floor":41},{"not_picked":["Poisoned Stab","Predator"],"picked":"Terror+1","floor":44},{"not_picked":["Riddle With Holes","Expertise","Night Terror"],"picked":"SKIP","floor":46},{"not_picked":["Dodge and Roll","Dagger Spray","Acrobatics"],"picked":"SKIP","floor":47},{"not_picked":["Finisher","Slice"],"picked":"Blade Dance+1","floor":48}],"player_experience":939001,"relics_obtained":[{"floor":6.0,"key":"Mummified Hand"},{"floor":9.0,"key":"Pen Nib"},{"floor":14.0,"key":"Dodecahedron"},{"floor":25.0,"key":"Ancient Tea Set"},{"floor":26.0,"key":"War Paint"},{"floor":30.0,"key":"Art of War"},{"floor":39,"key":"Blood Vial"},{"floor":44,"key":"Bottled Flame"},{"floor":47,"key":"Regal Pillow"},{"floor":48,"key":"Dead Branch"}],"event_choices":[{"damage_healed":0.0,"max_hp_gain":0.0,"max_hp_loss":0.0,"gold_gain":0.0,"event_name":"Dead Adventurer","player_choice":"Searched \u00271\u0027 times","floor":14.0,"gold_loss":0.0,"damage_taken":0.0},{"damage_healed":0.0,"max_hp_gain":0.0,"max_hp_loss":0.0,"gold_gain":0.0,"event_name":"Accursed Blacksmith","player_choice":"Rummage","floor":20.0,"gold_loss":0.0,"damage_taken":0.0,"relics_obtained":["WarpedTongs"],"cards_obtained":["Pain"]},{"damage_healed":0,"gold_gain":0,"player_choice":"Fight","damage_taken":0,"max_hp_gain":0,"max_hp_loss":0,"event_name":"MindBloom","floor":48,"gold_loss":0}],"is_beta":false,"boss_relics":[{"not_picked":["HoveringKite","Astrolabe"],"picked":"Pandora\u0027s Box"},{"not_picked":["Cursed Key","Eternal Feather"],"picked":"Runic Pyramid"}],"items_purged_floors":[13,28],"is_endless":false,"potions_floor_spawned":[6,8,14,19,22,24,36,41,44,47],"killed_by":"Time Eater","ascension_level":20}