{"gold_per_floor":[110,110,125,125,200,223,250,61,87,106,106,138,138,155,155,254,254,266,193,206,131,150,178,178,178,178,195,213,49,49,68,68,68],"floor_reached":33,"playtime":1039,"items_purged":["Strike_B"],"score":325,"play_id":"89cab0de-a15e-413e-9b43-4c5ef9e33200","local_time":"20190213205235","is_ascension_mode":false,"campfire_choices":[{"data":"Dualcast","floor":11.0,"key":"SMITH"},{"floor":15.0,"key":"REST"},{"floor":24,"key":"REST"},{"floor":30,"key":"REST"},{"floor":32,"key":"REST"}],"neow_cost":"NONE","seed_source_timestamp":118270352163633,"circlet_count":0,"master_deck":["Strike_B","Strike_B","Defend_B","Defend_B","Defend_B","Zap","Dualcast+1","Apotheosis","Coolheaded","Cold Snap","Rainbow","Defragment","Conserve Battery+1","Glacier","Go for the Eyes","Auto Shields","Buffer","Conserve Battery+1"],"special_seed":0,"relics":["Cracked Core","Ancient Tea Set","Omamori","DataDisk","Orichalcum","Empty Cage","Blood Vial","Centennial Puzzle","Ornamental Fan"],"potions_floor_usage":[],"damage_taken":[{"damage":0.0,"enemies":"2 Louse","floor":1.0,"turns":1.0},{"damage":4.0,"enemies":"Jaw Worm","floor":3.0,"turns":4.0},{"damage":42.0,"enemies":"3 Sentries","floor":7.0,"turns":9.0},{"damage":0.0,"enemies":"Cultist","floor":10.0,"turns":3.0},{"damage":11.0,"enemies":"Gremlin Nob","floor":12.0,"turns":3.0},{"damage":5.0,"enemies":"Lots of Slimes","floor":14.0,"turns":5.0},{"damage":0.0,"enemies":"Slime Boss","floor":16.0,"turns":10.0},{"damage":7.0,"enemies":"Shell Parasite","floor":18.0,"turns":5.0},{"damage":0.0,"enemies":"Spheric Guardian","floor":20.0,"turns":3.0},{"damage":10.0,"enemies":"Snake Plant","floor":22.0,"turns":5.0},{"damage":51,"enemies":"Slavers","floor":23,"turns":7},{"damage":6,"enemies":"Sentry and Sphere","floor":27,"turns":5},{"damage":26,"enemies":"3 Cultists","floor":28,"turns":7},{"damage":0,"enemies":"Chosen and Byrds","floor":31,"turns":12},{"damage":16,"enemies":"Collector","floor":33,"turns":7}],"seed_played":"7916495603615499127","potions_obtained":[{"floor":10.0,"key":"Energy Potion"},{"floor":12.0,"key":"Strength Potion"},{"floor":23,"key":"Dexterity Potion"},{"floor":31,"key":"PowerPotion"}],"is_trial":false,"path_per_floor":["M","$","M","$","?","T","E","$","T","M","R","E","?","M","R","B",null,"M","$","M","$","M","E","R","?","T","M","M","$","R","M","R","B"],"character_chosen":"DEFECT","items_purchased":["Apotheosis","Defragment","Buffer"],"campfire_rested":4,"item_purchase_floors":[8,19,29],"current_hp_per_floor":[82,82,78,78,67,67,25,25,25,25,25,14,14,9,33,33,82,75,75,75,75,65,14,38,38,38,34,10,10,34,36,60,46],"gold":68,"neow_bonus":"TEN_PERCENT_HP_BONUS","is_prod":false,"is_daily":false,"chose_seed":false,"campfire_upgraded":1,"win_rate":0,"timestamp":1550091155,"path_taken":["M","$","M","$","?","?","E","$","T","M","R","E","?","?","R","BOSS","M","$","?","$","M","E","R","?","T","M","M","?","R","M","R","BOSS"],"build_version":"2019-01-23","purchased_purges":1,"victory":false,"max_hp_per_floor":[82,82,82,82,82,82,82,82,82,82,82,82,82,82,82,82,82,82,82,82,82,82,82,82,82,82,82,82,82,82,82,82,82],"card_choices":[{"not_picked":["Turbo","Force Field","Streamline"],"picked":"SKIP","floor":1.0},{"not_picked":["Consume","Stack","Aggregate"],"picked":"SKIP","floor":3.0},{"not_picked":["Gash","Steam","Amplify"],"picked":"SKIP","floor":7.0},{"not_picked":["Ball Lightning","Recycle"],"picked":"Coolheaded","floor":10.0},{"not_picked":["Stack","Compile Driver"],"picked":"Cold Snap","floor":12.0},{"not_picked":["Stack","Coolheaded","Fusion"],"picked":"SKIP","floor":14.0},{"not_picked":["All For One","Fission"],"picked":"Rainbow","floor":16.0},{"not_picked":["Streamline","Beam Cell+1","Hologram"],"picked":"SKIP","floor":18.0},{"not_picked":["Gash+1","Skim"],"picked":"Conserve Battery+1","floor":20.0},{"not_picked":["Compile Driver","Genetic Algorithm+1"],"picked":"Glacier","floor":22.0},{"not_picked":["Aggregate","Steam"],"picked":"Go for the Eyes","floor":23},{"not_picked":["Stack","Hologram","Redo+1"],"picked":"SKIP","floor":27},{"not_picked":["Reprogram","Heatsinks+1"],"picked":"Auto Shields","floor":28},{"not_picked":["Hologram","Beam Cell+1"],"picked":"Conserve Battery+1","floor":31}],"player_experience":1036488,"relics_obtained":[{"floor":6.0,"key":"Ancient Tea Set"},{"floor":7.0,"key":"Omamori"},{"floor":9.0,"key":"DataDisk"},{"floor":12.0,"key":"Orichalcum"},{"floor":23,"key":"Blood Vial"},{"floor":26,"key":"Ornamental Fan"}],"event_choices":[{"damage_healed":0.0,"max_hp_gain":0.0,"max_hp_loss":0.0,"gold_gain":75.0,"event_name":"World of Goop","player_choice":"Gather Gold","floor":5.0,"gold_loss":0.0,"damage_taken":11.0},{"damage_healed":0.0,"max_hp_gain":0.0,"max_hp_loss":0.0,"gold_gain":0.0,"event_name":"The Woman in Blue","player_choice":"Bought 0 Potions","floor":13.0,"gold_loss":0.0,"damage_taken":0.0},{"damage_healed":0,"gold_gain":0,"player_choice":"Opened","damage_taken":0,"relics_obtained":["Centennial Puzzle"],"max_hp_gain":0,"max_hp_loss":0,"event_name":"The Mausoleum","floor":25,"gold_loss":0,"cards_obtained":["Writhe"]}],"is_beta":false,"boss_relics":[{"not_picked":["Eternal Feather","Fusion Hammer"],"picked":"Empty Cage"}],"items_purged_floors":[21],"is_endless":false,"potions_floor_spawned":[10,12,23,28,31],"killed_by":"Collector","ascension_level":0}