{"gold_per_floor":[212,212,212,224,234,234,250,284,334,334,181,191,191,201,201,302,302,313,313,313,228,250,590,602,614,626,657,688,718,741,516,516,516],"floor_reached":33,"playtime":815,"items_purged":["Strike_B"],"score":294,"play_id":"e709ff14-3be5-4f11-8d3d-ed23e16f97e6","local_time":"20190527012513","is_ascension_mode":false,"campfire_choices":[{"data":"Dualcast","floor":6.0,"key":"SMITH"},{"data":"Zap","floor":10.0,"key":"SMITH"},{"data":"Defend_B","floor":13.0,"key":"SMITH"},{"data":"Strike_B","floor":15.0,"key":"SMITH"},{"data":"Buffer","floor":24.0,"key":"SMITH"},{"floor":32,"key":"REST"}],"neow_cost":"NONE","seed_source_timestamp":3123326590395210,"circlet_count":0,"master_deck":["Strike_B+1","Strike_B","Strike_B","Defend_B+1","Defend_B","Defend_B","Defend_B","Zap+1","Dualcast+1","Sunder+1","Chill","BootSequence","Buffer+1","Cold Snap+1","Go for the Eyes+1"],"special_seed":0,"relics":["Cracked Core","Gremlin Horn","PreservedInsect","Lantern","Black Star","MawBank","Happy Flower","Old Coin","Strawberry","Membership Card"],"potions_floor_usage":[],"damage_taken":[{"damage":2.0,"enemies":"Jaw Worm","floor":1.0,"turns":4.0},{"damage":0.0,"enemies":"Cultist","floor":4.0,"turns":2.0},{"damage":0.0,"enemies":"Small Slimes","floor":5.0,"turns":1.0},{"damage":0.0,"enemies":"Looter","floor":7.0,"turns":3.0},{"damage":0.0,"enemies":"3 Sentries","floor":8.0,"turns":7.0},{"damage":7.0,"enemies":"Blue Slaver","floor":12.0,"turns":2.0},{"damage":0.0,"enemies":"Lots of Slimes","floor":14.0,"turns":3.0},{"damage":24.0,"enemies":"Slime Boss","floor":16.0,"turns":7.0},{"damage":0.0,"enemies":"Spheric Guardian","floor":18.0,"turns":4.0},{"damage":9.0,"enemies":"2 Thieves","floor":22.0,"turns":4.0},{"damage":14.0,"enemies":"Slavers","floor":23.0,"turns":5.0},{"damage":10,"enemies":"Snake Plant","floor":27,"turns":5},{"damage":0,"enemies":"Chosen and Byrds","floor":28,"turns":6},{"damage":4,"enemies":"Centurion and Healer","floor":29,"turns":8},{"damage":0,"enemies":"Cultist and Chosen","floor":30,"turns":7},{"damage":0,"enemies":"Champ","floor":33,"turns":1}],"seed_played":"-7488797080199085095","potions_obtained":[{"floor":4.0,"key":"SkillPotion"},{"floor":7.0,"key":"Fire Potion"},{"floor":8.0,"key":"Weak Potion"},{"floor":12.0,"key":"PowerPotion"}],"is_trial":false,"path_per_floor":["M","?","$","M","M","R","M","E","T","R","$","M","R","M","R","B",null,"M","?","?","?","M","E","R","$","T","M","M","M","M","$","R","B"],"character_chosen":"DEFECT","items_purchased":["Lantern","Membership Card"],"campfire_rested":1,"item_purchase_floors":[11,31],"current_hp_per_floor":[73,73,73,73,73,73,73,73,73,73,73,66,66,66,66,42,75,75,75,75,75,66,52,52,52,59,49,49,45,45,45,69,69],"gold":516,"neow_bonus":"HUNDRED_GOLD","is_prod":false,"is_daily":false,"chose_seed":false,"campfire_upgraded":5,"win_rate":0,"timestamp":1558916713,"path_taken":["M","?","$","M","?","R","M","E","T","R","?","M","R","?","R","BOSS","M","?","?","?","M","E","R","?","T","M","?","M","M","$","R","BOSS"],"build_version":"2019-01-23","purchased_purges":1,"victory":false,"max_hp_per_floor":[75,75,75,75,75,75,75,75,75,75,75,75,75,75,75,75,75,75,75,75,75,75,75,75,75,82,82,82,82,82,82,82,82],"card_choices":[{"not_picked":["Turbo","Steam Power"],"picked":"Sunder","floor":1.0},{"not_picked":["Recycle","Reprogram"],"picked":"Chill","floor":4.0},{"not_picked":["Steam Power","Scrape","Hologram"],"picked":"SKIP","floor":5.0},{"not_picked":["Double Energy","Heatsinks","Stack"],"picked":"SKIP","floor":7.0},{"not_picked":["FTL","Stack","Streamline"],"picked":"SKIP","floor":8.0},{"not_picked":["Turbo","Steam Power"],"picked":"BootSequence","floor":12.0},{"not_picked":["Recycle","Rebound","Reprogram"],"picked":"SKIP","floor":14.0},{"not_picked":["Machine Learning","Reboot"],"picked":"Buffer","floor":16.0},{"not_picked":["Genetic Algorithm","Barrage","Beam Cell"],"picked":"SKIP","floor":18.0},{"not_picked":["Redo+1","Stack+1"],"picked":"Cold Snap+1","floor":22.0},{"not_picked":["Fusion","Steam","Beam Cell"],"picked":"SKIP","floor":23.0},{"not_picked":["Compile Driver","Static Discharge","Hologram"],"picked":"SKIP","floor":27},{"not_picked":["Reprogram","Blizzard+1","Sweeping Beam"],"picked":"SKIP","floor":28},{"not_picked":["Machine Learning","Cold Snap"],"picked":"Go for the Eyes+1","floor":29},{"not_picked":["Gash","Coolheaded","Undo"],"picked":"SKIP","floor":30}],"player_experience":1259394,"relics_obtained":[{"floor":8.0,"key":"Gremlin Horn"},{"floor":9.0,"key":"PreservedInsect"},{"floor":23.0,"key":"Happy Flower"},{"floor":23.0,"key":"Old Coin"},{"floor":26.0,"key":"Strawberry"}],"event_choices":[{"damage_healed":0.0,"max_hp_gain":0.0,"max_hp_loss":0.0,"gold_gain":0.0,"event_name":"Upgrade Shrine","player_choice":"Upgraded","floor":2.0,"gold_loss":0.0,"damage_taken":0.0,"cards_upgraded":["Sunder"]},{"damage_healed":0.0,"max_hp_gain":0.0,"max_hp_loss":0.0,"gold_gain":0.0,"event_name":"Ghosts","player_choice":"Ignored","floor":19.0,"gold_loss":0.0,"damage_taken":0.0},{"damage_healed":0.0,"max_hp_gain":0.0,"max_hp_loss":0.0,"gold_gain":0.0,"event_name":"Vampires","player_choice":"Ignored","floor":20.0,"gold_loss":0.0,"damage_taken":0.0},{"damage_healed":0.0,"max_hp_gain":0.0,"max_hp_loss":0.0,"gold_gain":0.0,"event_name":"Addict","player_choice":"Obtained Relic","floor":21.0,"gold_loss":85.0,"damage_taken":0.0,"relics_obtained":["MawBank"]}],"is_beta":false,"boss_relics":[{"not_picked":["Snecko Eye","Runic Pyramid"],"picked":"Black Star"}],"items_purged_floors":[31],"is_endless":false,"potions_floor_spawned":[4,7,8,12,18,22,28,29],"killed_by":"Champ","ascension_level":0}