{"gold_per_floor":[111,125,300,315,331,360,360,360],"floor_reached":8,"playtime":951,"items_purged":[],"score":61,"play_id":"342cced9-01e3-45bd-92d7-f4c8b5467d0b","local_time":"20190504141905","is_ascension_mode":true,"campfire_choices":[{"data":"Pain","floor":7,"key":"PURGE"}],"neow_cost":"CURSE","seed_source_timestamp":660957535238100,"circlet_count":0,"master_deck":["Defend_G","Defend_G","Defend_G","Defend_G","Defend_G","Strike_G","Strike_G","Strike_G","Strike_G","Strike_G","Survivor","Neutralize","Acrobatics","Dagger Spray","Doubt","Flying Knee","Dodge and Roll","Tools of the Trade"],"special_seed":0,"relics":["Ring of the Snake","Peace Pipe","Potion Belt"],"potions_floor_usage":[6,6,8],"damage_taken":[{"damage":2.0,"enemies":"2 Louse","floor":1.0,"turns":3.0},{"damage":2.0,"enemies":"Jaw Worm","floor":2.0,"turns":6.0},{"damage":6.0,"enemies":"Small Slimes","floor":4.0,"turns":6.0},{"damage":3.0,"enemies":"2 Fungi Beasts","floor":5.0,"turns":3.0},{"damage":29,"enemies":"Gremlin Nob","floor":6,"turns":4},{"damage":28,"enemies":"3 Sentries","floor":8,"turns":6}],"seed_played":"-1552820237494597676","potions_obtained":[{"floor":1.0,"key":"Strength Potion"},{"floor":4.0,"key":"SteroidPotion"},{"floor":5.0,"key":"SpeedPotion"}],"is_trial":false,"path_per_floor":["M","M","?","M","M","E","R","E"],"character_chosen":"THE_SILENT","items_purchased":[],"campfire_rested":0,"item_purchase_floors":[],"current_hp_per_floor":[68,66,66,60,57,28,28,0],"gold":360,"neow_bonus":"ONE_RARE_RELIC","is_prod":false,"is_daily":false,"chose_seed":false,"campfire_upgraded":0,"win_rate":1,"timestamp":1556997545,"path_taken":["M","M","?","M","M","E","R","E"],"build_version":"2019-01-23","purchased_purges":0,"victory":false,"max_hp_per_floor":[70,70,70,70,70,70,70,70],"card_choices":[{"not_picked":["Eviscerate","Endless Agony"],"picked":"Acrobatics","floor":1.0},{"not_picked":["Predator","Bane"],"picked":"Dagger Spray","floor":2.0},{"not_picked":["Backflip","Quick Slash"],"picked":"Flying Knee","floor":4.0},{"not_picked":["Escape Plan","Distraction"],"picked":"Dodge and Roll","floor":5.0},{"not_picked":["Poisoned Stab","Slice"],"picked":"Tools of the Trade","floor":6}],"player_experience":55847,"relics_obtained":[{"floor":6,"key":"Potion Belt"}],"event_choices":[{"damage_healed":0.0,"max_hp_gain":0.0,"max_hp_loss":0.0,"gold_gain":175.0,"event_name":"Liars Game","player_choice":"AGREE","floor":3.0,"gold_loss":0.0,"damage_taken":0.0,"cards_obtained":["Doubt"]}],"is_beta":false,"boss_relics":[],"items_purged_floors":[],"is_endless":false,"potions_floor_spawned":[1,4,5],"killed_by":"3 Sentries","ascension_level":1}