{"gold_per_floor":[117,127,139,159,169,194,207,207,207,207,241,255,283,298,298,396,396,407,424,22,42,56,88,88,122,122,142,142,241,270,289,289,389,389,406,406,24,35,135,167,179,209,263,274,290,317,317,387,387,387],"floor_reached":50,"playtime":7124,"items_purged":[],"score":785,"play_id":"d855a062-82b5-4e61-85a4-002b37bf14bb","local_time":"20190511234701","is_ascension_mode":true,"campfire_choices":[{"data":"Neutralize","floor":10.0,"key":"SMITH"},{"data":"Quick Slash","floor":15.0,"key":"SMITH"},{"data":"Corpse Explosion","floor":24.0,"key":"SMITH"},{"data":"Apotheosis","floor":28.0,"key":"SMITH"},{"data":"Dagger Throw","floor":32.0,"key":"SMITH"},{"floor":49.0,"key":"RECALL"}],"neow_cost":"NONE","seed_source_timestamp":0,"circlet_count":0,"master_deck":["Defend_G","Defend_G","Defend_G","Defend_G","Defend_G","Strike_G","Strike_G","Strike_G","Strike_G","Strike_G","Survivor","Neutralize+1","Dagger Throw+1","Cloak And Dagger","Quick Slash+1","Dagger Throw","Prepared","Footwork+1","Flying Knee","Deflect","Die Die Die","Cloak And Dagger","Slice","Corpse Explosion+1","Caltrops","Dagger Throw+1","Apotheosis+1","Blind","Slice","Dodge and Roll+1","Dodge and Roll","Blade Dance+1","Cloak And Dagger","Blur+1","Predator","Burst","Quick Slash+1","Accuracy","Backflip","Blur","Dodge and Roll+1","Footwork+1","Dash","Parasite","Acrobatics+1","Well Laid Plans+1","Deadly Poison+1"],"special_seed":0,"relics":["Ring of the Snake","Meat on the Bone","The Courier","Orichalcum","Sozu","Bottled Tornado","Pear","Shuriken","Dodecahedron","Potion Belt","Cursed Key","Darkstone Periapt","War Paint","Pocketwatch","Gremlin Horn","Bag of Marbles","Blood Vial","Regal Pillow","SsserpentHead"],"potions_floor_usage":[],"damage_taken":[{"damage":2.0,"enemies":"2 Louse","floor":1.0,"turns":3.0},{"damage":0.0,"enemies":"Cultist","floor":2.0,"turns":4.0},{"damage":3.0,"enemies":"Jaw Worm","floor":3.0,"turns":3.0},{"damage":3.0,"enemies":"Blue Slaver","floor":4.0,"turns":5.0},{"damage":3.0,"enemies":"Looter","floor":5.0,"turns":4.0},{"damage":28.0,"enemies":"Lagavulin","floor":6.0,"turns":8.0},{"damage":7.0,"enemies":"Red Slaver","floor":7.0,"turns":4.0},{"damage":18.0,"enemies":"3 Sentries","floor":11.0,"turns":6.0},{"damage":11.0,"enemies":"Gremlin Gang","floor":12.0,"turns":5.0},{"damage":19.0,"enemies":"Gremlin Nob","floor":13.0,"turns":5.0},{"damage":6.0,"enemies":"2 Fungi Beasts","floor":14.0,"turns":3.0},{"damage":37.0,"enemies":"Slime Boss","floor":16.0,"turns":13.0},{"damage":2.0,"enemies":"Chosen","floor":18.0,"turns":4.0},{"damage":12.0,"enemies":"2 Thieves","floor":19.0,"turns":2.0},{"damage":13.0,"enemies":"Centurion and Healer","floor":21.0,"turns":4.0},{"damage":0.0,"enemies":"3 Cultists","floor":22.0,"turns":3.0},{"damage":24.0,"enemies":"Slavers","floor":23.0,"turns":5.0},{"damage":4.0,"enemies":"Gremlin Leader","floor":25.0,"turns":6.0},{"damage":8.0,"enemies":"Snecko","floor":27.0,"turns":4.0},{"damage":26.0,"enemies":"Slavers","floor":30.0,"turns":4.0},{"damage":0.0,"enemies":"Centurion and Healer","floor":31.0,"turns":5.0},{"damage":6.0,"enemies":"Automaton","floor":33.0,"turns":10.0},{"damage":0.0,"enemies":"Orb Walker","floor":35.0,"turns":3.0},{"damage":0.0,"enemies":"3 Shapes","floor":38.0,"turns":2.0},{"damage":5.0,"enemies":"Mind Bloom Boss Battle","floor":39.0,"turns":6.0},{"damage":3.0,"enemies":"Giant Head","floor":40.0,"turns":7.0},{"damage":12.0,"enemies":"Writhing Mass","floor":41.0,"turns":8.0},{"damage":0.0,"enemies":"Reptomancer","floor":42.0,"turns":6.0},{"damage":0.0,"enemies":"Sphere and 2 Shapes","floor":44.0,"turns":5.0},{"damage":9.0,"enemies":"Jaw Worm Horde","floor":45.0,"turns":2.0},{"damage":19.0,"enemies":"Nemesis","floor":46.0,"turns":7.0},{"damage":20.0,"enemies":"4 Shapes","floor":48.0,"turns":4.0},{"damage":48,"enemies":"Donu and Deca","floor":50,"turns":3}],"seed_played":"-8252117410223822719","potions_obtained":[{"floor":3.0,"key":"Ancient Potion"},{"floor":4.0,"key":"Regen Potion"},{"floor":6.0,"key":"SkillPotion"},{"floor":12.0,"key":"Explosive Potion"},{"floor":16.0,"key":"GamblersBrew"}],"is_trial":false,"path_per_floor":["M","M","M","M","M","E","M","?","T","R","E","M","E","M","R","B",null,"M","M","$","M","M","E","R","E","T","M","R","?","E","M","R","B",null,"M","?","$","M","?","E","M","E","T","M","M","E","?","M","R","B"],"character_chosen":"THE_SILENT","items_purchased":["Apotheosis","Blind","Bottled Tornado","Accuracy","Darkstone Periapt","War Paint"],"campfire_rested":0,"item_purchase_floors":[20,20,20,37,37,37],"current_hp_per_floor":[75,75,72,69,66,53,46,46,46,46,40,41,34,40,40,15,77,75,63,63,50,50,48,48,44,44,48,48,48,34,46,46,52,87,87,87,87,87,82,79,67,67,73,75,68,51,51,45,45,0],"gold":387,"neow_bonus":"TEN_PERCENT_HP_BONUS","is_prod":false,"is_daily":false,"chose_seed":false,"campfire_upgraded":5,"win_rate":0,"timestamp":1557636421,"path_taken":["M","M","M","M","M","E","M","?","T","R","E","M","E","M","R","BOSS","M","M","$","M","M","E","R","E","T","M","R","?","E","M","R","BOSS","M","?","$","M","?","E","M","E","T","M","M","E","?","?","R","BOSS"],"build_version":"2019-01-23","purchased_purges":0,"victory":false,"max_hp_per_floor":[77,77,77,77,77,77,77,77,77,77,77,77,77,77,77,77,77,77,77,77,77,77,87,87,87,87,87,87,87,87,87,87,87,87,87,87,87,87,87,87,87,87,93,93,93,93,93,93,93,93],"card_choices":[{"not_picked":["Blade Dance","Crippling Poison"],"picked":"Dagger Throw","floor":1.0},{"not_picked":["Acrobatics","Blur"],"picked":"Cloak And Dagger","floor":2.0},{"not_picked":["Riddle With Holes","Blade Dance"],"picked":"Quick Slash","floor":3.0},{"not_picked":["Backflip","Catalyst"],"picked":"Dagger Throw","floor":4.0},{"not_picked":["Leg Sweep","Masterful Stab"],"picked":"Prepared","floor":5.0},{"not_picked":["Dagger Throw","Bouncing Flask"],"picked":"Footwork","floor":6.0},{"not_picked":["Skewer","Bane"],"picked":"Flying Knee","floor":7.0},{"not_picked":["Footwork","Prepared"],"picked":"Deflect","floor":11.0},{"not_picked":["Crippling Poison","Finisher"],"picked":"Die Die Die","floor":12.0},{"not_picked":["Masterful Stab","Bane"],"picked":"Cloak And Dagger","floor":13.0},{"not_picked":["Deflect","Dagger Spray"],"picked":"Slice","floor":14.0},{"not_picked":["Envenom","Bullet Time"],"picked":"Corpse Explosion","floor":16.0},{"not_picked":["Bane+1","Deflect"],"picked":"Caltrops","floor":18.0},{"not_picked":["Expertise+1","Accuracy+1"],"picked":"Dagger Throw+1","floor":19.0},{"not_picked":["Calculated Gamble","Skewer"],"picked":"Slice","floor":21.0},{"not_picked":["Masterful Stab","Bane+1"],"picked":"Dodge and Roll","floor":22.0},{"not_picked":["Bane+1","Poisoned Stab+1"],"picked":"Dodge and Roll","floor":23.0},{"not_picked":["Sucker Punch+1","Storm of Steel"],"picked":"Blade Dance+1","floor":25.0},{"not_picked":["Dagger Throw","Poisoned Stab+1"],"picked":"Cloak And Dagger","floor":27.0},{"not_picked":["Night Terror","Slice"],"picked":"Blur","floor":30.0},{"not_picked":["Backflip","Eviscerate"],"picked":"Predator","floor":31.0},{"not_picked":["After Image","Unload"],"picked":"Burst","floor":33.0},{"not_picked":["Blade Dance","Noxious Fumes+1"],"picked":"Quick Slash+1","floor":35.0},{"not_picked":["Acrobatics","PiercingWail+1"],"picked":"Backflip","floor":38.0},{"not_picked":["Flechettes+1","Deflect"],"picked":"Blur","floor":39.0},{"not_picked":["Bane","Underhanded Strike"],"picked":"Dodge and Roll+1","floor":40.0},{"not_picked":["Phantasmal Killer","Underhanded Strike+1"],"picked":"Footwork+1","floor":41.0},{"not_picked":["Outmaneuver+1","Dagger Spray"],"picked":"Dash","floor":42.0},{"not_picked":["Dash","Finisher","Masterful Stab+1"],"picked":"SKIP","floor":44.0},{"not_picked":["Prepared+1","Choke"],"picked":"Acrobatics+1","floor":45.0},{"not_picked":["Prepared","Storm of Steel"],"picked":"Well Laid Plans+1","floor":46.0},{"not_picked":["Underhanded Strike","Outmaneuver+1"],"picked":"Deadly Poison+1","floor":48.0}],"player_experience":91593,"relics_obtained":[{"floor":6.0,"key":"Meat on the Bone"},{"floor":11.0,"key":"The Courier"},{"floor":13.0,"key":"Orichalcum"},{"floor":23.0,"key":"Pear"},{"floor":25.0,"key":"Shuriken"},{"floor":26.0,"key":"Dodecahedron"},{"floor":30.0,"key":"Potion Belt"},{"floor":39.0,"key":"Pocketwatch"},{"floor":40.0,"key":"Gremlin Horn"},{"floor":42.0,"key":"Bag of Marbles"},{"floor":43.0,"key":"Blood Vial"},{"floor":46.0,"key":"Regal Pillow"}],"event_choices":[{"damage_healed":0.0,"max_hp_gain":0.0,"max_hp_loss":0.0,"gold_gain":0.0,"event_name":"Accursed Blacksmith","player_choice":"Forge","floor":8.0,"gold_loss":0.0,"damage_taken":0.0,"cards_upgraded":["Footwork"]},{"damage_healed":0.0,"max_hp_gain":0.0,"max_hp_loss":0.0,"gold_gain":99.0,"event_name":"Nest","player_choice":"Stole From Cult","floor":29.0,"gold_loss":0.0,"damage_taken":0.0},{"damage_healed":0.0,"max_hp_gain":0.0,"max_hp_loss":0.0,"gold_gain":0.0,"event_name":"Tomb of Lord Red Mask","player_choice":"Ignored","floor":36.0,"gold_loss":0.0,"damage_taken":0.0},{"damage_healed":0.0,"max_hp_gain":0.0,"max_hp_loss":0.0,"gold_gain":0.0,"event_name":"MindBloom","player_choice":"Fight","floor":39.0,"gold_loss":0.0,"damage_taken":0.0},{"damage_healed":0.0,"max_hp_gain":0.0,"max_hp_loss":0.0,"gold_gain":0.0,"event_name":"FaceTrader","player_choice":"Trade","floor":47.0,"gold_loss":0.0,"damage_taken":0.0,"relics_obtained":["SsserpentHead"]}],"is_beta":false,"boss_relics":[{"not_picked":["Velvet Choker","Astrolabe"],"picked":"Sozu"},{"not_picked":["Calling Bell","Busted Crown"],"picked":"Cursed Key"}],"items_purged_floors":[],"is_endless":false,"potions_floor_spawned":[3,4,6,12,16,21,23,25,30,31,33,35,38,41,42,44],"killed_by":"Donu and Deca","ascension_level":2}