{"gold_per_floor":[118,118,17,30,50,50,82,82,82,102,102,130,143,89,89,194,194,209,134,233,233,187,222,172,172,172,172,191,202,217,236,236,335,335,355,374,183,201,215,215,233,233,233,233,135,85,96,96,96,96],"floor_reached":51,"playtime":1338,"items_purged":["Strike_B","Strike_B","Strike_B","Dualcast"],"score":752,"play_id":"9f3d92b0-e03a-45cf-8677-136b2f293c4f","local_time":"20190531211555","is_ascension_mode":false,"campfire_choices":[{"data":"Hyperbeam","floor":6.0,"key":"SMITH"},{"data":"Gash","floor":8.0,"key":"SMITH"},{"data":"Gash","floor":11.0,"key":"SMITH"},{"data":"Go for the Eyes","floor":15.0,"key":"SMITH"},{"data":"Buffer","floor":27.0,"key":"SMITH"},{"floor":32.0,"key":"REST"},{"floor":40,"key":"REST"},{"data":"Gash","floor":42,"key":"SMITH"},{"data":"Scrape","floor":44,"key":"SMITH"},{"floor":49,"key":"REST"}],"neow_cost":"NONE","seed_source_timestamp":172944604270086,"circlet_count":0,"master_deck":["Defend_B","Defend_B","Defend_B","Core Surge","Gash+1","Gash+1","Conserve Battery","Hyperbeam+1","Gash+1","Go for the Eyes+1","Buffer+1","Beam Cell+1","Gash","FTL+1","Gash+1","Conserve Battery","Scrape+1","Conserve Battery+1","Gash+1"],"special_seed":0,"relics":["Cracked Core","Singing Bowl","Symbiotic Virus","Potion Belt","Nuclear Battery","Smiling Mask","Frozen Egg 2","Orrery","Cables"],"potions_floor_usage":[50,50,50,50,50],"damage_taken":[{"damage":0.0,"enemies":"Small Slimes","floor":1.0,"turns":3.0},{"damage":0.0,"enemies":"Cultist","floor":4.0,"turns":3.0},{"damage":0.0,"enemies":"2 Louse","floor":5.0,"turns":2.0},{"damage":2.0,"enemies":"3 Sentries","floor":7.0,"turns":3.0},{"damage":3.0,"enemies":"Red Slaver","floor":10.0,"turns":3.0},{"damage":11.0,"enemies":"Lagavulin","floor":12.0,"turns":3.0},{"damage":0.0,"enemies":"Gremlin Gang","floor":13.0,"turns":1.0},{"damage":12.0,"enemies":"Slime Boss","floor":16.0,"turns":6.0},{"damage":0.0,"enemies":"Spheric Guardian","floor":18.0,"turns":3.0},{"damage":34.0,"enemies":"Slavers","floor":23.0,"turns":5.0},{"damage":5.0,"enemies":"3 Byrds","floor":28.0,"turns":4.0},{"damage":10.0,"enemies":"Snake Plant","floor":29.0,"turns":4.0},{"damage":0.0,"enemies":"Sentry and Sphere","floor":30.0,"turns":4.0},{"damage":0.0,"enemies":"Cultist and Chosen","floor":31.0,"turns":4.0},{"damage":65.0,"enemies":"Automaton","floor":33.0,"turns":10.0},{"damage":4.0,"enemies":"Orb Walker","floor":35.0,"turns":3.0},{"damage":22.0,"enemies":"3 Darklings","floor":36.0,"turns":3.0},{"damage":9.0,"enemies":"Writhing Mass","floor":38.0,"turns":6.0},{"damage":19,"enemies":"Maw","floor":39,"turns":6},{"damage":0,"enemies":"Jaw Worm Horde","floor":41,"turns":3},{"damage":10,"enemies":"4 Shapes","floor":47,"turns":4},{"damage":78,"enemies":"Donu and Deca","floor":50,"turns":8}],"seed_played":"862071386268666563","potions_obtained":[{"floor":1.0,"key":"SteroidPotion"},{"floor":10.0,"key":"Weak Potion"},{"floor":16.0,"key":"SneckoOil"},{"floor":18.0,"key":"Ancient Potion"},{"floor":28.0,"key":"Weak Potion"},{"floor":31.0,"key":"Strength Potion"},{"floor":36.0,"key":"AttackPotion"},{"floor":39,"key":"Regen Potion"}],"is_trial":false,"path_per_floor":["M","?","$","M","M","R","E","R","T","M","R","E","M","$","R","B",null,"M","?","?","?","$","E","$","?","T","R","M","M","M","M","R","B",null,"M","M","$","M","M","R","M","R","T","R","$","$","M","?","R","B",null],"character_chosen":"DEFECT","items_purchased":["Gash","Conserve Battery","Go for the Eyes","Beam Cell","Scrape","Strength Potion","Dexterity Potion","Dexterity Potion"],"campfire_rested":3,"item_purchase_floors":[3,3,14,22,37,37,37,45],"current_hp_per_floor":[75,75,75,75,75,75,75,75,75,74,74,63,65,65,65,53,81,83,83,83,83,83,51,51,51,51,51,48,40,42,42,69,6,97,95,75,75,68,51,82,82,82,82,82,82,82,72,72,103,40],"gold":96,"neow_bonus":"ONE_RANDOM_RARE_CARD","is_prod":false,"is_daily":false,"chose_seed":false,"campfire_upgraded":7,"win_rate":0,"timestamp":1559333755,"path_taken":["M","?","$","M","?","R","E","R","T","M","R","E","M","$","R","BOSS","M","?","?","?","$","E","$","?","T","R","?","M","M","M","R","BOSS","M","M","?","?","M","R","?","R","T","R","?","$","M","?","R","BOSS"],"build_version":"2019-01-23","purchased_purges":4,"victory":true,"max_hp_per_floor":[75,75,75,75,75,75,77,77,77,79,79,79,81,81,81,81,81,83,83,83,83,83,85,85,85,85,85,87,89,91,91,91,93,97,99,101,101,103,105,105,105,105,105,105,105,105,105,105,105,105],"card_choices":[{"not_picked":["Beam Cell","Force Field"],"picked":"Gash","floor":1.0},{"not_picked":["Cold Snap","Rebound","Steam"],"picked":"SKIP","floor":4.0},{"not_picked":["Turbo","Redo"],"picked":"Hyperbeam","floor":5.0},{"not_picked":["Rebound","Biased Cognition","Cold Snap"],"picked":"Singing Bowl","floor":7.0},{"not_picked":["Hologram","Coolheaded","Self Repair"],"picked":"Singing Bowl","floor":10.0},{"not_picked":["Go for the Eyes","Recycle"],"picked":"Gash","floor":12.0},{"not_picked":["Reinforced Body","Steam","Blizzard"],"picked":"Singing Bowl","floor":13.0},{"not_picked":["Reboot","Machine Learning"],"picked":"Buffer","floor":16.0},{"not_picked":["Steam Power","Heatsinks","Barrage"],"picked":"Singing Bowl","floor":18.0},{"not_picked":["Sweeping Beam","Stack","Electrodynamics"],"picked":"Singing Bowl","floor":23.0},{"not_picked":["Stack","Compile Driver","Sweeping Beam"],"picked":"Singing Bowl","floor":28.0},{"not_picked":["Cold Snap","Blizzard","Chill"],"picked":"Singing Bowl","floor":29.0},{"not_picked":["Capacitor+1","Recycle","Coolheaded"],"picked":"Singing Bowl","floor":30.0},{"not_picked":["Melter","Go for the Eyes"],"picked":"Gash","floor":31.0},{"not_picked":["Multi-Cast","Core Surge","Fission"],"picked":"Singing Bowl","floor":33.0},{"not_picked":["Melter","Leap"],"picked":"FTL+1","floor":34.0},{"not_picked":["Sweeping Beam","Leap","Rebound+1"],"picked":"Singing Bowl","floor":34.0},{"not_picked":["Leap","Reinforced Body","Barrage"],"picked":"Singing Bowl","floor":34.0},{"not_picked":["Beam Cell","Conserve Battery"],"picked":"Gash+1","floor":34.0},{"not_picked":["Cold Snap","Ball Lightning"],"picked":"Conserve Battery","floor":34.0},{"not_picked":["Fission","Defragment+1","Static Discharge+1"],"picked":"Singing Bowl","floor":35.0},{"not_picked":["Sunder","Streamline","Cold Snap"],"picked":"Singing Bowl","floor":36.0},{"not_picked":["Force Field+1","Cold Snap","Go for the Eyes"],"picked":"Singing Bowl","floor":38.0},{"not_picked":["Lockon","Cold Snap","Fission"],"picked":"Singing Bowl","floor":39},{"not_picked":["Sweeping Beam+1","Doom and Gloom"],"picked":"Conserve Battery+1","floor":41},{"not_picked":["Beam Cell+1","Doom and Gloom"],"picked":"Gash+1","floor":47}],"player_experience":1268350,"relics_obtained":[{"floor":7.0,"key":"Singing Bowl"},{"floor":9.0,"key":"Symbiotic Virus"},{"floor":12.0,"key":"Potion Belt"},{"floor":23.0,"key":"Smiling Mask"},{"floor":26.0,"key":"Frozen Egg 2"},{"floor":43,"key":"Cables"}],"event_choices":[{"cards_removed":["Strike_B"],"damage_healed":0.0,"max_hp_gain":0.0,"max_hp_loss":0.0,"gold_gain":0.0,"event_name":"Bonfire Elementals","player_choice":"Offered Basic","floor":2.0,"gold_loss":0.0,"damage_taken":0.0},{"cards_removed":["Zap"],"damage_healed":0.0,"max_hp_gain":0.0,"max_hp_loss":0.0,"gold_gain":0.0,"event_name":"Beggar","player_choice":"Gave Gold","floor":19.0,"gold_loss":75.0,"damage_taken":0.0},{"damage_healed":0.0,"max_hp_gain":0.0,"max_hp_loss":0.0,"gold_gain":99.0,"event_name":"Nest","player_choice":"Stole From Cult","floor":20.0,"gold_loss":0.0,"damage_taken":0.0},{"damage_healed":0.0,"max_hp_gain":0.0,"max_hp_loss":0.0,"gold_gain":0.0,"event_name":"Vampires","player_choice":"Ignored","floor":21.0,"gold_loss":0.0,"damage_taken":0.0},{"damage_healed":0.0,"max_hp_gain":0.0,"max_hp_loss":0.0,"gold_gain":0.0,"event_name":"Accursed Blacksmith","player_choice":"Forge","floor":25.0,"gold_loss":0.0,"damage_taken":0.0,"cards_upgraded":["Beam Cell"]},{"cards_removed":["Defend_B"],"damage_healed":0,"gold_gain":0,"player_choice":"Removed Skill","damage_taken":0,"max_hp_gain":0,"max_hp_loss":0,"event_name":"Falling","floor":48,"gold_loss":0}],"is_beta":false,"boss_relics":[{"not_picked":["Black Star","FrozenCore"],"picked":"Nuclear Battery"},{"not_picked":["Sozu","Philosopher\u0027s Stone"],"picked":"Orrery"}],"items_purged_floors":[24,37,45,46],"is_endless":false,"potions_floor_spawned":[1,10,16,18,28,31,36,39,47],"ascension_level":0}