{"gold_per_floor":[112,126,301,314,82,157,184,184,184,184,203,222,256,286,298,405,417,447,459,481,506,532,544],"floor_reached":23,"playtime":2293,"items_purged":["Doubt"],"score":226,"play_id":"c97643b3-0149-4732-84f1-612f3107fcdc","local_time":"20190617004528","is_ascension_mode":true,"campfire_choices":[{"floor":8,"key":"REST"},{"data":"Endless Agony","floor":10,"key":"SMITH"},{"floor":15,"key":"REST"}],"neow_cost":"NONE","seed_source_timestamp":96626318801400,"circlet_count":0,"master_deck":["Defend_G","Defend_G","Defend_G","Defend_G","Strike_G","Strike_G","Strike_G","Strike_G","Survivor","Neutralize","Endless Agony+1","Infinite Blades","Accuracy","Prepared","Flying Knee","Masterful Stab","Backstab","Blade Dance","Corpse Explosion","Crippling Poison+1","Noxious Fumes+1","Eviscerate+1","Dodge and Roll+1","Dodge and Roll+1"],"relics":["Ring of the Snake","Bag of Preparation","Matryoshka","Pen Nib","Dead Branch","MawBank","Astrolabe"],"potions_floor_usage":[7,7,16,23,23,23],"damage_taken":[{"damage":5,"enemies":"Small Slimes","floor":1,"turns":4},{"damage":0,"enemies":"Jaw Worm","floor":2,"turns":4},{"damage":0,"enemies":"Cultist","floor":4,"turns":3},{"damage":30,"enemies":"Gremlin Nob","floor":7,"turns":4},{"damage":0,"enemies":"Looter","floor":11,"turns":1},{"damage":12,"enemies":"Exordium Wildlife","floor":12,"turns":3},{"damage":13,"enemies":"3 Sentries","floor":13,"turns":4},{"damage":2,"enemies":"Gremlin Gang","floor":14,"turns":3},{"damage":12,"enemies":"Hexaghost","floor":16,"turns":6},{"damage":16,"enemies":"Shell Parasite","floor":18,"turns":3},{"damage":12,"enemies":"Chosen","floor":20,"turns":3},{"damage":4,"enemies":"Snecko","floor":21,"turns":5},{"damage":34,"enemies":"Snake Plant","floor":22,"turns":4},{"damage":6,"enemies":"Slavers","floor":23,"turns":2}],"seed_played":"2163511752065611893","potions_obtained":[{"floor":1,"key":"FearPotion"},{"floor":2,"key":"LiquidBronze"},{"floor":13,"key":"GhostInAJar"},{"floor":16,"key":"EssenceOfSteel"},{"floor":21,"key":"Energy Potion"},{"floor":22,"key":"Dexterity Potion"}],"is_trial":false,"path_per_floor":["M","M","?","M","$","?","E","R","T","R","M","M","E","M","R","B",null,"M","?","M","M","M","E"],"character_chosen":"THE_SILENT","items_purchased":["Bag of Preparation"],"campfire_rested":2,"item_purchase_floors":[5],"current_hp_per_floor":[65,65,65,65,65,54,24,45,45,45,45,33,20,18,39,27,70,54,54,42,38,4,0],"gold":544,"neow_bonus":"THREE_CARDS","is_prod":false,"is_daily":false,"chose_seed":false,"campfire_upgraded":1,"win_rate":0,"timestamp":1560750328,"path_taken":["M","M","?","M","$","?","E","R","T","R","M","M","E","M","R","BOSS","M","?","M","M","M","E"],"build_version":"2019-01-23","purchased_purges":1,"victory":false,"max_hp_per_floor":[70,70,70,70,70,70,70,70,70,70,70,70,70,70,70,70,70,70,70,70,70,70,70],"card_choices":[{"not_picked":["Quick Slash","Flying Knee"],"picked":"Endless Agony","floor":0},{"not_picked":["Flechettes","Acrobatics"],"picked":"Bouncing Flask","floor":1},{"not_picked":["Cloak And Dagger","Finisher"],"picked":"Infinite Blades","floor":2},{"not_picked":["Catalyst","Slice"],"picked":"Accuracy","floor":4},{"not_picked":["Bane","Calculated Gamble"],"picked":"Prepared","floor":7},{"not_picked":["Burst","Underhanded Strike"],"picked":"Flying Knee","floor":11},{"not_picked":["Flechettes","Blur"],"picked":"Masterful Stab","floor":12},{"not_picked":["Outmaneuver","Cloak And Dagger"],"picked":"Backstab","floor":13},{"not_picked":["Poisoned Stab","Dodge and Roll"],"picked":"Blade Dance","floor":14},{"not_picked":["Envenom","Glass Knife"],"picked":"Corpse Explosion","floor":16},{"not_picked":["Infinite Blades+1","Deflect"],"picked":"Dodge and Roll+1","floor":18},{"not_picked":["Sucker Punch","Prepared","PiercingWail"],"picked":"SKIP","floor":20},{"not_picked":["Flying Knee","Bane","Prepared"],"picked":"SKIP","floor":21},{"not_picked":["Dagger Spray+1","Deadly Poison","Eviscerate+1"],"picked":"SKIP","floor":22}],"player_experience":113017,"relics_obtained":[{"floor":7,"key":"Matryoshka"},{"floor":9,"key":"Pen Nib"},{"floor":9,"key":"Dead Branch"},{"floor":13,"key":"MawBank"}],"event_choices":[{"damage_healed":0,"gold_gain":175,"player_choice":"AGREE","damage_taken":0,"max_hp_gain":0,"max_hp_loss":0,"event_name":"Liars Game","floor":3,"gold_loss":0,"cards_obtained":["Doubt"]},{"damage_healed":0,"gold_gain":75,"player_choice":"Gather Gold","damage_taken":11,"max_hp_gain":0,"max_hp_loss":0,"event_name":"World of Goop","floor":6,"gold_loss":0},{"damage_healed":0,"gold_gain":0,"player_choice":"Copied","damage_taken":0,"max_hp_gain":0,"max_hp_loss":0,"event_name":"Duplicator","floor":19,"gold_loss":0,"cards_obtained":["Dodge and Roll"]}],"is_beta":false,"boss_relics":[{"not_picked":["Runic Dome","Coffee Dripper"],"picked":"Astrolabe"}],"items_purged_floors":[5],"is_endless":false,"potions_floor_spawned":[1,2,13,16,21,22],"killed_by":"Slavers","ascension_level":2}