{"gold_per_floor":[110,128,128,141,151,151,110,128,155,167,167,178,189,202,202,307,307,317,317,317,317,269,269,269,289,337,337,363,363,389,408,408,511,511,528,547,547,472,485,485,72,72,96,111,130,5,21,0,0,0],"floor_reached":51,"playtime":1797,"items_purged":["Defend_B","Strike_B","Strike_B"],"score":806,"play_id":"03ee9fc9-4a7a-4856-97ca-2b0d4ecd0b09","local_time":"20190205194610","is_ascension_mode":false,"campfire_choices":[{"data":"Dualcast","floor":6,"key":"SMITH"},{"data":"Zap","floor":11,"key":"SMITH"},{"data":"Melter","floor":15,"key":"SMITH"},{"data":"Sunder","floor":23,"key":"SMITH"},{"data":"Go for the Eyes","floor":27,"key":"SMITH"},{"floor":32,"key":"REST"},{"data":"Electrodynamics","floor":40,"key":"SMITH"},{"data":"Thunder Strike","floor":42,"key":"SMITH"},{"floor":49,"key":"REST"}],"neow_cost":"NONE","seed_source_timestamp":3714392353230841,"circlet_count":0,"master_deck":["Strike_B+1","Strike_B+1","Defend_B","Defend_B","Defend_B+1","Zap+1","Dualcast+1","Auto Shields","Ball Lightning","Chill+1","Glacier","Go for the Eyes+1","BootSequence","Seek","Hologram+1","Sunder+1","Conserve Battery","Capacitor+1","Electrodynamics+1","Undo+1","Thunder Strike+1"],"relics":["Cracked Core","Bag of Marbles","War Paint","Black Star","Singing Bowl","DataDisk","Juzu Bracelet","Anchor","Oddly Smooth Stone","Omamori","Nuclear Battery","Whetstone","PreservedInsect","Red Mask"],"potions_floor_usage":[50,50,50],"damage_taken":[{"damage":1,"enemies":"2 Louse","floor":1,"turns":2},{"damage":0,"enemies":"Jaw Worm","floor":2,"turns":2},{"damage":0,"enemies":"Small Slimes","floor":4,"turns":2},{"damage":3,"enemies":"3 Louse","floor":5,"turns":2},{"damage":0,"enemies":"Large Slime","floor":8,"turns":5},{"damage":0,"enemies":"2 Fungi Beasts","floor":10,"turns":4},{"damage":0,"enemies":"Exordium Wildlife","floor":12,"turns":3},{"damage":0,"enemies":"Red Slaver","floor":13,"turns":2},{"damage":0,"enemies":"2 Fungi Beasts","floor":14,"turns":3},{"damage":10,"enemies":"The Guardian","floor":16,"turns":13},{"damage":0,"enemies":"Chosen","floor":18,"turns":5},{"damage":0,"enemies":"Shell Parasite","floor":25,"turns":5},{"damage":21,"enemies":"Gremlin Leader","floor":28,"turns":9},{"damage":10,"enemies":"Book of Stabbing","floor":30,"turns":7},{"damage":0,"enemies":"Centurion and Healer","floor":31,"turns":8},{"damage":60,"enemies":"Automaton","floor":33,"turns":15},{"damage":9,"enemies":"3 Darklings","floor":35,"turns":6},{"damage":0,"enemies":"Orb Walker","floor":36,"turns":4},{"damage":15,"enemies":"Maw","floor":39,"turns":10},{"damage":12,"enemies":"Transient","floor":44,"turns":5},{"damage":10,"enemies":"Sphere and 2 Shapes","floor":45,"turns":5},{"damage":0,"enemies":"4 Shapes","floor":47,"turns":5},{"damage":10,"enemies":"Awakened One","floor":50,"turns":16}],"seed_played":"1391974194741542468","potions_obtained":[{"floor":4,"key":"FocusPotion"},{"floor":5,"key":"LiquidBronze"},{"floor":10,"key":"Weak Potion"},{"floor":16,"key":"Dexterity Potion"},{"floor":18,"key":"Swift Potion"},{"floor":36,"key":"PowerPotion"},{"floor":39,"key":"Dexterity Potion"}],"is_trial":false,"path_per_floor":["M","M","$","M","M","R","$","M","T","M","R","M","M","M","R","B",null,"M","?","T","?","$","R","?","M","T","R","E","?","E","M","R","B",null,"M","M","?","$","M","R","$","R","T","M","M","$","M","?","R","B",null],"character_chosen":"DEFECT","items_purchased":["Glacier","Conserve Battery","Whetstone","Thunder Strike"],"campfire_rested":2,"item_purchase_floors":[7,22,41,41],"current_hp_per_floor":[74,74,74,74,71,71,71,71,71,71,71,71,71,71,71,61,75,75,75,75,61,61,61,61,63,63,63,44,44,34,36,61,1,86,79,79,79,79,66,66,66,66,66,56,48,48,50,50,78,68],"gold":0,"neow_bonus":"RANDOM_COMMON_RELIC","is_prod":false,"is_daily":false,"chose_seed":false,"campfire_upgraded":7,"win_rate":0,"timestamp":1549395970,"path_taken":["M","M","$","M","M","R","$","M","T","M","R","M","M","M","R","BOSS","M","?","?","?","$","R","?","M","T","R","E","?","E","M","R","BOSS","M","M","?","$","M","R","$","R","T","M","M","$","M","?","R","BOSS"],"build_version":"2019-01-23","purchased_purges":3,"victory":true,"max_hp_per_floor":[75,75,75,75,75,75,75,75,75,75,75,75,75,75,75,75,75,75,75,75,80,80,80,80,82,82,82,84,84,84,86,86,86,86,88,88,88,88,90,90,90,90,90,92,94,94,96,96,96,96],"card_choices":[{"not_picked":["Sweeping Beam","Gash"],"picked":"Auto Shields","floor":1},{"not_picked":["Stack","Darkness"],"picked":"Melter","floor":2},{"not_picked":["Sunder","Static Discharge"],"picked":"Ball Lightning","floor":4},{"not_picked":["Leap","FTL"],"picked":"Chill","floor":5},{"not_picked":["Rebound","Fusion","Coolheaded"],"picked":"SKIP","floor":8},{"not_picked":["Turbo","Coolheaded","Undo"],"picked":"SKIP","floor":10},{"not_picked":["Streamline","Turbo","Doom and Gloom"],"picked":"SKIP","floor":12},{"not_picked":["Coolheaded","Ball Lightning"],"picked":"Go for the Eyes","floor":13},{"not_picked":["Ball Lightning","Amplify"],"picked":"BootSequence","floor":14},{"not_picked":["Multi-Cast","Hyperbeam"],"picked":"Seek","floor":16},{"not_picked":["Tempest","Turbo"],"picked":"Hologram+1","floor":18},{"not_picked":["Skim+1","Sweeping Beam","Rebound+1"],"picked":"Singing Bowl","floor":25},{"not_picked":["Steam","Barrage","Streamline+1"],"picked":"Singing Bowl","floor":28},{"not_picked":["Lockon+1","Amplify"],"picked":"Capacitor+1","floor":30},{"not_picked":["Compile Driver","Turbo","Undo"],"picked":"Singing Bowl","floor":31},{"not_picked":["Rainbow","Reboot"],"picked":"Electrodynamics","floor":33},{"not_picked":["Auto Shields","Sweeping Beam+1","Heatsinks"],"picked":"Singing Bowl","floor":35},{"not_picked":["Hologram+1","Sweeping Beam+1"],"picked":"Undo+1","floor":36},{"not_picked":["Chaos","Gash+1","Hologram+1"],"picked":"Singing Bowl","floor":39},{"not_picked":["Beam Cell+1","Redo+1","Rebound+1"],"picked":"Singing Bowl","floor":44},{"not_picked":["Core Surge","Sweeping Beam","Loop"],"picked":"Singing Bowl","floor":45},{"not_picked":["Leap","Sweeping Beam","Stack+1"],"picked":"Singing Bowl","floor":47}],"player_experience":1018053,"relics_obtained":[{"floor":9,"key":"War Paint"},{"floor":20,"key":"Singing Bowl"},{"floor":26,"key":"DataDisk"},{"floor":28,"key":"Juzu Bracelet"},{"floor":28,"key":"Anchor"},{"floor":30,"key":"Oddly Smooth Stone"},{"floor":30,"key":"Omamori"},{"floor":43,"key":"PreservedInsect"}],"event_choices":[{"damage_healed":0,"gold_gain":0,"player_choice":"Read","damage_taken":0,"max_hp_gain":0,"max_hp_loss":0,"event_name":"The Library","floor":19,"gold_loss":0,"cards_obtained":["Sunder"]},{"damage_healed":0,"gold_gain":0,"player_choice":"Shed Blood","damage_taken":19,"max_hp_gain":5,"max_hp_loss":0,"event_name":"Forgotten Altar","floor":21,"gold_loss":0},{"damage_healed":0,"gold_gain":0,"player_choice":"Ignored","damage_taken":0,"max_hp_gain":0,"max_hp_loss":0,"event_name":"Vampires","floor":24,"gold_loss":0},{"damage_healed":0,"gold_gain":0,"player_choice":"Ignored","damage_taken":0,"max_hp_gain":0,"max_hp_loss":0,"event_name":"Cursed Tome","floor":29,"gold_loss":0},{"cards_removed":["Melter"],"damage_healed":0,"gold_gain":0,"player_choice":"Removed Attack","damage_taken":0,"max_hp_gain":0,"max_hp_loss":0,"event_name":"Falling","floor":37,"gold_loss":0},{"damage_healed":0,"gold_gain":0,"player_choice":"Paid","damage_taken":0,"relics_obtained":["Red Mask"],"max_hp_gain":0,"max_hp_loss":0,"event_name":"Tomb of Lord Red Mask","floor":48,"gold_loss":21}],"is_beta":false,"boss_relics":[{"not_picked":["Busted Crown","Fusion Hammer"],"picked":"Black Star"},{"not_picked":["Tiny House","Snecko Eye"],"picked":"Nuclear Battery"}],"items_purged_floors":[38,41,46],"is_endless":false,"potions_floor_spawned":[4,5,10,12,14,16,18,28,33,36,39,47],"ascension_level":0}