{"gold_per_floor":[217,145,145,145,164,164,174,209,236,236,249,283,283,295,295,395,395,409,427,105,105,133,133,150,150,150,150,250,261,261,271,271,367,367,379,479,495,395,395,423,96,96,96,109,109,128,128,148,148,148],"floor_reached":51,"playtime":1654,"items_purged":["Strike_B","Defend_B","Bite"],"score":685,"play_id":"87b5fc75-e8b6-43d3-bf18-dc68e3016041","local_time":"20190605234630","is_ascension_mode":false,"campfire_choices":[{"data":"Zap","floor":6.0,"key":"SMITH"},{"data":"Ball Lightning","floor":10.0,"key":"SMITH"},{"data":"Coolheaded","floor":13.0,"key":"SMITH"},{"data":"Chaos","floor":15.0,"key":"SMITH"},{"data":"Thunder Strike","floor":23.0,"key":"SMITH"},{"data":"Bite","floor":25.0,"key":"SMITH"},{"data":"Bite","floor":27.0,"key":"SMITH"},{"data":"Bite","floor":32.0,"key":"SMITH"},{"floor":42.0,"key":"REST"},{"data":"Defend_B","floor":45,"key":"SMITH"},{"data":"Defend_B","floor":47,"key":"SMITH"},{"data":"Electrodynamics","floor":49,"key":"SMITH"}],"neow_cost":"NONE","seed_source_timestamp":613725231706108,"circlet_count":0,"master_deck":["Defend_B+1","Defend_B+1","Zap+1","Dualcast+1","Ball Lightning+1","Coolheaded+1","Chill","Chaos+1","Electrodynamics+1","Go for the Eyes+1","Thunder Strike+1","Conserve Battery","Bite+1","Bite+1","Bite+1","Chill","Conserve Battery","Beam Cell+1"],"special_seed":0,"relics":["Cracked Core","Ancient Tea Set","Orichalcum","Philosopher\u0027s Stone","Runic Capacitor","Red Mask","Blue Candle","Dead Branch","Question Card","Empty Cage","Du-Vu Doll","Shovel","Vajra","Mercury Hourglass"],"potions_floor_usage":[50,50,50],"damage_taken":[{"damage":2.0,"enemies":"Jaw Worm","floor":1.0,"turns":3.0},{"damage":0.0,"enemies":"2 Louse","floor":5.0,"turns":2.0},{"damage":0.0,"enemies":"Cultist","floor":7.0,"turns":2.0},{"damage":7.0,"enemies":"Lagavulin","floor":8.0,"turns":6.0},{"damage":3.0,"enemies":"Lots of Slimes","floor":11.0,"turns":2.0},{"damage":10.0,"enemies":"Gremlin Nob","floor":12.0,"turns":3.0},{"damage":2.0,"enemies":"Exordium Wildlife","floor":14.0,"turns":2.0},{"damage":27.0,"enemies":"Slime Boss","floor":16.0,"turns":9.0},{"damage":0.0,"enemies":"Spheric Guardian","floor":18.0,"turns":3.0},{"damage":7.0,"enemies":"Chosen","floor":19.0,"turns":3.0},{"damage":11.0,"enemies":"Masked Bandits","floor":22.0,"turns":4.0},{"damage":5.0,"enemies":"3 Cultists","floor":24.0,"turns":4.0},{"damage":7.0,"enemies":"Colosseum Slavers","floor":28.0,"turns":3.0},{"damage":14.0,"enemies":"Colosseum Nobs","floor":28.0,"turns":6.0},{"damage":10.0,"enemies":"Snecko","floor":29.0,"turns":6.0},{"damage":10.0,"enemies":"Snake Plant","floor":31.0,"turns":5.0},{"damage":5.0,"enemies":"Champ","floor":33.0,"turns":11.0},{"damage":0.0,"enemies":"3 Shapes","floor":35.0,"turns":5.0},{"damage":16.0,"enemies":"Mind Bloom Boss Battle","floor":36.0,"turns":5.0},{"damage":6.0,"enemies":"Orb Walker","floor":37.0,"turns":4.0},{"damage":46.0,"enemies":"Giant Head","floor":40.0,"turns":8.0},{"damage":0.0,"enemies":"Maw","floor":44.0,"turns":6.0},{"damage":10,"enemies":"3 Darklings","floor":46,"turns":5},{"damage":0,"enemies":"Jaw Worm Horde","floor":48,"turns":4},{"damage":75,"enemies":"Donu and Deca","floor":50,"turns":6}],"seed_played":"4792210646179471977","potions_obtained":[{"floor":7.0,"key":"Strength Potion"},{"floor":11.0,"key":"AttackPotion"},{"floor":12.0,"key":"LiquidBronze"},{"floor":14.0,"key":"Block Potion"},{"floor":31.0,"key":"Fire Potion"},{"floor":36.0,"key":"Strength Potion"},{"floor":46,"key":"Strength Potion"}],"is_trial":false,"path_per_floor":["M","$","?","?","M","R","M","E","T","R","M","E","R","M","R","B",null,"M","M","$","?","?","R","M","R","T","R","?","M","?","M","R","B",null,"M","?","M","$","?","E","$","R","T","M","R","M","R","M","R","B",null],"character_chosen":"DEFECT","items_purchased":["Ball Lightning","Coolheaded","Runic Capacitor","Conserve Battery","Vajra","Conserve Battery"],"campfire_rested":1,"item_purchase_floors":[2,2,20,20,41,41],"current_hp_per_floor":[73,73,58,58,58,58,58,51,51,51,50,42,42,42,42,17,75,75,68,68,68,67,67,66,66,66,66,70,74,60,62,62,80,80,80,75,80,80,76,41,41,63,63,76,76,76,76,76,76,16],"gold":148,"neow_bonus":"HUNDRED_GOLD","is_prod":false,"is_daily":false,"chose_seed":false,"campfire_upgraded":11,"win_rate":0,"timestamp":1559774790,"path_taken":["M","$","?","?","M","R","?","E","T","R","M","E","R","M","R","BOSS","M","M","$","?","?","R","M","R","T","R","?","M","?","?","R","BOSS","M","?","M","$","?","E","$","R","T","M","R","M","R","M","R","BOSS"],"build_version":"2019-01-23","purchased_purges":3,"victory":true,"max_hp_per_floor":[75,75,75,75,75,75,75,75,75,75,75,75,75,75,75,75,75,75,75,75,75,75,75,75,75,75,75,75,75,80,80,80,80,80,80,80,80,80,76,76,76,76,76,76,76,76,76,76,76,76],"card_choices":[{"not_picked":["Go for the Eyes","Heatsinks","Steam"],"picked":"SKIP","floor":1.0},{"not_picked":["Beam Cell","Doom and Gloom","Redo"],"picked":"SKIP","floor":5.0},{"not_picked":["Coolheaded","Sunder","Capacitor"],"picked":"SKIP","floor":7.0},{"not_picked":["Turbo","Aggregate"],"picked":"Chill","floor":8.0},{"not_picked":["Reinforced Body","Double Energy","Beam Cell"],"picked":"SKIP","floor":11.0},{"not_picked":["Steam","Barrage","Fusion"],"picked":"SKIP","floor":12.0},{"not_picked":["Ball Lightning","Force Field"],"picked":"Chaos","floor":14.0},{"not_picked":["Fission","Rainbow"],"picked":"Electrodynamics","floor":16.0},{"not_picked":["Turbo","Conserve Battery"],"picked":"Go for the Eyes+1","floor":18.0},{"not_picked":["Skim+1","Force Field"],"picked":"Thunder Strike","floor":19.0},{"not_picked":["Turbo","Leap"],"picked":"Chill","floor":24.0},{"not_picked":["Rebound+1","Coolheaded","Gash+1","Stack"],"picked":"SKIP","floor":29.0},{"not_picked":["Beam Cell","Compile Driver","Creative AI","Darkness"],"picked":"SKIP","floor":31.0},{"not_picked":["Skim+1","Go for the Eyes","Genetic Algorithm","Storm+1"],"picked":"SKIP","floor":35.0},{"not_picked":["Genetic Algorithm+1","Conserve Battery+1","Sunder","Coolheaded+1"],"picked":"SKIP","floor":37.0},{"not_picked":["Scrape+1","Steam Power","Aggregate","Barrage"],"picked":"SKIP","floor":40.0},{"not_picked":["Force Field","Double Energy","Doom and Gloom+1","Loop+1"],"picked":"SKIP","floor":44.0},{"not_picked":["Rebound+1","Skim+1","Loop+1"],"picked":"Beam Cell+1","floor":46},{"not_picked":["Ball Lightning","Chaos+1","Barrage+1","Auto Shields"],"picked":"SKIP","floor":48}],"player_experience":1282617,"relics_obtained":[{"floor":8.0,"key":"Ancient Tea Set"},{"floor":9.0,"key":"Blood Vial"},{"floor":12.0,"key":"Orichalcum"},{"floor":22.0,"key":"Red Mask"},{"floor":26.0,"key":"Blue Candle"},{"floor":28.0,"key":"Dead Branch"},{"floor":28.0,"key":"Question Card"},{"floor":36.0,"key":"Du-Vu Doll"},{"floor":40.0,"key":"Shovel"},{"floor":43.0,"key":"Mercury Hourglass"}],"event_choices":[{"damage_healed":0.0,"max_hp_gain":0.0,"max_hp_loss":0.0,"gold_gain":0.0,"event_name":"Shining Light","player_choice":"Entered Light","floor":3.0,"gold_loss":0.0,"damage_taken":15.0,"cards_upgraded":["Strike_B","Dualcast"]},{"damage_healed":0.0,"max_hp_gain":0.0,"max_hp_loss":0.0,"gold_gain":0.0,"event_name":"Match and Keep!","player_choice":"0 cards matched","floor":4.0,"gold_loss":0.0,"damage_taken":0.0,"cards_obtained":[]},{"damage_healed":0.0,"max_hp_gain":0.0,"max_hp_loss":0.0,"gold_gain":0.0,"event_name":"Vampires","player_choice":"Became a vampire (Vial)","floor":21.0,"relics_lost":["Blood Vial"],"gold_loss":0.0,"damage_taken":0.0,"cards_obtained":["Bite","Bite","Bite","Bite","Bite"]},{"damage_healed":0.0,"max_hp_gain":0.0,"max_hp_loss":0.0,"gold_gain":0.0,"event_name":"Masked Bandits","player_choice":"Fought Bandits","floor":22.0,"gold_loss":0.0,"damage_taken":0.0},{"damage_healed":0.0,"max_hp_gain":0.0,"max_hp_loss":0.0,"gold_gain":0.0,"event_name":"Colosseum","player_choice":"Fight","floor":28.0,"gold_loss":0.0,"damage_taken":0.0},{"damage_healed":0.0,"max_hp_gain":0.0,"max_hp_loss":0.0,"gold_gain":0.0,"event_name":"Colosseum","player_choice":"Fought Nobs","floor":28.0,"gold_loss":0.0,"damage_taken":0.0},{"damage_healed":0.0,"max_hp_gain":5.0,"max_hp_loss":0.0,"gold_gain":0.0,"event_name":"Forgotten Altar","player_choice":"Shed Blood","floor":30.0,"gold_loss":0.0,"damage_taken":19.0},{"damage_healed":0.0,"max_hp_gain":0.0,"max_hp_loss":0.0,"gold_gain":0.0,"event_name":"MindBloom","player_choice":"Fight","floor":36.0,"gold_loss":0.0,"damage_taken":0.0},{"damage_healed":0.0,"max_hp_gain":0.0,"max_hp_loss":4.0,"gold_gain":0.0,"event_name":"Winding Halls","player_choice":"Max HP","floor":39.0,"gold_loss":0.0,"damage_taken":0.0}],"is_beta":false,"boss_relics":[{"not_picked":["Fusion Hammer","Coffee Dripper"],"picked":"Philosopher\u0027s Stone"},{"not_picked":["Tiny House","White Beast Statue"],"picked":"Empty Cage"}],"items_purged_floors":[20,38,41],"is_endless":false,"potions_floor_spawned":[7,11,12,14,16,22,28,29,31,35,36,44,46],"ascension_level":0}