{"gold_per_floor":[109,126,140,158,123,123,134,147,147,162,182,182,216,68,68,170,170,184,202,212,311,344,344,209,209,209,209,209,244,204,231,231,336,336,348,359,40,56,278,278,295,314,314,314,314,314,314,344,344,344],"floor_reached":51,"playtime":1476,"items_purged":["Strike_B","Strike_B","Melter"],"score":842,"play_id":"bce0a803-cacd-4ad0-a5e9-3a206569c5b7","local_time":"20190511151705","is_ascension_mode":false,"campfire_choices":[{"data":"Defragment","floor":6.0,"key":"SMITH"},{"data":"Zap","floor":12.0,"key":"SMITH"},{"data":"Go for the Eyes","floor":15.0,"key":"SMITH"},{"data":"Rainbow","floor":23.0,"key":"SMITH"},{"data":"Capacitor","floor":25.0,"key":"SMITH"},{"data":"Coolheaded","floor":28.0,"key":"SMITH"},{"data":"Ball Lightning","floor":32.0,"key":"SMITH"},{"data":"Thunder Strike","floor":40.0,"key":"SMITH"},{"data":"Undo","floor":44.0,"key":"SMITH"},{"data":"Cold Snap","floor":46.0,"key":"SMITH"},{"floor":49,"key":"RECALL"}],"neow_cost":"NONE","seed_source_timestamp":1790077422788260,"circlet_count":0,"master_deck":["Defend_B+1","Defend_B+1","Defend_B+1","Zap+1","Dualcast+1","Cold Snap+1","Go for the Eyes+1","Defragment+1","Capacitor+1","Ball Lightning+1","Rainbow+1","Conserve Battery+1","Machine Learning+1","Electrodynamics+1","Undo+1","Steam+1","Coolheaded+1","BootSequence+1","Echo Form+1","Thunder Strike+1"],"special_seed":0,"relics":["Cracked Core","Regal Pillow","Symbiotic Virus","Astrolabe","Red Mask","Dead Branch","Potion Belt","Mercury Hourglass","Sozu","Runic Capacitor","DataDisk","Smiling Mask"],"potions_floor_usage":[50,50,50],"damage_taken":[{"damage":2.0,"enemies":"Small Slimes","floor":1.0,"turns":5.0},{"damage":6.0,"enemies":"Jaw Worm","floor":2.0,"turns":3.0},{"damage":0.0,"enemies":"Cultist","floor":3.0,"turns":3.0},{"damage":2.0,"enemies":"2 Fungi Beasts","floor":4.0,"turns":4.0},{"damage":2.0,"enemies":"Exordium Thugs","floor":7.0,"turns":4.0},{"damage":0.0,"enemies":"Large Slime","floor":8.0,"turns":9.0},{"damage":1.0,"enemies":"Looter","floor":10.0,"turns":3.0},{"damage":5.0,"enemies":"3 Louse","floor":11.0,"turns":4.0},{"damage":9.0,"enemies":"3 Sentries","floor":13.0,"turns":5.0},{"damage":2.0,"enemies":"Slime Boss","floor":16.0,"turns":7.0},{"damage":0.0,"enemies":"Spheric Guardian","floor":18.0,"turns":3.0},{"damage":5.0,"enemies":"Shell Parasite","floor":19.0,"turns":3.0},{"damage":6.0,"enemies":"Cultist and Chosen","floor":20.0,"turns":4.0},{"damage":8.0,"enemies":"Masked Bandits","floor":22.0,"turns":3.0},{"damage":6.0,"enemies":"Slavers","floor":29.0,"turns":3.0},{"damage":7.0,"enemies":"Gremlin Leader","floor":31.0,"turns":5.0},{"damage":17.0,"enemies":"Champ","floor":33.0,"turns":8.0},{"damage":0.0,"enemies":"Orb Walker","floor":35.0,"turns":4.0},{"damage":0.0,"enemies":"3 Shapes","floor":36.0,"turns":4.0},{"damage":1.0,"enemies":"Spire Growth","floor":38.0,"turns":5.0},{"damage":0.0,"enemies":"4 Shapes","floor":41.0,"turns":3.0},{"damage":0.0,"enemies":"Sphere and 2 Shapes","floor":42.0,"turns":4.0},{"damage":0,"enemies":"Nemesis","floor":48,"turns":7},{"damage":21,"enemies":"Donu and Deca","floor":50,"turns":5}],"seed_played":"1773517585071055085","potions_obtained":[{"floor":1.0,"key":"Weak Potion"},{"floor":3.0,"key":"SteroidPotion"},{"floor":8.0,"key":"Strength Potion"},{"floor":16.0,"key":"PowerPotion"},{"floor":29.0,"key":"Explosive Potion"},{"floor":33.0,"key":"Energy Potion"}],"is_trial":false,"path_per_floor":["M","M","M","M","$","R","M","M","T","M","M","R","E","$","R","B",null,"M","M","M","?","?","R","$","R","T","?","R","E","?","E","R","B",null,"M","M","$","M","?","R","M","M","T","R","?","R","?","E","R","B",null],"character_chosen":"DEFECT","items_purchased":["Defragment","Melter","BootSequence","Runic Capacitor"],"campfire_rested":0,"item_purchase_floors":[5,14,24,37],"current_hp_per_floor":[73,67,67,65,65,65,63,63,63,62,57,57,48,48,48,46,75,75,70,64,64,56,56,56,56,56,56,56,50,50,43,43,26,75,75,75,75,74,74,74,74,74,74,74,71,71,71,71,71,50],"gold":344,"neow_bonus":"UPGRADE_CARD","is_prod":false,"is_daily":false,"chose_seed":false,"campfire_upgraded":10,"win_rate":0,"timestamp":1557584225,"path_taken":["M","M","M","M","$","R","M","M","T","M","M","R","E","$","R","BOSS","M","M","M","?","?","R","$","R","T","?","R","E","?","E","R","BOSS","M","M","$","M","?","R","M","M","T","R","?","R","?","E","R","BOSS"],"build_version":"2019-01-23","purchased_purges":3,"victory":true,"max_hp_per_floor":[75,75,75,75,75,75,75,75,75,75,75,75,75,75,75,75,75,75,75,75,75,75,75,75,75,75,75,75,75,75,75,75,75,75,75,75,75,75,75,75,75,75,75,75,71,71,71,71,71,71],"card_choices":[{"not_picked":["Loop","Beam Cell","Gash"],"picked":"SKIP","floor":1.0},{"not_picked":["Beam Cell","Scrape"],"picked":"Cold Snap","floor":2.0},{"not_picked":["Reinforced Body","Sweeping Beam"],"picked":"Go for the Eyes","floor":3.0},{"not_picked":["Double Energy","Hologram","Scrape"],"picked":"SKIP","floor":4.0},{"not_picked":["Gash","Steam","Double Energy"],"picked":"SKIP","floor":7.0},{"not_picked":["Cold Snap","Consume","Core Surge"],"picked":"SKIP","floor":8.0},{"not_picked":["Heatsinks","Hologram"],"picked":"Capacitor","floor":10.0},{"not_picked":["Leap","Rebound","Turbo"],"picked":"SKIP","floor":11.0},{"not_picked":["Beam Cell","Gash"],"picked":"Ball Lightning","floor":13.0},{"not_picked":["Amplify","All For One"],"picked":"Rainbow","floor":16.0},{"not_picked":["Static Discharge","Leap"],"picked":"Undo","floor":18.0},{"not_picked":["Leap","Turbo+1","Static Discharge"],"picked":"SKIP","floor":19.0},{"not_picked":["Hello World","Rebound"],"picked":"Steam+1","floor":20.0},{"not_picked":["Rip and Tear","Melter+1"],"picked":"Coolheaded","floor":22.0},{"not_picked":["Genetic Algorithm","Rebound"],"picked":"Echo Form","floor":29.0},{"not_picked":["Scrape","Consume","Conserve Battery"],"picked":"SKIP","floor":31.0},{"not_picked":["Core Surge","All For One"],"picked":"Thunder Strike","floor":33.0},{"not_picked":["Self Repair","Sweeping Beam","Undo+1"],"picked":"SKIP","floor":35.0},{"not_picked":["Sweeping Beam","Go for the Eyes+1","Leap+1"],"picked":"SKIP","floor":36.0},{"not_picked":["Steam","Redo+1","Creative AI"],"picked":"SKIP","floor":38.0},{"not_picked":["Turbo+1","Hello World+1","Hologram+1"],"picked":"SKIP","floor":41.0},{"not_picked":["Conserve Battery","Auto Shields+1","Reinforced Body"],"picked":"SKIP","floor":42.0},{"not_picked":["Aggregate+1","Cold Snap","Rip and Tear"],"picked":"SKIP","floor":48}],"player_experience":1231121,"relics_obtained":[{"floor":9.0,"key":"Regal Pillow"},{"floor":13.0,"key":"Symbiotic Virus"},{"floor":22.0,"key":"Red Mask"},{"floor":26.0,"key":"Dead Branch"},{"floor":29.0,"key":"Potion Belt"},{"floor":31.0,"key":"Mercury Hourglass"},{"floor":43.0,"key":"DataDisk"},{"floor":48,"key":"Smiling Mask"}],"event_choices":[{"damage_healed":0.0,"max_hp_gain":0.0,"max_hp_loss":0.0,"gold_gain":99.0,"event_name":"Nest","player_choice":"Stole From Cult","floor":21.0,"gold_loss":0.0,"damage_taken":0.0},{"damage_healed":0.0,"max_hp_gain":0.0,"max_hp_loss":0.0,"gold_gain":0.0,"event_name":"Masked Bandits","player_choice":"Fought Bandits","floor":22.0,"gold_loss":0.0,"damage_taken":0.0},{"damage_healed":0.0,"max_hp_gain":0.0,"max_hp_loss":0.0,"gold_gain":0.0,"event_name":"Back to Basics","player_choice":"Simplicity","floor":27.0,"gold_loss":0.0,"damage_taken":0.0,"cards_upgraded":["Defend_B","Defend_B","Defend_B"]},{"damage_healed":0.0,"max_hp_gain":0.0,"max_hp_loss":0.0,"gold_gain":0.0,"event_name":"Designer","player_choice":"Upgrade","floor":30.0,"gold_loss":40.0,"damage_taken":0.0,"cards_upgraded":["Echo Form"]},{"damage_healed":0.0,"max_hp_gain":0.0,"max_hp_loss":0.0,"gold_gain":222.0,"event_name":"Tomb of Lord Red Mask","player_choice":"Wore Mask","floor":39.0,"gold_loss":0.0,"damage_taken":0.0},{"damage_healed":0.0,"max_hp_gain":0.0,"max_hp_loss":4.0,"gold_gain":0.0,"event_name":"Winding Halls","player_choice":"Max HP","floor":45.0,"gold_loss":0.0,"damage_taken":0.0},{"damage_healed":0,"gold_gain":0,"player_choice":"Forge","damage_taken":0,"max_hp_gain":0,"max_hp_loss":0,"event_name":"Accursed Blacksmith","floor":47,"gold_loss":0,"cards_upgraded":["BootSequence"]}],"is_beta":false,"boss_relics":[{"not_picked":["Cursed Key","Coffee Dripper"],"picked":"Astrolabe"},{"not_picked":["FrozenCore","Fusion Hammer"],"picked":"Sozu"}],"items_purged_floors":[14,24,37],"is_endless":false,"potions_floor_spawned":[1,3,8,10,16,18,20,29,33,36,42],"ascension_level":0}