{"gold_per_floor":[116,133,133,133,156,189,189,189,267,267,267,303,317,317],"floor_reached":14,"playtime":256,"items_purged":[],"score":98,"play_id":"65d5bb68-f887-496f-8378-38f38bc7d063","local_time":"20190502234457","is_ascension_mode":false,"campfire_choices":[{"data":"Zap","floor":7.0,"key":"SMITH"},{"data":"Conserve Battery","floor":10,"key":"SMITH"}],"neow_cost":"NONE","seed_source_timestamp":1044279701484746,"circlet_count":0,"master_deck":["Strike_B","Strike_B","Strike_B","Strike_B","Defend_B","Defend_B","Defend_B","Zap+1","Dualcast+1","Conserve Battery+1","Go for the Eyes"],"special_seed":0,"relics":["Cracked Core","Golden Idol","Regal Pillow","Matryoshka","Oddly Smooth Stone"],"potions_floor_usage":[12,13],"damage_taken":[{"damage":0.0,"enemies":"Jaw Worm","floor":1.0,"turns":3.0},{"damage":2.0,"enemies":"Small Slimes","floor":2.0,"turns":2.0},{"damage":0.0,"enemies":"2 Louse","floor":5.0,"turns":2.0},{"damage":14.0,"enemies":"Gremlin Nob","floor":6.0,"turns":4.0},{"damage":18,"enemies":"Lagavulin","floor":12,"turns":7},{"damage":0,"enemies":"Red Slaver","floor":13,"turns":3},{"damage":0,"enemies":"Gremlin Nob","floor":14,"turns":1}],"seed_played":"-6584115201759349483","potions_obtained":[{"floor":2.0,"key":"PowerPotion"},{"floor":5.0,"key":"SkillPotion"},{"floor":12,"key":"Swift Potion"}],"is_trial":false,"path_per_floor":["M","M","$","?","M","E","R","?","T","R","?","E","M","E"],"character_chosen":"DEFECT","items_purchased":[],"campfire_rested":0,"item_purchase_floors":[],"current_hp_per_floor":[75,73,73,55,55,41,41,41,41,41,41,23,23,23],"gold":317,"neow_bonus":"UPGRADE_CARD","is_prod":false,"is_daily":false,"chose_seed":false,"campfire_upgraded":2,"win_rate":0,"timestamp":1556837097,"path_taken":["M","M","$","?","M","E","R","?","T","R","?","E","M","E"],"build_version":"2019-01-23","purchased_purges":0,"victory":false,"max_hp_per_floor":[75,75,75,75,75,75,75,75,75,75,75,75,75,75],"card_choices":[{"not_picked":["Beam Cell","Gash","Barrage"],"picked":"SKIP","floor":1.0},{"not_picked":["Barrage","Turbo","Static Discharge"],"picked":"SKIP","floor":2.0},{"not_picked":["Sweeping Beam","Barrage","Consume"],"picked":"SKIP","floor":5.0},{"not_picked":["Redo","Double Energy","Static Discharge"],"picked":"SKIP","floor":6.0},{"not_picked":["Gash","Beam Cell"],"picked":"Go for the Eyes","floor":12},{"not_picked":["Sweeping Beam","Tempest","Beam Cell"],"picked":"SKIP","floor":13}],"player_experience":1213448,"relics_obtained":[{"floor":6.0,"key":"Regal Pillow"},{"floor":9,"key":"Matryoshka"},{"floor":12,"key":"Oddly Smooth Stone"}],"event_choices":[{"damage_healed":0.0,"max_hp_gain":0.0,"max_hp_loss":0.0,"gold_gain":0.0,"event_name":"Golden Idol","player_choice":"Take Damage","floor":4.0,"gold_loss":0.0,"damage_taken":18.0,"relics_obtained":["Golden Idol"]},{"damage_healed":0,"gold_gain":0,"cards_transformed":["Defend_B"],"player_choice":"Change","damage_taken":0,"max_hp_gain":0,"max_hp_loss":0,"event_name":"Living Wall","floor":8,"gold_loss":0,"cards_obtained":["Conserve Battery"]},{"damage_healed":0,"gold_gain":0,"player_choice":"Ignored","damage_taken":0,"max_hp_gain":0,"max_hp_loss":0,"event_name":"Golden Wing","floor":11,"gold_loss":0}],"is_beta":false,"boss_relics":[],"items_purged_floors":[],"is_endless":false,"potions_floor_spawned":[2,5,12],"killed_by":"Gremlin Nob","ascension_level":0}