{"gold_per_floor":[118,118,118,132,132,132,142,142,142,155,190,190,113,128,128,227,227,242,242,91,110,125,50,50,65,65,85,111,111,111,126,126,230,230,248,148,163,181,193,193,226,242,242,252,252,252,57,75,75,75],"floor_reached":51,"playtime":1635,"items_purged":["Defend_B","Strike_B","Writhe"],"score":801,"play_id":"5d226135-7b5f-479d-872a-97cf90bad4fb","local_time":"20190527120309","is_ascension_mode":false,"campfire_choices":[{"data":"Dualcast","floor":6.0,"key":"SMITH"},{"data":"Zap","floor":8.0,"key":"SMITH"},{"data":"Rainbow","floor":15.0,"key":"SMITH"},{"data":"Melter","floor":24.0,"key":"SMITH"},{"data":"Glacier","floor":30.0,"key":"SMITH"},{"floor":32.0,"key":"REST"},{"data":"Defend_B","floor":40.0,"key":"SMITH"},{"floor":45,"key":"REST"},{"data":"Defend_B","floor":49,"key":"SMITH"}],"neow_cost":"NONE","seed_source_timestamp":0,"circlet_count":0,"master_deck":["Strike_B","Strike_B","Defend_B+1","Defend_B+1","Defend_B+1","Zap+1","Dualcast+1","Melter+1","Conserve Battery+1","Cold Snap","Rainbow+1","Buffer+1","Ball Lightning+1","Capacitor+1","BootSequence","Glacier+1","Seek","Leap+1","Defragment+1","Chill+1","Defragment+1"],"special_seed":0,"relics":["FrozenCore","Bronze Scales","Frozen Egg 2","Vajra","Cursed Key","War Paint","Bottled Tornado","Smiling Mask"],"potions_floor_usage":[47,50,50,50],"damage_taken":[{"damage":6.0,"enemies":"Jaw Worm","floor":1.0,"turns":3.0},{"damage":1.0,"enemies":"Cultist","floor":4.0,"turns":3.0},{"damage":1.0,"enemies":"2 Louse","floor":7.0,"turns":2.0},{"damage":0.0,"enemies":"Large Slime","floor":10.0,"turns":3.0},{"damage":12.0,"enemies":"Gremlin Nob","floor":11.0,"turns":3.0},{"damage":0.0,"enemies":"2 Fungi Beasts","floor":14.0,"turns":2.0},{"damage":0.0,"enemies":"The Guardian","floor":16.0,"turns":9.0},{"damage":0.0,"enemies":"Spheric Guardian","floor":18.0,"turns":2.0},{"damage":0.0,"enemies":"Shell Parasite","floor":21.0,"turns":4.0},{"damage":7.0,"enemies":"Cultist and Chosen","floor":22.0,"turns":6.0},{"damage":0.0,"enemies":"3 Cultists","floor":25.0,"turns":5.0},{"damage":6.0,"enemies":"Centurion and Healer","floor":27.0,"turns":6.0},{"damage":13.0,"enemies":"Gremlin Leader","floor":28.0,"turns":7.0},{"damage":0.0,"enemies":"Snake Plant","floor":31.0,"turns":3.0},{"damage":34.0,"enemies":"Automaton","floor":33.0,"turns":14.0},{"damage":0.0,"enemies":"Orb Walker","floor":35.0,"turns":5.0},{"damage":0.0,"enemies":"3 Darklings","floor":37.0,"turns":7.0},{"damage":0.0,"enemies":"Spire Growth","floor":38.0,"turns":7.0},{"damage":0.0,"enemies":"Writhing Mass","floor":39.0,"turns":9.0},{"damage":32.0,"enemies":"Giant Head","floor":41.0,"turns":10.0},{"damage":14.0,"enemies":"3 Darklings","floor":42.0,"turns":6.0},{"damage":0,"enemies":"Spire Growth","floor":44,"turns":6},{"damage":0,"enemies":"Transient","floor":48,"turns":5},{"damage":0,"enemies":"Donu and Deca","floor":50,"turns":12}],"seed_played":"-4617129706781932833","potions_obtained":[{"floor":4.0,"key":"Strength Potion"},{"floor":7.0,"key":"SteroidPotion"},{"floor":10.0,"key":"Weak Potion"},{"floor":14.0,"key":"SpeedPotion"},{"floor":22.0,"key":"Weak Potion"},{"floor":38.0,"key":"PowerPotion"}],"is_trial":false,"path_per_floor":["M","?","$","M","?","R","M","R","T","M","E","?","$","M","R","B",null,"M","?","$","M","M","$","R","M","T","M","E","?","R","M","R","B",null,"M","$","M","M","M","R","E","M","T","M","R","?","$","M","R","B",null],"character_chosen":"DEFECT","items_purchased":["Rainbow","War Paint","Fruit Juice","Energy Potion"],"campfire_rested":2,"item_purchase_floors":[13,20,47,47],"current_hp_per_floor":[69,69,69,68,61,61,60,60,60,60,48,48,48,48,48,48,75,75,75,75,75,68,68,68,68,68,62,49,49,49,49,71,37,75,75,75,75,75,75,75,43,29,29,29,51,70,75,75,75,75],"gold":75,"neow_bonus":"RANDOM_COMMON_RELIC","is_prod":false,"is_daily":false,"chose_seed":false,"campfire_upgraded":7,"win_rate":0,"timestamp":1558954989,"path_taken":["M","?","$","?","?","R","M","R","T","M","E","?","$","M","R","BOSS","M","?","$","M","M","$","R","M","T","M","E","?","R","M","R","BOSS","M","$","M","M","M","R","E","M","T","M","R","?","$","M","R","BOSS"],"build_version":"2019-01-23","purchased_purges":3,"victory":true,"max_hp_per_floor":[75,75,75,75,75,75,75,75,75,75,75,75,75,75,75,75,75,75,75,75,75,75,75,75,75,75,75,75,75,75,75,75,75,75,75,75,75,75,75,75,75,75,75,75,75,75,80,80,80,80],"card_choices":[{"not_picked":["Barrage","Compile Driver"],"picked":"Melter","floor":1.0},{"not_picked":["Genetic Algorithm","Barrage","Static Discharge"],"picked":"SKIP","floor":4.0},{"not_picked":["Coolheaded","Genetic Algorithm"],"picked":"Conserve Battery","floor":7.0},{"not_picked":["Rebound","Capacitor+1"],"picked":"Cold Snap","floor":10.0},{"not_picked":["Storm+1","Rip and Tear","Hologram"],"picked":"SKIP","floor":11.0},{"not_picked":["Sweeping Beam","Steam","Reprogram"],"picked":"SKIP","floor":14.0},{"not_picked":["Reboot","Seek"],"picked":"Buffer+1","floor":16.0},{"not_picked":["Melter","Scrape","Sweeping Beam"],"picked":"SKIP","floor":18.0},{"not_picked":["Steam Power","Lockon","Hologram+1"],"picked":"SKIP","floor":21.0},{"not_picked":["Rebound","White Noise+1"],"picked":"Ball Lightning+1","floor":22.0},{"not_picked":["Conserve Battery","Reprogram"],"picked":"Capacitor+1","floor":25.0},{"not_picked":["Stack+1","Steam"],"picked":"BootSequence","floor":27.0},{"not_picked":["Rebound","Hello World+1"],"picked":"Glacier","floor":28.0},{"not_picked":["Rip and Tear","Streamline","Loop+1"],"picked":"SKIP","floor":31.0},{"not_picked":["Amplify","Core Surge"],"picked":"Seek","floor":33.0},{"not_picked":["Rebound","Barrage"],"picked":"Leap+1","floor":35.0},{"not_picked":["Leap","Hologram","FTL"],"picked":"SKIP","floor":37.0},{"not_picked":["Stack+1","Steam"],"picked":"Defragment+1","floor":38.0},{"not_picked":["Undo+1","Barrage","Darkness+1"],"picked":"SKIP","floor":39.0},{"not_picked":["Tempest","Stack","Streamline"],"picked":"SKIP","floor":41.0},{"not_picked":["Go for the Eyes","Steam Power+1"],"picked":"Chill+1","floor":42.0},{"not_picked":["Consume+1","Reprogram"],"picked":"Defragment+1","floor":44},{"not_picked":["Steam+1","Auto Shields","Beam Cell"],"picked":"SKIP","floor":48}],"player_experience":1261546,"relics_obtained":[{"floor":9.0,"key":"Vajra"},{"floor":28.0,"key":"Bottled Tornado"},{"floor":41.0,"key":"Smiling Mask"}],"event_choices":[{"cards_removed":["Strike_B"],"damage_healed":0.0,"max_hp_gain":0.0,"max_hp_loss":0.0,"gold_gain":0.0,"event_name":"Purifier","player_choice":"Purged","floor":2.0,"gold_loss":0.0,"damage_taken":0.0},{"damage_healed":0.0,"max_hp_gain":0.0,"max_hp_loss":0.0,"gold_gain":0.0,"event_name":"Scrap Ooze","player_choice":"Success","floor":5.0,"gold_loss":0.0,"damage_taken":7.0,"relics_obtained":["Frozen Egg 2"]},{"damage_healed":0.0,"max_hp_gain":0.0,"max_hp_loss":0.0,"gold_gain":0.0,"event_name":"Dead Adventurer","player_choice":"Searched \u00270\u0027 times","floor":12.0,"gold_loss":0.0,"damage_taken":0.0},{"damage_healed":0.0,"max_hp_gain":0.0,"max_hp_loss":0.0,"gold_gain":0.0,"event_name":"Cursed Tome","player_choice":"Ignored","floor":19.0,"gold_loss":0.0,"damage_taken":0.0},{"damage_healed":0.0,"max_hp_gain":0.0,"max_hp_loss":0.0,"gold_gain":0.0,"event_name":"Ghosts","player_choice":"Ignored","floor":29.0,"gold_loss":0.0,"damage_taken":0.0},{"damage_healed":19,"gold_gain":0,"player_choice":"Writhe","damage_taken":0,"max_hp_gain":0,"max_hp_loss":0,"event_name":"Winding Halls","floor":46,"gold_loss":0,"cards_obtained":["Writhe"]}],"is_beta":false,"boss_relics":[{"not_picked":["Black Star","Runic Pyramid"],"picked":"Cursed Key"},{"not_picked":["Runic Dome","Sozu"],"picked":"FrozenCore"}],"items_purged_floors":[23,36,47],"is_endless":false,"potions_floor_spawned":[4,7,10,14,22,25,33,37,38,39,48],"ascension_level":0}