{"gold_per_floor":[109,109,129,142,152,181,196,228,228,246,275,275,290,290],"floor_reached":14,"playtime":1712,"items_purged":[],"score":125,"play_id":"9b4499b6-2166-4795-a0f8-93a7cc69af54","local_time":"20190510214552","is_ascension_mode":true,"campfire_choices":[],"neow_cost":"NONE","seed_source_timestamp":98538484813600,"circlet_count":0,"master_deck":["Defend_G","Defend_G","Defend_G","Defend_G","Strike_G","Strike_G","Strike_G","Strike_G","Strike_G","Survivor","Neutralize","Crippling Poison+1","Flechettes","Cloak And Dagger","PiercingWail","Blade Dance","Dodge and Roll","Leg Sweep","Bane","Sucker Punch","Dagger Throw"],"relics":["Ring of the Snake","Omamori","The Specimen","Shuriken","Pen Nib"],"potions_floor_usage":[11,14],"damage_taken":[{"damage":1,"enemies":"Jaw Worm","floor":1,"turns":4},{"damage":0,"enemies":"2 Louse","floor":3,"turns":2},{"damage":2,"enemies":"Cultist","floor":4,"turns":4},{"damage":2,"enemies":"2 Fungi Beasts","floor":5,"turns":4},{"damage":6,"enemies":"Gremlin Nob","floor":6,"turns":4},{"damage":10,"enemies":"Exordium Thugs","floor":7,"turns":4},{"damage":23,"enemies":"3 Sentries","floor":8,"turns":9},{"damage":2,"enemies":"Looter","floor":10,"turns":4},{"damage":17,"enemies":"Lagavulin","floor":11,"turns":6},{"damage":5,"enemies":"Large Slime","floor":13,"turns":6},{"damage":7,"enemies":"2 Fungi Beasts","floor":14,"turns":2}],"seed_played":"-6917635497805960385","potions_obtained":[{"floor":4,"key":"Dexterity Potion"},{"floor":5,"key":"GamblersBrew"},{"floor":7,"key":"Block Potion"},{"floor":11,"key":"Poison Potion"}],"is_trial":false,"path_per_floor":["M","?","M","M","M","E","M","E","T","M","E","?","M","M"],"character_chosen":"THE_SILENT","items_purchased":[],"campfire_rested":0,"item_purchase_floors":[],"current_hp_per_floor":[69,69,69,67,65,59,49,26,26,24,7,7,2,0],"gold":290,"neow_bonus":"TRANSFORM_CARD","is_prod":false,"is_daily":false,"chose_seed":false,"campfire_upgraded":0,"win_rate":0,"timestamp":1557542752,"path_taken":["M","?","M","M","M","E","M","E","T","M","E","?","?","M"],"build_version":"2019-01-23","purchased_purges":0,"victory":false,"max_hp_per_floor":[70,70,70,70,70,70,70,70,70,70,70,70,70,70],"card_choices":[{"not_picked":["Backflip","Escape Plan"],"picked":"Flechettes","floor":1},{"not_picked":["Terror","Blade Dance"],"picked":"Cloak And Dagger","floor":3},{"not_picked":["Dash","Riddle With Holes"],"picked":"PiercingWail","floor":4},{"not_picked":["Distraction","Blur"],"picked":"Blade Dance","floor":5},{"not_picked":["Choke","Dagger Throw"],"picked":"Dodge and Roll","floor":6},{"not_picked":["Reflex","Prepared"],"picked":"Leg Sweep","floor":7},{"not_picked":["All Out Attack","Underhanded Strike"],"picked":"Bane","floor":8},{"not_picked":["Endless Agony","Reflex"],"picked":"Flechettes","floor":10},{"not_picked":["Catalyst","Masterful Stab"],"picked":"Sucker Punch","floor":11},{"not_picked":["Underhanded Strike","Sucker Punch"],"picked":"Dagger Throw","floor":13}],"player_experience":89077,"relics_obtained":[{"floor":6,"key":"Omamori"},{"floor":8,"key":"The Specimen"},{"floor":9,"key":"Shuriken"},{"floor":11,"key":"Pen Nib"}],"event_choices":[{"damage_healed":0,"gold_gain":0,"player_choice":"Grow","damage_taken":0,"max_hp_gain":0,"max_hp_loss":0,"event_name":"Living Wall","floor":2,"gold_loss":0,"cards_upgraded":["Crippling Poison"]},{"cards_removed":["Flechettes"],"damage_healed":0,"gold_gain":0,"player_choice":"Purged","damage_taken":0,"max_hp_gain":0,"max_hp_loss":0,"event_name":"Purifier","floor":12,"gold_loss":0}],"is_beta":false,"boss_relics":[],"items_purged_floors":[],"is_endless":false,"potions_floor_spawned":[4,5,7,11],"killed_by":"2 Fungi Beasts","ascension_level":2}