{"gold_per_floor":[118,25,38,38,38,38,60,60,83,114,127,144,144,197,197,197],"floor_reached":16,"playtime":5160,"items_purged":[],"score":186,"play_id":"b6c2fec8-3b60-4ff3-bef5-dc1ac39cf5ac","local_time":"20190720134824","is_ascension_mode":true,"campfire_choices":[{"data":"Zap","floor":6,"key":"SMITH"},{"data":"Capacitor","floor":8,"key":"SMITH"},{"floor":15,"key":"REST"}],"neow_cost":"NONE","seed_source_timestamp":325584327056149,"circlet_count":0,"master_deck":["AscendersBane","Strike_B","Strike_B","Strike_B","Defend_B","Defend_B","Defend_B","Defend_B","Zap+1","Dualcast","Loop","Capacitor+1","Turbo","Force Field","Genetic Algorithm","Coolheaded","Fusion"],"relics":["Cracked Core","NeowsBlessing","Odd Mushroom","Centennial Puzzle","Bag of Marbles","Orichalcum"],"potions_floor_usage":[10,16],"damage_taken":[{"damage":0,"enemies":"Small Slimes","floor":1,"turns":1},{"damage":0,"enemies":"2 Louse","floor":3,"turns":1},{"damage":0,"enemies":"The Mushroom Lair","floor":7,"turns":1},{"damage":34,"enemies":"Lagavulin","floor":10,"turns":8},{"damage":1,"enemies":"Cultist","floor":11,"turns":4},{"damage":7,"enemies":"Red Slaver","floor":12,"turns":3},{"damage":36,"enemies":"The Guardian","floor":16,"turns":18}],"seed_played":"-5445169739532477598","potions_obtained":[{"floor":1,"key":"PowerPotion"},{"floor":7,"key":"Explosive Potion"},{"floor":10,"key":"FearPotion"}],"is_trial":false,"path_per_floor":["M","$","M","$","?","R","?","R","T","E","M","M","?","T","R","B"],"character_chosen":"DEFECT","items_purchased":["Capacitor","Turbo"],"campfire_rested":1,"item_purchase_floors":[2,2],"current_hp_per_floor":[64,64,64,64,57,57,57,57,57,23,22,15,15,15,36,0],"gold":197,"neow_bonus":"THREE_ENEMY_KILL","is_prod":false,"is_daily":false,"chose_seed":false,"campfire_upgraded":2,"win_rate":0,"timestamp":1563655704,"path_taken":["M","$","M","$","?","R","?","R","T","E","M","M","?","?","R","BOSS"],"build_version":"2019-07-05","purchased_purges":0,"victory":false,"max_hp_per_floor":[71,71,71,71,71,71,71,71,71,71,71,71,71,71,71,71],"card_choices":[{"not_picked":["Genetic Algorithm","Rebound"],"picked":"Loop","floor":1},{"not_picked":["Beam Cell","Gash"],"picked":"Force Field","floor":3},{"not_picked":["Hologram","Doom and Gloom"],"picked":"Genetic Algorithm","floor":7},{"not_picked":["Aggregate","Redo","Leap"],"picked":"SKIP","floor":10},{"not_picked":["Turbo","FTL"],"picked":"Coolheaded","floor":11},{"not_picked":["Rip and Tear","Seek"],"picked":"Fusion","floor":12}],"player_experience":2251453,"relics_obtained":[{"floor":7,"key":"Odd Mushroom"},{"floor":9,"key":"Centennial Puzzle"},{"floor":10,"key":"Bag of Marbles"},{"floor":14,"key":"Orichalcum"}],"event_choices":[{"cards_removed":["Strike_B"],"damage_healed":0,"gold_gain":0,"player_choice":"Card Removal","damage_taken":7,"max_hp_gain":0,"max_hp_loss":0,"event_name":"Golden Wing","floor":5,"gold_loss":0},{"damage_healed":0,"gold_gain":0,"player_choice":"Fought Mushrooms","damage_taken":0,"max_hp_gain":0,"max_hp_loss":0,"event_name":"Mushrooms","floor":7,"gold_loss":0},{"damage_healed":0,"gold_gain":0,"player_choice":"Ignored","damage_taken":0,"max_hp_gain":0,"max_hp_loss":0,"event_name":"Liars Game","floor":13,"gold_loss":0}],"is_beta":false,"boss_relics":[],"items_purged_floors":[],"is_endless":false,"potions_floor_spawned":[1,7,10,12],"killed_by":"The Guardian","ascension_level":18}