{"gold_per_floor":[116,291,291,177,201,234,264,276,312,324,357,60,60,83,83,208,208,221,221,239,290,6,31,31,43,43,75,75,27,44,75,75,174,174,186,34,34,134,147,179,179,204,204,217,247,247,263,277,277,277,277,277,4,4],"floor_reached":54,"playtime":3909,"items_purged":["Doubt"],"score":846,"play_id":"a75b7784-2c75-4f78-b40a-ba5832b9fe09","local_time":"20190826221849","is_ascension_mode":true,"campfire_choices":[{"floor":10,"key":"REST"},{"floor":15,"key":"REST"},{"data":"Zap","floor":24,"key":"SMITH"},{"data":"Go for the Eyes","floor":28,"key":"SMITH"},{"floor":32,"key":"REST"},{"floor":41,"key":"RECALL"},{"floor":49,"key":"DIG"},{"floor":52,"key":"DIG"}],"neow_cost":"NONE","seed_source_timestamp":343472929117700,"circlet_count":0,"master_deck":["Strike_B","Defend_B","Defend_B+1","Defend_B","Defend_B+1","Zap+1","Dualcast","Beam Cell","Defragment","Steam","Undo","Leap","Glacier","Glacier","All For One","FTL","Go for the Eyes+1","Sweeping Beam","Sweeping Beam","Blizzard","FTL","Capacitor+1","Steam","Stack+1","Go for the Eyes","Seek","Coolheaded","FTL+1","Double Energy+1","Echo Form+1","Consume+1","Fission","Go for the Eyes+1","Beam Cell","Steam","Glacier+1","Gash+1","BootSequence"],"relics":["Cracked Core","Bloody Idol","MawBank","Art of War","StoneCalendar","Boot","Orrery","Oddly Smooth Stone","Frozen Egg 2","Dream Catcher","Ornamental Fan","Nunchaku","Astrolabe","Shovel","Smiling Mask","Dodecahedron","Meat on the Bone","Centennial Puzzle","Anchor","Sundial","Runic Capacitor"],"potions_floor_usage":[16,20,23,30,31,31,33,44,48,54],"damage_taken":[{"damage":2,"enemies":"Small Slimes","floor":1,"turns":4},{"damage":1,"enemies":"Jaw Worm","floor":5,"turns":3},{"damage":30,"enemies":"Lagavulin","floor":6,"turns":6},{"damage":0,"enemies":"2 Louse","floor":7,"turns":2},{"damage":8,"enemies":"Red Slaver","floor":11,"turns":3},{"damage":2,"enemies":"2 Fungi Beasts","floor":14,"turns":4},{"damage":5,"enemies":"Slime Boss","floor":16,"turns":12},{"damage":14,"enemies":"2 Thieves","floor":18,"turns":5},{"damage":3,"enemies":"Shell Parasite","floor":20,"turns":3},{"damage":34,"enemies":"Slavers","floor":23,"turns":7},{"damage":4,"enemies":"Shelled Parasite and Fungi","floor":25,"turns":7},{"damage":4,"enemies":"Book of Stabbing","floor":27,"turns":7},{"damage":8,"enemies":"3 Cultists","floor":30,"turns":5},{"damage":6,"enemies":"Gremlin Leader","floor":31,"turns":9},{"damage":19,"enemies":"Automaton","floor":33,"turns":14},{"damage":14,"enemies":"3 Darklings","floor":35,"turns":7},{"damage":1,"enemies":"Mind Bloom Boss Battle","floor":38,"turns":9},{"damage":6,"enemies":"Orb Walker","floor":39,"turns":6},{"damage":18,"enemies":"Nemesis","floor":40,"turns":8},{"damage":12,"enemies":"Giant Head","floor":42,"turns":11},{"damage":1,"enemies":"Transient","floor":44,"turns":5},{"damage":3,"enemies":"Nemesis","floor":45,"turns":7},{"damage":9,"enemies":"4 Shapes","floor":47,"turns":7},{"damage":6,"enemies":"Writhing Mass","floor":48,"turns":7},{"damage":4,"enemies":"Time Eater","floor":50,"turns":18},{"damage":95,"enemies":"Shield and Spear","floor":54,"turns":7}],"seed_played":"398241211750864569","potions_obtained":[{"floor":6,"key":"EssenceOfSteel"},{"floor":7,"key":"SpeedPotion"},{"floor":18,"key":"AttackPotion"},{"floor":25,"key":"SteroidPotion"},{"floor":27,"key":"Block Potion"},{"floor":30,"key":"PowerPotion"},{"floor":39,"key":"FairyPotion"},{"floor":40,"key":"Poison Potion"},{"floor":42,"key":"Weak Potion"},{"floor":45,"key":"EssenceOfSteel"}],"is_trial":false,"path_per_floor":["M","?","?","$","M","E","M","?","T","R","M","$","?","M","R","B",null,"M","?","M","T","$","E","R","M","T","E","R","$","M","E","R","B",null,"M","$","?","?","M","E","R","E","T","M","E","?","M","M","R","B",null,"R","$","E"],"character_chosen":"DEFECT","items_purchased":["Defragment","StoneCalendar","Frozen Egg 2","Capacitor+1","Swift Potion","Fission","Runic Capacitor","BootSequence"],"campfire_rested":3,"item_purchase_floors":[4,12,22,22,29,36,53,53],"current_hp_per_floor":[80,80,60,60,59,29,29,13,13,37,29,29,17,15,39,34,82,68,68,70,75,75,46,46,47,47,48,48,48,45,44,68,54,82,73,73,73,77,76,63,63,56,56,60,62,62,58,57,57,53,78,78,78,0],"gold":4,"neow_bonus":"TEN_PERCENT_HP_BONUS","is_prod":false,"is_daily":false,"chose_seed":false,"campfire_upgraded":2,"win_rate":0,"timestamp":1566883129,"path_taken":["M","?","?","$","M","E","M","?","T","R","?","$","?","M","R","BOSS","M","?","M","?","$","E","R","M","T","E","R","?","M","E","R","BOSS","M","$","?","?","M","E","R","E","T","M","E","?","?","M","R","BOSS","R","$","E"],"build_version":"2019-08-23","purchased_purges":1,"victory":false,"max_hp_per_floor":[82,82,82,82,82,82,82,82,82,82,82,82,82,82,82,82,82,82,82,82,82,82,82,82,82,82,82,82,82,82,82,82,82,82,82,82,78,78,78,78,78,78,78,78,78,78,78,78,78,78,78,78,78,78],"card_choices":[{"not_picked":["Ball Lightning","Self Repair"],"picked":"Beam Cell","floor":1},{"not_picked":["Beam Cell","Force Field"],"picked":"Steam","floor":5},{"not_picked":["Rebound","Consume"],"picked":"Undo","floor":6},{"not_picked":["Steam Power","Rebound"],"picked":"Leap","floor":7},{"not_picked":["Darkness","Genetic Algorithm"],"picked":"Glacier","floor":11},{"not_picked":["Fission","Auto Shields"],"picked":"Glacier","floor":14},{"not_picked":["Seek","Thunder Strike"],"picked":"All For One","floor":16},{"not_picked":["Redo","Leap"],"picked":"FTL","floor":17},{"not_picked":["Cold Snap","Double Energy"],"picked":"Go for the Eyes","floor":17},{"not_picked":["Stack","Rebound"],"picked":"Sweeping Beam","floor":17},{"not_picked":["Force Field","Heatsinks"],"picked":"Sweeping Beam","floor":17},{"not_picked":["Storm","Lockon"],"picked":"Blizzard","floor":17},{"not_picked":["Aggregate+1","Chaos","Streamline"],"picked":"SKIP","floor":18},{"not_picked":["Stack","Auto Shields"],"picked":"FTL","floor":20},{"not_picked":["Streamline","Defragment+1"],"picked":"Steam","floor":23},{"not_picked":["Compile Driver+1","Redo"],"picked":"Stack+1","floor":25},{"not_picked":["Ball Lightning","Capacitor+1"],"picked":"Go for the Eyes","floor":27},{"not_picked":["Streamline","Sweeping Beam+1","Undo"],"picked":"SKIP","floor":30},{"not_picked":["Conserve Battery","Reprogram"],"picked":"Seek","floor":31},{"not_picked":["Conserve Battery","Steam"],"picked":"Coolheaded","floor":32},{"not_picked":["Cold Snap","Go for the Eyes"],"picked":"Consume+1","floor":35},{"not_picked":["Barrage+1","Turbo+1"],"picked":"Go for the Eyes+1","floor":39},{"not_picked":["Reprogram","Conserve Battery+1","Doom and Gloom"],"picked":"SKIP","floor":40},{"not_picked":["Go for the Eyes+1","Recycle+1"],"picked":"Beam Cell","floor":42},{"not_picked":["Leap","Turbo"],"picked":"Steam","floor":44},{"not_picked":["Core Surge","Scrape+1"],"picked":"Glacier+1","floor":45},{"not_picked":["Streamline","Hello World+1","Rebound"],"picked":"SKIP","floor":47},{"not_picked":["Redo","Stack"],"picked":"Gash+1","floor":48}],"player_experience":1433564,"relics_obtained":[{"floor":6,"key":"MawBank"},{"floor":9,"key":"Art of War"},{"floor":21,"key":"Oddly Smooth Stone"},{"floor":23,"key":"Dream Catcher"},{"floor":27,"key":"Ornamental Fan"},{"floor":31,"key":"Nunchaku"},{"floor":38,"key":"Shovel"},{"floor":40,"key":"Smiling Mask"},{"floor":42,"key":"Dodecahedron"},{"floor":43,"key":"Meat on the Bone"},{"floor":45,"key":"Centennial Puzzle"},{"floor":49,"key":"Anchor"},{"floor":52,"key":"Sundial"}],"event_choices":[{"damage_healed":0,"gold_gain":175,"player_choice":"AGREE","damage_taken":0,"max_hp_gain":0,"max_hp_loss":0,"event_name":"Liars Game","floor":2,"gold_loss":0,"cards_obtained":["Doubt"]},{"damage_healed":0,"gold_gain":0,"player_choice":"Take Damage","damage_taken":20,"relics_obtained":["Golden Idol"],"max_hp_gain":0,"max_hp_loss":0,"event_name":"Golden Idol","floor":3,"gold_loss":0},{"damage_healed":0,"gold_gain":0,"player_choice":"Entered Light","damage_taken":16,"max_hp_gain":0,"max_hp_loss":0,"event_name":"Shining Light","floor":8,"gold_loss":0,"cards_upgraded":["Defend_B","Defend_B"]},{"damage_healed":0,"gold_gain":0,"player_choice":"Success","damage_taken":12,"relics_obtained":["Boot"],"max_hp_gain":0,"max_hp_loss":0,"event_name":"Scrap Ooze","floor":13,"gold_loss":0},{"damage_healed":0,"gold_gain":0,"player_choice":"Gave Idol","damage_taken":0,"relics_obtained":["Bloody Idol"],"max_hp_gain":0,"max_hp_loss":0,"event_name":"Forgotten Altar","floor":19,"relics_lost":["Golden Idol"],"gold_loss":0},{"damage_healed":0,"gold_gain":0,"player_choice":"Max HP","damage_taken":0,"max_hp_gain":0,"max_hp_loss":4,"event_name":"Winding Halls","floor":37,"gold_loss":0},{"damage_healed":0,"gold_gain":0,"player_choice":"Fight","damage_taken":0,"max_hp_gain":0,"max_hp_loss":0,"event_name":"MindBloom","floor":38,"gold_loss":0},{"damage_healed":0,"gold_gain":0,"player_choice":"Ignored","damage_taken":0,"max_hp_gain":0,"max_hp_loss":0,"event_name":"NoteForYourself","floor":46,"gold_loss":0}],"is_beta":true,"boss_relics":[{"not_picked":["White Beast Statue","Nuclear Battery"],"picked":"Orrery"},{"not_picked":["Runic Pyramid","Black Star"],"picked":"Astrolabe"}],"items_purged_floors":[4],"is_endless":false,"potions_floor_spawned":[6,7,18,25,27,30,39,40,42,45],"killed_by":"Shield and Spear","ascension_level":1}