{"gold_per_floor":[112,112,112,128,128,128,162,162,218,241,264,278,301,324,324,445,445,466,245,195,215,45,88,6,6,53,71,92,113,113,28,28,151,151,166,41,56,77,93,93,131,57,57,77,0,0,15,15,15,15],"floor_reached":51,"playtime":3363,"items_purged":["Injury","Strike_B","Decay"],"score":1102,"play_id":"705e88f8-09ed-42e0-b06c-b36c59dacb08","local_time":"20190925004658","is_ascension_mode":true,"campfire_choices":[{"floor":6.0,"key":"REST"},{"data":"Dualcast","floor":8.0,"key":"SMITH"},{"floor":15.0,"key":"REST"},{"floor":25.0,"key":"REST"},{"floor":30.0,"key":"REST"},{"data":"Seek","floor":32.0,"key":"SMITH"},{"data":"Redo","floor":40,"key":"SMITH"},{"floor":46,"key":"REST"},{"data":"Zap","floor":49,"key":"SMITH"}],"neow_cost":"NONE","seed_source_timestamp":0,"circlet_count":0,"master_deck":["AscendersBane","Strike_B","Strike_B","Defend_B","Defend_B","Defend_B","Defend_B","Zap+1","Dualcast+1","Sweeping Beam","Darkness","Cold Snap+1","Capacitor+1","Sweeping Beam","Ball Lightning","Undo","Seek+1","Buffer+1","Doom and Gloom","Self Repair+1","Leap","Cold Snap","Static Discharge+1","Blizzard+1","Stack+1","Defragment+1","Chill+1","Redo+1","Redo+1","Biased Cognition+1","Melter+1","Barrage+1","Echo Form+1","Doubt","Loop+1"],"special_seed":0,"relics":["Cracked Core","NeowsBlessing","Frozen Egg 2","Golden Idol","Toy Ornithopter","Tiny Chest","Cursed Key","DataDisk","Whetstone","Pen Nib","SlaversCollar","Mercury Hourglass","Lantern","Red Mask"],"potions_floor_usage":[44,47,50,50],"damage_taken":[{"damage":0.0,"enemies":"Small Slimes","floor":1.0,"turns":1.0},{"damage":0.0,"enemies":"Jaw Worm","floor":4.0,"turns":1.0},{"damage":0.0,"enemies":"Lagavulin","floor":7.0,"turns":1.0},{"damage":4.0,"enemies":"Cultist","floor":10.0,"turns":3.0},{"damage":24.0,"enemies":"Large Slime","floor":11.0,"turns":7.0},{"damage":19.0,"enemies":"3 Louse","floor":12.0,"turns":3.0},{"damage":14.0,"enemies":"Red Slaver","floor":13.0,"turns":3.0},{"damage":6.0,"enemies":"Large Slime","floor":14.0,"turns":6.0},{"damage":20.0,"enemies":"The Guardian","floor":16.0,"turns":13.0},{"damage":10.0,"enemies":"2 Thieves","floor":18.0,"turns":5.0},{"damage":6.0,"enemies":"Shell Parasite","floor":21.0,"turns":7.0},{"damage":48.0,"enemies":"Book of Stabbing","floor":23.0,"turns":7.0},{"damage":0.0,"enemies":"Cultist and Chosen","floor":27.0,"turns":7.0},{"damage":1.0,"enemies":"Sentry and Sphere","floor":28.0,"turns":5.0},{"damage":14.0,"enemies":"Snake Plant","floor":29.0,"turns":5.0},{"damage":32.0,"enemies":"Champ","floor":33.0,"turns":11.0},{"damage":0,"enemies":"Orb Walker","floor":35,"turns":3},{"damage":0,"enemies":"3 Darklings","floor":37,"turns":4},{"damage":39,"enemies":"Spire Growth","floor":38,"turns":5},{"damage":0,"enemies":"Sphere and 2 Shapes","floor":39,"turns":6},{"damage":22,"enemies":"Reptomancer","floor":41,"turns":5},{"damage":0,"enemies":"Transient","floor":44,"turns":5},{"damage":16,"enemies":"Maw","floor":47,"turns":7},{"damage":11,"enemies":"Donu and Deca","floor":50,"turns":8}],"seed_played":"-389137864605602658","potions_obtained":[{"floor":7.0,"key":"Dexterity Potion"},{"floor":10.0,"key":"GamblersBrew"},{"floor":13.0,"key":"Dexterity Potion"},{"floor":21.0,"key":"Explosive Potion"},{"floor":28.0,"key":"AttackPotion"},{"floor":29.0,"key":"AttackPotion"},{"floor":33.0,"key":"FocusPotion"},{"floor":38,"key":"Strength Potion"},{"floor":41,"key":"AttackPotion"},{"floor":47,"key":"GamblersBrew"},{"floor":48,"key":"FocusPotion"}],"is_trial":false,"path_per_floor":["M","?","?","M","?","R","E","R","T","M","M","M","M","M","R","B",null,"M","$","?","M","$","E","$","R","T","M","M","M","R","?","R","B",null,"M","$","M","M","M","R","E","$","T","M","?","R","M","?","R","B",null],"character_chosen":"DEFECT","items_purchased":["Self Repair+1","Leap","Cold Snap","Blizzard","Defragment+1","PotionOfCapacity"],"campfire_rested":5,"item_purchase_floors":[19,19,19,22,24,42],"current_hp_per_floor":[68,50,50,50,43,65,65,65,65,61,42,23,9,3,25,15,60,50,50,50,54,54,16,16,38,38,38,47,43,65,65,65,53,70,70,70,75,46,56,56,44,44,44,59,59,75,75,75,75,74],"gold":15,"neow_bonus":"THREE_ENEMY_KILL","is_prod":false,"is_daily":false,"chose_seed":false,"campfire_upgraded":4,"win_rate":0,"timestamp":1569397618,"path_taken":["M","?","?","M","?","R","E","R","T","M","M","M","M","M","R","BOSS","M","$","?","M","$","E","?","R","T","M","M","M","R","?","R","BOSS","M","$","M","M","M","R","E","$","T","M","?","R","M","?","R","BOSS"],"build_version":"2019-09-24","purchased_purges":3,"victory":true,"max_hp_per_floor":[75,75,75,75,75,75,75,75,75,75,75,75,75,75,75,75,75,75,75,75,75,75,75,75,75,75,75,75,75,75,75,75,75,75,75,75,75,75,75,75,75,75,75,75,75,75,75,75,75,75],"card_choices":[{"not_picked":["Hologram","Conserve Battery"],"picked":"Sweeping Beam","floor":1.0},{"not_picked":["Turbo","Go for the Eyes"],"picked":"Darkness","floor":4.0},{"not_picked":["Sweeping Beam","Undo"],"picked":"Cold Snap","floor":7.0},{"not_picked":["Fusion","Skim"],"picked":"Capacitor+1","floor":10.0},{"not_picked":["Capacitor+1","Streamline"],"picked":"Sweeping Beam","floor":11.0},{"not_picked":["Double Energy","Coolheaded"],"picked":"Ball Lightning","floor":12.0},{"not_picked":["Coolheaded","Hologram"],"picked":"Undo","floor":13.0},{"not_picked":["Turbo","Leap"],"picked":"Seek","floor":14.0},{"not_picked":["Fission","All For One"],"picked":"Buffer+1","floor":16.0},{"not_picked":["Compile Driver+1","Fusion+1"],"picked":"Doom and Gloom","floor":18.0},{"not_picked":["Skim+1","Double Energy"],"picked":"Static Discharge+1","floor":21.0},{"not_picked":["Force Field+1","Go for the Eyes"],"picked":"Stack+1","floor":23.0},{"not_picked":["Sweeping Beam+1","Recycle"],"picked":"Chill+1","floor":27.0},{"not_picked":["Leap","Streamline+1"],"picked":"Redo","floor":28.0},{"not_picked":["Stack","Rip and Tear"],"picked":"Redo+1","floor":29.0},{"not_picked":["Seek","Creative AI+1"],"picked":"Biased Cognition+1","floor":33.0},{"not_picked":["Sunder","Turbo+1","Beam Cell"],"picked":"SKIP","floor":35},{"not_picked":["FTL+1","Barrage+1"],"picked":"Melter+1","floor":37},{"not_picked":["Hello World+1","Steam"],"picked":"Barrage+1","floor":38},{"not_picked":["Steam","Stack","Streamline+1"],"picked":"SKIP","floor":39},{"not_picked":["Compile Driver","Blizzard+1"],"picked":"Echo Form+1","floor":41},{"not_picked":["Barrage","Cold Snap","Steam Power+1"],"picked":"SKIP","floor":44},{"not_picked":["Turbo+1","Gash+1"],"picked":"Loop+1","floor":47}],"player_experience":774587,"relics_obtained":[{"floor":7.0,"key":"Toy Ornithopter"},{"floor":9.0,"key":"Tiny Chest"},{"floor":23.0,"key":"DataDisk"},{"floor":26.0,"key":"Whetstone"},{"floor":41,"key":"Mercury Hourglass"},{"floor":43,"key":"Lantern"}],"event_choices":[{"damage_healed":0.0,"max_hp_gain":0.0,"max_hp_loss":0.0,"gold_gain":0.0,"event_name":"Scrap Ooze","player_choice":"Success","floor":2.0,"gold_loss":0.0,"damage_taken":18.0,"relics_obtained":["Frozen Egg 2"]},{"damage_healed":0.0,"max_hp_gain":0.0,"max_hp_loss":0.0,"gold_gain":0.0,"event_name":"Golden Idol","player_choice":"Take Wound","floor":3.0,"gold_loss":0.0,"damage_taken":0.0,"relics_obtained":["Golden Idol"],"cards_obtained":["Injury"]},{"cards_removed":["Strike_B"],"damage_healed":0.0,"max_hp_gain":0.0,"max_hp_loss":0.0,"gold_gain":0.0,"event_name":"Golden Wing","player_choice":"Card Removal","floor":5.0,"gold_loss":0.0,"damage_taken":7.0},{"damage_healed":0.0,"max_hp_gain":0.0,"max_hp_loss":0.0,"gold_gain":0.0,"event_name":"The Joust","player_choice":"Bet on Murderer","floor":20.0,"gold_loss":50.0,"damage_taken":0.0},{"damage_healed":0.0,"max_hp_gain":0.0,"max_hp_loss":0.0,"gold_gain":0.0,"event_name":"Addict","player_choice":"Obtained Relic","floor":31.0,"gold_loss":85.0,"damage_taken":0.0,"relics_obtained":["Pen Nib"]},{"damage_healed":0,"gold_gain":0,"player_choice":"Paid","damage_taken":0,"relics_obtained":["Red Mask"],"max_hp_gain":0,"max_hp_loss":0,"event_name":"Tomb of Lord Red Mask","floor":45,"gold_loss":77},{"damage_healed":0,"gold_gain":0,"player_choice":"Got Potions","damage_taken":0,"max_hp_gain":0,"max_hp_loss":0,"event_name":"Lab","floor":48,"gold_loss":0}],"is_beta":true,"boss_relics":[{"not_picked":["Empty Cage","Runic Dome"],"picked":"Cursed Key"},{"not_picked":["Sozu","Busted Crown"],"picked":"SlaversCollar"}],"items_purged_floors":[19,22,36],"is_endless":false,"potions_floor_spawned":[7,10,13,21,28,29,33,38,41,47],"ascension_level":10}