{"gold_per_floor":[111,121,136,136,61,61,78,105,105,138,138,138,58,69,69,171,171,182,182,170,85,101,101,134,134,210,226,246,345,345,345,345,450,450,463,82,101,201,215,215,235,264,343,371,383,395,407,519,531,543],"floor_reached":51,"playtime":4369,"items_purged":["Defend_G","Defend_G"],"score":1156,"play_id":"01070a84-fcd4-4ea5-ad5c-24be2940f50d","local_time":"20191016000943","is_ascension_mode":true,"campfire_choices":[{"floor":6,"key":"REST"},{"floor":11,"key":"REST"},{"data":"Neutralize","floor":15,"key":"SMITH"},{"data":"Blur","floor":23,"key":"SMITH"},{"floor":25,"key":"REST"},{"floor":32,"key":"REST"},{"data":"Noxious Fumes","floor":40,"key":"SMITH"},{"data":"Cloak And Dagger","floor":45,"key":"SMITH"},{"data":"Blur","floor":47,"key":"SMITH"},{"data":"Sucker Punch","floor":49,"key":"SMITH"}],"neow_cost":"PERCENT_DAMAGE","seed_source_timestamp":514087514998500,"circlet_count":0,"master_deck":["Strike_G+1","Strike_G","Strike_G+1","Defend_G","Defend_G","Defend_G","Survivor","Neutralize+1","Die Die Die","Sucker Punch+1","Infinite Blades","Cloak And Dagger+1","Well Laid Plans","Noxious Fumes+1","Terror","Backflip+1","Adrenaline","Prepared+1","Blur+1","Escape Plan+1","Concentrate","Underhanded Strike+1","Tools of the Trade+1","Blur+1","Concentrate","Infinite Blades+1","Blade Dance+1","Footwork+1","Slice+1","Underhanded Strike+1"],"relics":["Ring of the Snake","Lantern","Ornamental Fan","Nunchaku","Black Star","Unceasing Top","War Paint","Calipers","Darkstone Periapt","Frozen Egg 2","Gambling Chip","WristBlade","DollysMirror","Oddly Smooth Stone","Whetstone","Blue Candle","Pocketwatch","MawBank","Torii"],"potions_floor_usage":[16,18,24,50,50,50],"damage_taken":[{"damage":0,"enemies":"Cultist","floor":1,"turns":3},{"damage":0,"enemies":"Small Slimes","floor":2,"turns":2},{"damage":1,"enemies":"2 Louse","floor":3,"turns":2},{"damage":4,"enemies":"Blue Slaver","floor":7,"turns":4},{"damage":23,"enemies":"3 Sentries","floor":8,"turns":7},{"damage":19,"enemies":"Lagavulin","floor":10,"turns":6},{"damage":0,"enemies":"Exordium Wildlife","floor":14,"turns":3},{"damage":0,"enemies":"Hexaghost","floor":16,"turns":9},{"damage":8,"enemies":"3 Byrds","floor":18,"turns":6},{"damage":5,"enemies":"2 Thieves","floor":20,"turns":4},{"damage":9,"enemies":"Snake Plant","floor":22,"turns":6},{"damage":53,"enemies":"Slavers","floor":24,"turns":7},{"damage":6,"enemies":"Centurion and Healer","floor":27,"turns":8},{"damage":6,"enemies":"Cultist and Chosen","floor":28,"turns":7},{"damage":8,"enemies":"Collector","floor":33,"turns":12},{"damage":0,"enemies":"Orb Walker","floor":35,"turns":4},{"damage":0,"enemies":"3 Darklings","floor":37,"turns":4},{"damage":0,"enemies":"Transient","floor":39,"turns":5},{"damage":0,"enemies":"4 Shapes","floor":41,"turns":3},{"damage":0,"enemies":"Reptomancer","floor":42,"turns":5},{"damage":0,"enemies":"Giant Head","floor":44,"turns":6},{"damage":0,"enemies":"Mind Bloom Boss Battle","floor":48,"turns":5},{"damage":12,"enemies":"Time Eater","floor":50,"turns":11}],"seed_played":"-4185422639183812840","potions_obtained":[{"floor":8,"key":"SpeedPotion"},{"floor":10,"key":"Regen Potion"},{"floor":14,"key":"Energy Potion"},{"floor":22,"key":"Strength Potion"},{"floor":33,"key":"SkillPotion"},{"floor":37,"key":"Weak Potion"},{"floor":39,"key":"Strength Potion"}],"is_trial":false,"path_per_floor":["M","M","M","?","$","R","M","E","T","E","R","?","$","M","R","B",null,"M","?","M","?","M","R","E","R","T","M","M","?","T","?","R","B",null,"M","$","M","?","M","R","M","E","T","E","R","?","R","?","R","B",null],"character_chosen":"THE_SILENT","items_purchased":["Terror","DollysMirror","Infinite Blades+1"],"campfire_rested":4,"item_purchase_floors":[13,36,36],"current_hp_per_floor":[45,45,44,44,44,65,61,38,38,19,40,33,33,33,33,33,61,68,68,63,63,54,54,1,22,22,16,10,10,10,10,31,23,58,58,58,58,58,58,58,58,58,58,58,58,58,58,58,58,46],"gold":555,"neow_bonus":"THREE_RARE_CARDS","is_prod":false,"is_daily":false,"chose_seed":false,"campfire_upgraded":6,"win_rate":0,"timestamp":1571198983,"path_taken":["M","M","?","?","$","R","M","E","T","E","R","?","$","M","R","BOSS","M","?","M","?","M","R","E","R","T","M","M","?","?","?","R","BOSS","M","$","M","?","M","R","?","E","T","E","R","?","R","?","R","BOSS"],"build_version":"2019-07-17","purchased_purges":2,"victory":true,"max_hp_per_floor":[70,70,70,70,70,70,70,70,70,70,70,70,70,70,70,70,70,70,70,70,70,70,70,70,70,70,70,70,70,70,70,70,70,70,70,70,70,70,70,70,70,70,70,70,70,70,70,70,70,70],"card_choices":[{"not_picked":["Unload","Bullet Time"],"picked":"Die Die Die","floor":0},{"not_picked":["Underhanded Strike","Poisoned Stab"],"picked":"Sucker Punch","floor":1},{"not_picked":["Bane","Blade Dance"],"picked":"Infinite Blades","floor":2},{"not_picked":["Flying Knee","Sucker Punch"],"picked":"Cloak And Dagger","floor":3},{"not_picked":["Deadly Poison","Poisoned Stab","Reflex"],"picked":"SKIP","floor":7},{"not_picked":["Adrenaline","Underhanded Strike"],"picked":"Well Laid Plans","floor":8},{"not_picked":["Footwork","Catalyst"],"picked":"Noxious Fumes","floor":10},{"not_picked":["Cloak And Dagger","Leg Sweep"],"picked":"Backflip","floor":14},{"not_picked":["Die Die Die","Burst"],"picked":"Adrenaline","floor":16},{"not_picked":["Reflex","Bouncing Flask"],"picked":"Prepared","floor":18},{"not_picked":["Underhanded Strike","Acrobatics+1","Dagger Throw"],"picked":"SKIP","floor":20},{"not_picked":["Outmaneuver","Escape Plan"],"picked":"Blur","floor":22},{"not_picked":["Dodge and Roll","Deflect"],"picked":"Escape Plan+1","floor":24},{"not_picked":["Blade Dance","Sucker Punch+1"],"picked":"Concentrate","floor":27},{"not_picked":["Bouncing Flask","Acrobatics"],"picked":"Underhanded Strike+1","floor":28},{"not_picked":["Die Die Die","Glass Knife"],"picked":"Tools of the Trade+1","floor":33},{"not_picked":["Quick Slash","Backflip+1"],"picked":"Blur","floor":35},{"not_picked":["Deadly Poison","Slice"],"picked":"Blade Dance+1","floor":37},{"not_picked":["PiercingWail","Blur","Skewer+1"],"picked":"SKIP","floor":39},{"not_picked":["Predator+1","Well Laid Plans+1"],"picked":"Footwork+1","floor":41},{"not_picked":["Noxious Fumes+1","Sucker Punch"],"picked":"Slice+1","floor":42},{"not_picked":["Die Die Die","Tactician"],"picked":"Underhanded Strike+1","floor":44}],"player_experience":407436,"relics_obtained":[{"floor":8,"key":"Lantern"},{"floor":9,"key":"Ornamental Fan"},{"floor":10,"key":"Nunchaku"},{"floor":24,"key":"Calipers"},{"floor":24,"key":"Darkstone Periapt"},{"floor":26,"key":"Frozen Egg 2"},{"floor":30,"key":"Gambling Chip"},{"floor":42,"key":"Oddly Smooth Stone"},{"floor":42,"key":"Whetstone"},{"floor":43,"key":"Blue Candle"},{"floor":44,"key":"Pocketwatch"},{"floor":44,"key":"MawBank"},{"floor":48,"key":"Torii"}],"event_choices":[{"cards_removed":["Strike_G"],"damage_healed":0,"gold_gain":0,"player_choice":"Forget","damage_taken":0,"max_hp_gain":0,"max_hp_loss":0,"event_name":"Living Wall","floor":4,"gold_loss":0},{"cards_removed":["Strike_G"],"damage_healed":0,"gold_gain":0,"player_choice":"Card Removal","damage_taken":7,"max_hp_gain":0,"max_hp_loss":0,"event_name":"Golden Wing","floor":12,"gold_loss":0},{"damage_healed":0,"gold_gain":0,"player_choice":"Opened","damage_taken":0,"relics_obtained":["Unceasing Top"],"max_hp_gain":0,"max_hp_loss":0,"event_name":"The Mausoleum","floor":19,"gold_loss":0},{"damage_healed":0,"gold_gain":0,"player_choice":"Obtained Relic","damage_taken":0,"relics_obtained":["War Paint"],"max_hp_gain":0,"max_hp_loss":0,"event_name":"Addict","floor":21,"gold_loss":85},{"damage_healed":0,"gold_gain":99,"player_choice":"Stole From Cult","damage_taken":0,"max_hp_gain":0,"max_hp_loss":0,"event_name":"Nest","floor":29,"gold_loss":0},{"damage_healed":0,"gold_gain":0,"player_choice":"Ignored","damage_taken":0,"max_hp_gain":0,"max_hp_loss":0,"event_name":"Cursed Tome","floor":31,"gold_loss":0},{"damage_healed":0,"gold_gain":100,"player_choice":"Pray","damage_taken":0,"max_hp_gain":0,"max_hp_loss":0,"event_name":"Golden Shrine","floor":38,"gold_loss":0},{"damage_healed":0,"gold_gain":0,"player_choice":"Ignored","damage_taken":0,"max_hp_gain":0,"max_hp_loss":0,"event_name":"Tomb of Lord Red Mask","floor":46,"gold_loss":0},{"damage_healed":0,"gold_gain":0,"player_choice":"Fight","damage_taken":0,"max_hp_gain":0,"max_hp_loss":0,"event_name":"MindBloom","floor":48,"gold_loss":0}],"is_beta":false,"boss_relics":[{"not_picked":["Fusion Hammer","White Beast Statue"],"picked":"Black Star"},{"not_picked":["Runic Dome","Runic Pyramid"],"picked":"WristBlade"}],"items_purged_floors":[5,36],"is_endless":false,"potions_floor_spawned":[8,10,14,22,33,37,39,42],"ascension_level":8}