{"path_per_floor":["M","M","?","M","M","R","M","R","T","M","?","R","?","M","R","B",null,"M","M","M","$","M","R","M","R","T","M","E","?","R","M","R","B",null,"M","?","M","?","M","R","E","R","T","?","M","R","M","$","R","B"],"character_chosen":"DEFECT","items_purchased":["DataDisk","Frozen Eye"],"gold_per_floor":[118,132,132,148,164,164,184,184,184,197,197,197,297,311,311,415,415,425,443,460,47,60,60,77,77,104,114,147,147,147,167,167,262,292,306,306,323,323,340,340,369,369,369,369,389,389,406,306,306,306],"floor_reached":51,"campfire_rested":0,"playtime":11222,"item_purchase_floors":[21,21],"current_hp_per_floor":[73,73,66,66,66,66,66,66,66,66,51,51,51,61,61,70,74,75,75,75,75,75,75,75,75,75,75,75,75,75,75,75,80,85,85,74,74,74,83,83,85,85,85,85,85,85,85,85,85,85],"items_purged":["Strike_B","Strike_B"],"gold":306,"score":929,"play_id":"967b4af5-8066-470f-97e9-f85477a46436","local_time":"20180619213611","is_prod":false,"is_daily":false,"chose_seed":false,"is_ascension_mode":true,"campfire_upgraded":12,"win_rate":0,"timestamp":1529469371,"campfire_choices":[{"data":"Zap","floor":6,"key":"SMITH"},{"data":"Buffer","floor":8,"key":"SMITH"},{"data":"Sunder","floor":12,"key":"SMITH"},{"data":"Reinforced Body","floor":15,"key":"SMITH"},{"data":"Glacier","floor":23,"key":"SMITH"},{"data":"Echo Form","floor":25,"key":"SMITH"},{"data":"Chill","floor":30,"key":"SMITH"},{"data":"Electrodynamics","floor":32,"key":"SMITH"},{"data":"Dark Shackles","floor":40,"key":"SMITH"},{"data":"Madness","floor":42,"key":"SMITH"},{"data":"Madness","floor":46,"key":"SMITH"},{"data":"Defend_B","floor":49,"key":"SMITH"}],"path_taken":["M","M","?","M","M","R","M","R","T","M","?","R","?","M","R","BOSS","M","M","M","$","M","R","M","R","T","M","E","?","R","M","R","BOSS","M","?","M","?","?","R","E","R","T","?","M","R","M","$","R","BOSS"],"build_version":"2018-06-14v2","seed_source_timestamp":0,"purchased_purges":2,"victory":true,"master_deck":["Defend_B","Defend_B","Defend_B+1","Defend_B+1","Zap+1","Dualcast+1","Buffer+1","Glacier+1","Sunder+1","Chill+1","Self Repair+1","Reinforced Body+1","Electrodynamics+1","Turbo+1","Echo Form+1","Echo Form+1","Beam Cell+1","Hologram+1","Madness+1","Madness+1","Dark Shackles+1","BootSequence+1"],"max_hp_per_floor":[75,75,75,75,75,75,75,75,75,75,75,75,75,75,75,75,75,75,75,75,75,75,75,75,75,75,75,75,75,75,75,75,80,85,85,85,85,85,85,85,85,85,85,85,85,85,85,85,85,85],"special_seed":0,"relics":["Cracked Core","Torii","Velvet Choker","DataDisk","Frozen Eye","Anchor","Thread and Needle","Tiny House","Incense Burner","Pen Nib"],"card_choices":[{"not_picked":["Hologram","Cold Snap"],"picked":"Glacier","floor":1.0},{"not_picked":["Hello World","Cold Snap"],"picked":"Sunder","floor":2.0},{"not_picked":["Leap","Barrage"],"picked":"Chill","floor":4.0},{"not_picked":["Stack","Compile Driver","Undo"],"picked":"SKIP","floor":5},{"not_picked":["Force Field","Stack","Glacier"],"picked":"SKIP","floor":7},{"not_picked":["Fusion","Genetic Algorithm"],"picked":"Self Repair","floor":10},{"not_picked":["White Noise","Barrage"],"picked":"Reinforced Body","floor":14},{"not_picked":["Thunder Strike","Biased Cognition"],"picked":"Electrodynamics","floor":16},{"not_picked":["Rebound","Streamline","Leap"],"picked":"SKIP","floor":18},{"not_picked":["Sweeping Beam","Stack+1","Recycle"],"picked":"SKIP","floor":19},{"not_picked":["Steam","Conserve Battery","Stack"],"picked":"SKIP","floor":20},{"not_picked":["Stack","Sunder"],"picked":"Turbo+1","floor":22},{"not_picked":["Ball Lightning+1","Static Discharge+1"],"picked":"Echo Form","floor":24},{"not_picked":["Conserve Battery","Steam","Auto Shields"],"picked":"SKIP","floor":27},{"not_picked":["Genetic Algorithm","Turbo","Steam"],"picked":"SKIP","floor":28},{"not_picked":["Steam Power","Redo"],"picked":"Beam Cell+1","floor":31},{"not_picked":["Doom and Gloom+1","Redo"],"picked":"Hologram+1","floor":35},{"not_picked":["Steam","Leap+1","Static Discharge+1"],"picked":"SKIP","floor":37},{"not_picked":["Secret Weapon","Sadistic Nature"],"picked":"Dark Shackles","floor":38},{"not_picked":["Ball Lightning","Rebound","Darkness"],"picked":"SKIP","floor":39},{"not_picked":["Coolheaded","Recycle+1","Redo"],"picked":"SKIP","floor":41},{"not_picked":["Lockon","Doom and Gloom+1"],"picked":"BootSequence+1","floor":45},{"not_picked":["Scrape+1","Conserve Battery","Beam Cell+1"],"picked":"SKIP","floor":47}],"player_experience":554488,"potions_floor_usage":[7,33,33,39,41,41,50,50],"damage_taken":[{"damage":2.0,"enemies":"Jaw Worm","floor":1.0,"turns":4.0},{"damage":0.0,"enemies":"Small Slimes","floor":2.0,"turns":2.0},{"damage":0.0,"enemies":"2 Louse","floor":4.0,"turns":1.0},{"damage":0,"enemies":"Blue Slaver","floor":5,"turns":5},{"damage":0,"enemies":"Exordium Thugs","floor":7,"turns":5},{"damage":0,"enemies":"Large Slime","floor":10,"turns":6},{"damage":0,"enemies":"Red Slaver","floor":14,"turns":3},{"damage":1,"enemies":"The Guardian","floor":16,"turns":16},{"damage":0,"enemies":"Shell Parasite","floor":18,"turns":5},{"damage":0,"enemies":"Chosen","floor":19,"turns":4},{"damage":1,"enemies":"Snake Plant","floor":20,"turns":5},{"damage":1,"enemies":"Cultist and Chosen","floor":22,"turns":7},{"damage":0,"enemies":"3 Cultists","floor":24,"turns":3},{"damage":0,"enemies":"Snecko","floor":27,"turns":5},{"damage":0,"enemies":"Book of Stabbing","floor":28,"turns":4},{"damage":1,"enemies":"Slaver and Parasite","floor":31,"turns":7},{"damage":0,"enemies":"Champ","floor":33,"turns":12},{"damage":0,"enemies":"3 Shapes","floor":35,"turns":3},{"damage":0,"enemies":"Orb Walker","floor":37,"turns":2},{"damage":1,"enemies":"Sphere and 2 Shapes","floor":39,"turns":7},{"damage":0,"enemies":"Giant Head","floor":41,"turns":11},{"damage":0,"enemies":"3 Darklings","floor":45,"turns":6},{"damage":0,"enemies":"Maw","floor":47,"turns":9},{"damage":1,"enemies":"Donu and Deca","floor":50,"turns":14}],"relics_obtained":[{"floor":9,"key":"Torii"},{"floor":26,"key":"Anchor"},{"floor":28,"key":"Thread and Needle"},{"floor":41,"key":"Incense Burner"},{"floor":43,"key":"Pen Nib"}],"event_choices":[{"event_name":"Golden Wing","player_choice":"Card Removal","floor":3.0,"damage_taken":0.0},{"event_name":"Shining Light","player_choice":"Entered Light","floor":11,"damage_taken":0},{"event_name":"Golden Shrine","player_choice":"Pray","floor":13,"damage_taken":0},{"event_name":"Duplicator","player_choice":"One dupe","floor":29,"damage_taken":0},{"event_name":"Winding Halls","player_choice":"Embrace Madness","floor":36,"damage_taken":0},{"event_name":"SensoryStone","player_choice":"Memory 1","floor":38,"damage_taken":0},{"event_name":"Bonfire Elementals","player_choice":"BASIC","floor":44,"damage_taken":0}],"boss_relics":[{"not_picked":["Snecko Eye","Lizard Tail"],"picked":"Velvet Choker"},{"not_picked":["Philosopher\u0027s Stone","Runic Pyramid"],"picked":"Tiny House"}],"items_purged_floors":[21,48],"is_endless":false,"potions_floor_spawned":[5,10,14,20,27,31,33,37,39,47],"seed_played":"-6357548096176659834","ascension_level":5,"potions_obtained":[{"floor":5,"key":"Block Potion"},{"floor":10,"key":"FocusPotion"},{"floor":14,"key":"Energy Potion"},{"floor":20,"key":"PowerPotion"},{"floor":31,"key":"Fruit Juice"},{"floor":33,"key":"SkillPotion"},{"floor":34,"key":"PowerPotion"},{"floor":39,"key":"PowerPotion"},{"floor":47,"key":"Explosive Potion"}],"is_trial":false}