{"gold_per_floor":[117,128,147,167,10,185,185,215,238,238,15,33,33,68,68,171,171,185,199,209,134,144,144,159,159,159,4,4,20,20,20,20,121,121,138,158,158,158,2,34,54,66,66,166,166,146,157,157,157,157],"floor_reached":51,"playtime":4550,"items_purged":["Doubt"],"score":677,"play_id":"e1a173e3-b5de-4f64-85ef-46fb9e20d4ea","local_time":"20191013041520","is_ascension_mode":false,"campfire_choices":[{"floor":10,"key":"REST"},{"data":"Metallicize","floor":13,"key":"SMITH"},{"data":"Demon Form","floor":15,"key":"SMITH"},{"floor":23,"key":"REST"},{"floor":25,"key":"REST"},{"data":"Limit Break","floor":30,"key":"SMITH"},{"floor":32,"key":"REST"},{"data":"Barricade","floor":45,"key":"SMITH"},{"data":"Bash","floor":49,"key":"SMITH"}],"neow_cost":"NONE","seed_source_timestamp":413505999130100,"circlet_count":0,"master_deck":["Defend_R","Defend_R","Defend_R","Bash+1","Metallicize+1","Spot Weakness","Shrug It Off","Sword Boomerang","Heavy Blade","Demon Form+1","Shrug It Off","Limit Break+1","Cleave+1","Evolve","Corruption+1","Barricade+1","Bite+1","Bite+1","Bite+1","Bite+1","Bite+1","Anger+1","Impervious","Twin Strike+1","Disarm","Madness","Madness","Limit Break","Body Slam+1","Intimidate+1","Havoc+1"],"relics":["Velvet Choker","Juzu Bracelet","Red Skull","Odd Mushroom","Anchor","Strawberry","Molten Egg 2","Philosopher\u0027s Stone","Kunai","Bag of Preparation","Runic Pyramid","Lantern","Bottled Flame","The Courier","Magic Flower"],"potions_floor_usage":[8,16,24,29,33,40,40,46,50,50,50],"damage_taken":[{"damage":6,"enemies":"Jaw Worm","floor":1,"turns":2},{"damage":3,"enemies":"2 Louse","floor":2,"turns":2},{"damage":0,"enemies":"Small Slimes","floor":3,"turns":2},{"damage":0,"enemies":"2 Fungi Beasts","floor":4,"turns":4},{"damage":23,"enemies":"The Mushroom Lair","floor":8,"turns":5},{"damage":9,"enemies":"Gremlin Gang","floor":12,"turns":3},{"damage":11,"enemies":"Lagavulin","floor":14,"turns":6},{"damage":14,"enemies":"The Guardian","floor":16,"turns":7},{"damage":18,"enemies":"Spheric Guardian","floor":18,"turns":4},{"damage":11,"enemies":"Chosen","floor":19,"turns":6},{"damage":25,"enemies":"Snake Plant","floor":20,"turns":5},{"damage":11,"enemies":"Snecko","floor":22,"turns":4},{"damage":46,"enemies":"3 Cultists","floor":24,"turns":5},{"damage":0,"enemies":"Cultist and Chosen","floor":29,"turns":4},{"damage":11,"enemies":"Collector","floor":33,"turns":5},{"damage":1,"enemies":"Orb Walker","floor":35,"turns":2},{"damage":0,"enemies":"3 Shapes","floor":36,"turns":4},{"damage":22,"enemies":"Reptomancer","floor":40,"turns":6},{"damage":9,"enemies":"Sphere and 2 Shapes","floor":41,"turns":8},{"damage":2,"enemies":"Transient","floor":42,"turns":5},{"damage":0,"enemies":"Mind Bloom Boss Battle","floor":44,"turns":6},{"damage":24,"enemies":"Writhing Mass","floor":47,"turns":4},{"damage":46,"enemies":"Awakened One","floor":50,"turns":8}],"seed_played":"3559419586073144771","potions_obtained":[{"floor":3,"key":"SteroidPotion"},{"floor":8,"key":"PowerPotion"},{"floor":16,"key":"Strength Potion"},{"floor":20,"key":"Energy Potion"},{"floor":22,"key":"Dexterity Potion"},{"floor":35,"key":"PowerPotion"},{"floor":41,"key":"FearPotion"},{"floor":42,"key":"SteroidPotion"},{"floor":46,"key":"Fruit Juice"},{"floor":47,"key":"SkillPotion"}],"is_trial":false,"path_per_floor":["M","M","M","M","$","?","?","?","T","R","$","M","R","E","R","B",null,"M","M","M","?","M","R","M","R","T","$","?","M","R","?","R","B",null,"M","M","?","?","$","E","M","M","T","?","R","?","M","?","R","B",null],"character_chosen":"IRONCLAD","items_purchased":["Juzu Bracelet","Strawberry","Bag of Preparation","Lantern"],"campfire_rested":4,"item_purchase_floors":[5,11,27,39],"current_hp_per_floor":[74,71,71,71,71,71,71,48,48,72,79,70,70,59,59,45,87,69,58,33,33,22,48,2,28,28,28,28,40,40,28,46,50,60,60,60,60,52,52,51,51,60,60,60,60,65,61,61,61,49],"gold":157,"neow_bonus":"BOSS_RELIC","is_prod":false,"is_daily":false,"chose_seed":false,"campfire_upgraded":5,"win_rate":0,"timestamp":1570958120,"path_taken":["M","M","M","M","$","?","?","?","T","R","$","M","R","E","R","BOSS","M","M","M","?","M","R","M","R","T","$","?","M","R","?","R","BOSS","M","M","?","?","$","E","M","M","T","?","R","?","M","?","R","BOSS"],"build_version":"2019-07-17","purchased_purges":1,"victory":true,"max_hp_per_floor":[80,80,80,80,80,80,80,80,80,80,87,87,87,87,87,87,87,87,87,87,87,87,87,87,87,87,87,60,60,60,60,60,60,60,60,60,60,60,60,60,60,60,60,60,60,65,65,65,65,65],"card_choices":[{"not_picked":["Clash","Power Through"],"picked":"Metallicize","floor":1},{"not_picked":["Ghostly Armor","Wild Strike"],"picked":"Spot Weakness","floor":2},{"not_picked":["Evolve","Corruption"],"picked":"Shrug It Off","floor":3},{"not_picked":["Pommel Strike","Wild Strike"],"picked":"Sword Boomerang","floor":4},{"not_picked":["Seeing Red","Blood for Blood"],"picked":"Heavy Blade","floor":8},{"not_picked":["Flex","Dual Wield"],"picked":"Demon Form","floor":12},{"not_picked":["Pommel Strike","Reckless Charge"],"picked":"Shrug It Off","floor":14},{"not_picked":["Impervious","Brutality"],"picked":"Limit Break","floor":16},{"not_picked":["Twin Strike+1","Warcry+1"],"picked":"Cleave+1","floor":18},{"not_picked":["Clash+1","Seeing Red+1"],"picked":"Evolve","floor":19},{"not_picked":["Rupture","Havoc"],"picked":"Corruption+1","floor":20},{"not_picked":["Evolve","Rupture+1","Infernal Blade"],"picked":"SKIP","floor":22},{"not_picked":["Hemokinesis+1","Shrug It Off"],"picked":"Barricade","floor":24},{"not_picked":["Havoc","Flex"],"picked":"Anger+1","floor":29},{"not_picked":["Berserk","Juggernaut"],"picked":"Impervious","floor":33},{"not_picked":["Flex+1","Clothesline+1"],"picked":"Twin Strike+1","floor":35},{"not_picked":["Cleave+1","Iron Wave+1"],"picked":"Disarm","floor":36},{"not_picked":["True Grit+1","Entrench"],"picked":"Limit Break","floor":40},{"not_picked":["Anger+1","Perfected Strike+1"],"picked":"Body Slam+1","floor":41},{"not_picked":["Infernal Blade+1","Sword Boomerang+1"],"picked":"Intimidate+1","floor":42},{"not_picked":["Clash+1","Armaments"],"picked":"Havoc+1","floor":44},{"not_picked":["Armaments+1","Anger+1","Feed+1"],"picked":"SKIP","floor":47}],"player_experience":133716,"relics_obtained":[{"floor":8,"key":"Odd Mushroom"},{"floor":9,"key":"Anchor"},{"floor":14,"key":"Molten Egg 2"},{"floor":26,"key":"Kunai"},{"floor":40,"key":"Bottled Flame"},{"floor":43,"key":"The Courier"},{"floor":44,"key":"Magic Flower"}],"event_choices":[{"damage_healed":0,"gold_gain":175,"player_choice":"AGREE","damage_taken":0,"max_hp_gain":0,"max_hp_loss":0,"event_name":"Liars Game","floor":6,"gold_loss":0,"cards_obtained":["Doubt"]},{"damage_healed":0,"gold_gain":0,"player_choice":"Box","damage_taken":0,"relics_obtained":["Red Skull"],"max_hp_gain":0,"max_hp_loss":0,"event_name":"Big Fish","floor":7,"gold_loss":0,"cards_obtained":["Regret"]},{"damage_healed":0,"gold_gain":0,"player_choice":"Fought Mushrooms","damage_taken":0,"max_hp_gain":0,"max_hp_loss":0,"event_name":"Mushrooms","floor":8,"gold_loss":0},{"cards_removed":["Regret"],"damage_healed":0,"gold_gain":0,"player_choice":"Gave Gold","damage_taken":0,"max_hp_gain":0,"max_hp_loss":0,"event_name":"Beggar","floor":21,"gold_loss":75},{"damage_healed":0,"gold_gain":0,"player_choice":"Became a vampire","damage_taken":0,"max_hp_gain":0,"max_hp_loss":27,"event_name":"Vampires","floor":28,"gold_loss":0,"cards_obtained":["Bite","Bite","Bite","Bite","Bite"]},{"damage_healed":0,"gold_gain":0,"player_choice":"POTION ","damage_taken":12,"max_hp_gain":0,"max_hp_loss":0,"event_name":"Knowing Skull","floor":31,"potions_obtained":["Fire Potion"],"gold_loss":0,"cards_obtained":[]},{"damage_healed":0,"gold_gain":0,"player_choice":"Ignored","damage_taken":0,"max_hp_gain":0,"max_hp_loss":0,"event_name":"Tomb of Lord Red Mask","floor":37,"gold_loss":0},{"damage_healed":0,"gold_gain":0,"player_choice":"Embrace Madness","damage_taken":8,"max_hp_gain":0,"max_hp_loss":0,"event_name":"Winding Halls","floor":38,"gold_loss":0,"cards_obtained":["Madness","Madness"]},{"damage_healed":0,"gold_gain":0,"player_choice":"Fight","damage_taken":0,"max_hp_gain":0,"max_hp_loss":0,"event_name":"MindBloom","floor":44,"gold_loss":0},{"damage_healed":0,"gold_gain":0,"player_choice":"Bought 1 Potion","damage_taken":0,"max_hp_gain":0,"max_hp_loss":0,"event_name":"The Woman in Blue","floor":46,"gold_loss":0},{"cards_removed":["Defend_R"],"damage_healed":0,"gold_gain":0,"player_choice":"Removed Skill","damage_taken":0,"max_hp_gain":0,"max_hp_loss":0,"event_name":"Falling","floor":48,"gold_loss":0}],"is_beta":false,"boss_relics":[{"not_picked":["Mark of Pain","Fusion Hammer"],"picked":"Philosopher\u0027s Stone"},{"not_picked":["Runic Cube","White Beast Statue"],"picked":"Runic Pyramid"}],"items_purged_floors":[11],"is_endless":false,"potions_floor_spawned":[3,8,16,20,22,35,41,42,47],"ascension_level":0}