{"gold_per_floor":[109,119,139,139,151,177,33,59,131,96,123,48,48],"floor_reached":13,"playtime":492,"items_purged":["Strike_B"],"score":108,"play_id":"83abab6c-6751-4037-8d6b-6e0e4a496379","local_time":"20190820200110","is_ascension_mode":true,"campfire_choices":[],"neow_cost":"NONE","seed_source_timestamp":567766831915200,"circlet_count":0,"master_deck":["Strike_B","Strike_B","Strike_B","Defend_B","Defend_B","Defend_B","Defend_B+1","Zap+1","Dualcast","Multi-Cast","Ball Lightning","White Noise","Capacitor","Sweeping Beam","Stack+1","Fission","BootSequence"],"relics":["Cracked Core","Bottled Tornado","Prayer Wheel","War Paint"],"potions_floor_usage":[6,8,11],"damage_taken":[{"damage":7,"enemies":"2 Louse","floor":1,"turns":2},{"damage":0,"enemies":"Cultist","floor":2,"turns":2},{"damage":1,"enemies":"Jaw Worm","floor":3,"turns":3},{"damage":10,"enemies":"Looter","floor":5,"turns":3},{"damage":17,"enemies":"3 Sentries","floor":6,"turns":4},{"damage":21,"enemies":"Lagavulin","floor":8,"turns":5},{"damage":17,"enemies":"3 Sentries","floor":11,"turns":5},{"damage":28,"enemies":"Gremlin Nob","floor":13,"turns":4}],"seed_played":"-822491310458982036","potions_obtained":[{"floor":1,"key":"Poison Potion"},{"floor":5,"key":"PowerPotion"},{"floor":8,"key":"PowerPotion"}],"is_trial":false,"path_per_floor":["M","M","M","?","M","E","$","E","T","?","E","$","E"],"character_chosen":"DEFECT","items_purchased":["Fission"],"campfire_rested":0,"item_purchase_floors":[7],"current_hp_per_floor":[68,68,67,67,57,40,40,19,19,37,20,20,0],"gold":48,"neow_bonus":"ONE_RANDOM_RARE_CARD","is_prod":false,"is_daily":false,"chose_seed":false,"campfire_upgraded":0,"win_rate":0,"timestamp":1566356470,"path_taken":["M","M","M","?","?","E","$","E","T","?","E","$","E"],"build_version":"2019-08-15","purchased_purges":1,"victory":false,"max_hp_per_floor":[75,75,75,75,75,75,75,75,75,75,75,75,75],"card_choices":[{"not_picked":["Darkness","Reprogram"],"picked":"Ball Lightning","floor":1},{"not_picked":["Rebound","Gash"],"picked":"White Noise","floor":2},{"not_picked":["Sweeping Beam","Streamline"],"picked":"Capacitor","floor":3},{"not_picked":["Hologram","Rebound"],"picked":"Sweeping Beam","floor":5},{"not_picked":["FTL","Beam Cell"],"picked":"Stack","floor":6},{"not_picked":["Conserve Battery","Ball Lightning"],"picked":"BootSequence","floor":8},{"not_picked":["Steam Power","Stack","Darkness"],"picked":"SKIP","floor":11}],"player_experience":1411190,"relics_obtained":[{"floor":6,"key":"Bottled Tornado"},{"floor":8,"key":"Prayer Wheel"},{"floor":11,"key":"War Paint"}],"event_choices":[{"damage_healed":0,"gold_gain":0,"player_choice":"Upgraded","damage_taken":0,"max_hp_gain":0,"max_hp_loss":0,"event_name":"Upgrade Shrine","floor":4,"gold_loss":0,"cards_upgraded":["Zap"]},{"damage_healed":18,"gold_gain":0,"player_choice":"Healed","damage_taken":0,"max_hp_gain":0,"max_hp_loss":0,"event_name":"The Cleric","floor":10,"gold_loss":35}],"is_beta":true,"boss_relics":[],"items_purged_floors":[12],"is_endless":false,"potions_floor_spawned":[1,5,8],"killed_by":"Gremlin Nob","ascension_level":1}