{"gold_per_floor":[118,118,136,136,164,209,236,248,260,286,308,320,332,357,369,458,470,499,521,533,121,121,121],"floor_reached":23,"playtime":3600,"items_purged":["Strike_B"],"score":367,"play_id":"64e61587-1b4f-4700-b238-fe686de26ea1","local_time":"20190714131215","is_ascension_mode":true,"campfire_choices":[{"floor":8,"key":"REST"},{"floor":13,"key":"REST"},{"data":"Hologram","floor":15,"key":"SMITH"}],"neow_cost":"NONE","seed_source_timestamp":0,"circlet_count":0,"master_deck":["AscendersBane","Strike_B","Strike_B","Strike_B","Defend_B","Defend_B","Defend_B","Defend_B","Zap+1","Dualcast","Recycle","Self Repair","Barrage","Conserve Battery","Sweeping Beam","Stack","Melter","White Noise","Hologram+1","Capacitor","Electrodynamics","Glacier","FTL","Compile Driver","Rainbow","Hologram+1","Compile Driver","Biased Cognition","Capacitor"],"special_seed":0,"relics":["Cracked Core","Dream Catcher","MawBank","WingedGreaves","Matryoshka","Orrery","Cables","MutagenicStrength"],"potions_floor_usage":[16,23],"damage_taken":[{"damage":6.0,"enemies":"2 Louse","floor":1.0,"turns":3.0},{"damage":4,"enemies":"Small Slimes","floor":3,"turns":3},{"damage":2,"enemies":"Cultist","floor":5,"turns":4},{"damage":44,"enemies":"Lagavulin","floor":6,"turns":8},{"damage":15,"enemies":"Large Slime","floor":7,"turns":7},{"damage":8,"enemies":"3 Louse","floor":10,"turns":3},{"damage":15,"enemies":"Lots of Slimes","floor":11,"turns":5},{"damage":4,"enemies":"2 Fungi Beasts","floor":14,"turns":3},{"damage":27,"enemies":"The Guardian","floor":16,"turns":11},{"damage":6,"enemies":"3 Byrds","floor":18,"turns":2},{"damage":15,"enemies":"Spheric Guardian","floor":19,"turns":5},{"damage":48,"enemies":"Book of Stabbing","floor":23,"turns":4}],"seed_played":"365594867226545532","potions_obtained":[{"floor":1.0,"key":"LiquidBronze"},{"floor":5,"key":"EssenceOfSteel"},{"floor":10,"key":"PowerPotion"},{"floor":18,"key":"FearPotion"}],"is_trial":false,"path_per_floor":["M","?","M","?","M","E","M","R","T","M","M","?","R","M","R","B",null,"M","M","?","$","?","E"],"character_chosen":"DEFECT","items_purchased":["Cables","Capacitor"],"campfire_rested":2,"item_purchase_floors":[21,21],"current_hp_per_floor":[58,71,67,49,54,17,9,30,30,22,7,7,28,38,38,18,58,52,44,44,44,44,0],"gold":121,"neow_bonus":"RANDOM_COMMON_RELIC","is_prod":false,"is_daily":false,"chose_seed":false,"campfire_upgraded":1,"win_rate":0,"timestamp":1563135135,"path_taken":["M","?","M","?","M","E","M","R","T","M","M","?","R","M","R","BOSS","M","?","?","$","?","E"],"build_version":"2019-07-05","purchased_purges":1,"victory":false,"max_hp_per_floor":[71,71,71,71,71,71,71,71,71,71,71,71,71,71,71,71,71,71,71,71,71,71,71],"card_choices":[{"not_picked":["Steam Power","Turbo"],"picked":"Recycle","floor":1.0},{"not_picked":["Barrage","Coolheaded"],"picked":"Self Repair","floor":3},{"not_picked":["Beam Cell","Hologram"],"picked":"Barrage","floor":5},{"not_picked":["Melter","Leap"],"picked":"Conserve Battery","floor":6},{"not_picked":["Buffer","Beam Cell"],"picked":"Sweeping Beam","floor":7},{"not_picked":["Gash","Undo"],"picked":"Stack","floor":8},{"not_picked":["Sweeping Beam","Leap"],"picked":"Melter","floor":10},{"not_picked":["Heatsinks","Ball Lightning"],"picked":"White Noise","floor":11},{"not_picked":["Gash","Go for the Eyes"],"picked":"Hologram","floor":13},{"not_picked":["Turbo","Leap"],"picked":"Capacitor","floor":14},{"not_picked":["Machine Learning","Fission"],"picked":"Electrodynamics","floor":16},{"not_picked":["Sweeping Beam","Tempest"],"picked":"Glacier","floor":17},{"not_picked":["Beam Cell","Leap"],"picked":"FTL","floor":17},{"not_picked":["Hologram","Skim"],"picked":"Compile Driver","floor":17},{"not_picked":["Coolheaded","Reprogram"],"picked":"Rainbow","floor":17},{"not_picked":["Compile Driver","Streamline"],"picked":"Hologram+1","floor":18},{"not_picked":["Stack","Sweeping Beam"],"picked":"Compile Driver","floor":19}],"player_experience":2134607,"relics_obtained":[{"floor":6,"key":"WingedGreaves"},{"floor":9,"key":"Matryoshka"}],"event_choices":[{"damage_healed":23,"gold_gain":0,"player_choice":"Banana","damage_taken":0,"max_hp_gain":0,"max_hp_loss":0,"event_name":"Big Fish","floor":2,"gold_loss":0},{"damage_healed":0,"gold_gain":0,"player_choice":"Success","damage_taken":18,"relics_obtained":["MawBank"],"max_hp_gain":0,"max_hp_loss":0,"event_name":"Scrap Ooze","floor":4,"gold_loss":0},{"damage_healed":0,"gold_gain":0,"player_choice":"Forge","damage_taken":0,"max_hp_gain":0,"max_hp_loss":0,"event_name":"Accursed Blacksmith","floor":12,"gold_loss":0,"cards_upgraded":["Zap"]},{"damage_healed":0,"gold_gain":0,"player_choice":"Read","damage_taken":0,"max_hp_gain":0,"max_hp_loss":0,"event_name":"The Library","floor":20,"gold_loss":0,"cards_obtained":["Biased Cognition"]},{"damage_healed":0,"gold_gain":0,"player_choice":"Inject Mutagens","damage_taken":0,"relics_obtained":["MutagenicStrength"],"max_hp_gain":0,"max_hp_loss":0,"event_name":"Drug Dealer","floor":22,"gold_loss":0}],"is_beta":false,"boss_relics":[{"not_picked":["Cursed Key","Fusion Hammer"],"picked":"Orrery"}],"items_purged_floors":[21],"is_endless":false,"potions_floor_spawned":[1,5,7,10,14,18],"killed_by":"Book of Stabbing","ascension_level":18}