{"gold_per_floor":[111,128,128,209,227,253,253,265,265,265,336,371,384,403,403,501,501,501,501,144,144,144,144,144,144,144,144,59,59,59,59,59,59,59,59,59,59,59,18,18,18,18,18,18,18,18,18,18,18,18],"floor_reached":51,"playtime":7324,"items_purged":[],"score":899,"play_id":"6cd41dbe-0d14-40ce-8913-3d032b9c66e5","local_time":"20191006020940","is_ascension_mode":false,"campfire_choices":[{"data":"Corpse Explosion","floor":7,"key":"SMITH"},{"data":"Noxious Fumes","floor":10,"key":"SMITH"},{"floor":15,"key":"REST"},{"floor":30,"key":"REST"},{"data":"Night Terror","floor":32,"key":"SMITH"},{"data":"Burst","floor":40,"key":"SMITH"},{"data":"Prepared","floor":45,"key":"SMITH"},{"data":"Terror","floor":47,"key":"SMITH"},{"data":"Panacea","floor":49,"key":"SMITH"}],"neow_cost":"NONE","seed_source_timestamp":168828907857300,"circlet_count":0,"master_deck":["Survivor","Neutralize","Corpse Explosion+1","Bullet Time","Cloak And Dagger","Tactician+1","Noxious Fumes+1","Heel Hook","A Thousand Cuts+1","PiercingWail","Deflect","Expertise","Flechettes","Underhanded Strike","Sucker Punch","Backflip","Dagger Throw","Infinite Blades+1","Endless Agony","Cloak And Dagger","Night Terror+1","Cloak And Dagger","Accuracy+1","Panacea+1","Prepared+1","PiercingWail+1","Cloak And Dagger+1","Caltrops+1","Distraction","Terror+1","Burst+1","Bane+1","Malaise","Dash+1","Deflect+1","Acrobatics+1","Escape Plan+1","Footwork+1","Backflip","Underhanded Strike+1","Dodge and Roll+1","PiercingWail+1","Outmaneuver+1"],"relics":["Pandora\u0027s Box","Frozen Egg 2","Thread and Needle","Lantern","FossilizedHelix","Ectoplasm","Strawberry","Letter Opener","MawBank","Omamori","Gremlin Horn","Orichalcum","Lizard Tail","Du-Vu Doll","Molten Egg 2","Incense Burner"],"potions_floor_usage":[2,6,12,25,33,50],"damage_taken":[{"damage":3,"enemies":"Cultist","floor":1,"turns":4},{"damage":0,"enemies":"Jaw Worm","floor":2,"turns":3},{"damage":4,"enemies":"Small Slimes","floor":5,"turns":5},{"damage":9,"enemies":"3 Sentries","floor":6,"turns":3},{"damage":0,"enemies":"2 Fungi Beasts","floor":8,"turns":3},{"damage":9,"enemies":"Lagavulin","floor":12,"turns":5},{"damage":0,"enemies":"3 Louse","floor":13,"turns":3},{"damage":0,"enemies":"Exordium Wildlife","floor":14,"turns":3},{"damage":9,"enemies":"Hexaghost","floor":16,"turns":8},{"damage":0,"enemies":"Chosen","floor":18,"turns":4},{"damage":0,"enemies":"Shell Parasite","floor":22,"turns":4},{"damage":8,"enemies":"Book of Stabbing","floor":23,"turns":5},{"damage":0,"enemies":"Centurion and Healer","floor":24,"turns":6},{"damage":0,"enemies":"Snake Plant","floor":25,"turns":3},{"damage":9,"enemies":"Gremlin Leader","floor":27,"turns":4},{"damage":4,"enemies":"Book of Stabbing","floor":31,"turns":4},{"damage":0,"enemies":"Automaton","floor":33,"turns":6},{"damage":0,"enemies":"Orb Walker","floor":35,"turns":3},{"damage":1,"enemies":"3 Shapes","floor":36,"turns":3},{"damage":0,"enemies":"Mind Bloom Boss Battle","floor":37,"turns":5},{"damage":0,"enemies":"Transient","floor":38,"turns":5},{"damage":0,"enemies":"Jaw Worm Horde","floor":41,"turns":4},{"damage":0,"enemies":"Reptomancer","floor":42,"turns":5},{"damage":0,"enemies":"4 Shapes","floor":44,"turns":5},{"damage":0,"enemies":"Transient","floor":46,"turns":5},{"damage":10,"enemies":"Writhing Mass","floor":48,"turns":6},{"damage":0,"enemies":"Donu and Deca","floor":50,"turns":7}],"seed_played":"-1321753288951567256","potions_obtained":[{"floor":1,"key":"Fire Potion"},{"floor":5,"key":"EssenceOfSteel"},{"floor":8,"key":"Weak Potion"},{"floor":14,"key":"Energy Potion"},{"floor":23,"key":"Strength Potion"},{"floor":25,"key":"Fruit Juice"},{"floor":27,"key":"FairyPotion"},{"floor":35,"key":"SkillPotion"}],"is_trial":false,"path_per_floor":["M","M","?","T","M","E","R","M","T","R","?","E","M","M","R","B",null,"M","?","$","?","M","E","M","M","T","E","?","?","R","E","R","B",null,"M","M","?","M","$","R","M","E","T","M","R","M","R","M","R","B",null],"character_chosen":"THE_SILENT","items_purchased":["Accuracy+1","Panacea","Prepared","Strawberry","Footwork+1"],"campfire_rested":2,"item_purchase_floors":[20,20,20,20,39],"current_hp_per_floor":[67,67,53,53,49,40,40,40,40,40,40,31,31,31,52,43,70,70,70,77,77,77,69,69,74,74,65,65,65,82,78,78,78,82,82,81,81,81,81,81,81,81,81,81,81,81,81,71,71,71],"gold":18,"neow_bonus":"BOSS_RELIC","is_prod":false,"is_daily":false,"chose_seed":false,"campfire_upgraded":7,"win_rate":0.0,"timestamp":1570345780,"path_taken":["M","M","?","?","?","E","R","M","T","R","?","E","M","M","R","BOSS","M","?","$","?","M","E","?","M","T","E","?","?","R","E","R","BOSS","M","?","?","M","$","R","M","E","T","M","R","M","R","M","R","BOSS"],"build_version":"2019-07-17","purchased_purges":0,"victory":true,"max_hp_per_floor":[70,70,70,70,70,70,70,70,70,70,70,70,70,70,70,70,70,70,70,77,77,77,77,77,82,82,82,82,82,82,82,82,82,82,82,82,82,82,82,82,82,82,82,82,82,82,82,82,82,82],"card_choices":[{"not_picked":["Expertise","Backflip"],"picked":"Flechettes","floor":1},{"not_picked":["PiercingWail","Cloak And Dagger"],"picked":"Underhanded Strike","floor":2},{"not_picked":["Dagger Throw","Flying Knee"],"picked":"Sucker Punch","floor":5},{"not_picked":["Blur","Flechettes"],"picked":"Backflip","floor":6},{"not_picked":["Acrobatics","PiercingWail"],"picked":"Dagger Throw","floor":8},{"not_picked":["Cloak And Dagger","Crippling Poison"],"picked":"Infinite Blades+1","floor":12},{"not_picked":["Acrobatics","Skewer"],"picked":"Endless Agony","floor":13},{"not_picked":["Deflect","Backflip"],"picked":"Cloak And Dagger","floor":14},{"not_picked":["Malaise","Bullet Time"],"picked":"Night Terror","floor":16},{"not_picked":["Acrobatics","Reflex"],"picked":"Cloak And Dagger","floor":18},{"not_picked":["Backflip","Choke"],"picked":"PiercingWail+1","floor":22},{"not_picked":["Noxious Fumes+1","Dodge and Roll"],"picked":"Cloak And Dagger+1","floor":23},{"not_picked":["Deflect","Backflip+1"],"picked":"Caltrops+1","floor":24},{"not_picked":["Bane","PiercingWail"],"picked":"Distraction","floor":25},{"not_picked":["Accuracy+1","Quick Slash"],"picked":"Terror","floor":27},{"not_picked":["Backflip","Escape Plan"],"picked":"Bane+1","floor":31},{"not_picked":["Die Die Die","Glass Knife"],"picked":"Malaise","floor":33},{"not_picked":["Sucker Punch+1","Blade Dance"],"picked":"Dash+1","floor":35},{"not_picked":["Terror","Quick Slash+1"],"picked":"Deflect+1","floor":36},{"not_picked":["Flying Knee","Infinite Blades+1"],"picked":"Acrobatics+1","floor":37},{"not_picked":["Flying Knee+1","Predator+1"],"picked":"Escape Plan+1","floor":38},{"not_picked":["Poisoned Stab+1","Bane"],"picked":"Backflip","floor":41},{"not_picked":["Accuracy+1","Calculated Gamble"],"picked":"Underhanded Strike","floor":42},{"not_picked":["All Out Attack+1","Corpse Explosion"],"picked":"Dodge and Roll+1","floor":44},{"not_picked":["Dagger Throw+1","Underhanded Strike+1"],"picked":"PiercingWail+1","floor":46},{"not_picked":["All Out Attack+1","Dagger Spray+1"],"picked":"Outmaneuver+1","floor":48}],"player_experience":72679,"relics_obtained":[{"floor":4,"key":"Frozen Egg 2"},{"floor":6,"key":"Thread and Needle"},{"floor":9,"key":"Lantern"},{"floor":12,"key":"FossilizedHelix"},{"floor":23,"key":"Letter Opener"},{"floor":26,"key":"MawBank"},{"floor":27,"key":"Omamori"},{"floor":31,"key":"Orichalcum"},{"floor":37,"key":"Du-Vu Doll"},{"floor":42,"key":"Molten Egg 2"},{"floor":43,"key":"Incense Burner"}],"event_choices":[{"damage_healed":0,"gold_gain":0,"player_choice":"Entered Light","damage_taken":14,"max_hp_gain":0,"max_hp_loss":0,"event_name":"Shining Light","floor":3,"gold_loss":0,"cards_upgraded":["A Thousand Cuts","Tactician"]},{"damage_healed":0,"gold_gain":71,"player_choice":"Gained Gold","damage_taken":0,"max_hp_gain":0,"max_hp_loss":0,"event_name":"Golden Wing","floor":11,"gold_loss":0},{"damage_healed":0,"gold_gain":0,"player_choice":"Ignored","damage_taken":0,"max_hp_gain":0,"max_hp_loss":0,"event_name":"Ghosts","floor":19,"gold_loss":0},{"damage_healed":0,"gold_gain":0,"player_choice":"Ignored","damage_taken":0,"max_hp_gain":0,"max_hp_loss":0,"event_name":"Beggar","floor":21,"gold_loss":0},{"damage_healed":0,"gold_gain":0,"player_choice":"Obtained Relic","damage_taken":0,"relics_obtained":["Gremlin Horn"],"max_hp_gain":0,"max_hp_loss":0,"event_name":"Addict","floor":28,"gold_loss":85},{"damage_healed":0,"gold_gain":0,"player_choice":"1 cards matched","damage_taken":0,"max_hp_gain":0,"max_hp_loss":0,"event_name":"Match and Keep!","floor":29,"gold_loss":0,"cards_obtained":["Burst"]},{"damage_healed":0,"gold_gain":0,"player_choice":"Fight","damage_taken":0,"max_hp_gain":0,"max_hp_loss":0,"event_name":"MindBloom","floor":37,"gold_loss":0}],"is_beta":false,"boss_relics":[{"not_picked":["WristBlade","Orrery"],"picked":"Ectoplasm"},{"not_picked":["Eternal Feather","Empty Cage"],"picked":"Lizard Tail"}],"items_purged_floors":[],"is_endless":false,"potions_floor_spawned":[1,5,8,14,23,25,27,35,41,44,46,48],"ascension_level":0}