{"gold_per_floor":[117,117,129,148,148,177,177,147,198,215,215,10,10,37,37,136,136,147,165,165],"floor_reached":20,"playtime":3137,"items_purged":[],"score":232,"play_id":"1f4bb206-29b8-4d10-9dca-7d689016dba4","local_time":"20190621154043","is_ascension_mode":true,"campfire_choices":[{"floor":7,"key":"REST"},{"floor":11,"key":"REST"},{"data":"Backflip","floor":15,"key":"SMITH"}],"neow_cost":"NONE","seed_source_timestamp":819858535079223,"circlet_count":0,"master_deck":["Defend_G","Defend_G","Defend_G","Defend_G","Defend_G","Strike_G","Strike_G","Strike_G","Strike_G","Strike_G","Survivor","Neutralize","Escape Plan","Infinite Blades","Dagger Spray","Envenom","Dagger Spray","Underhanded Strike","Backflip+1","Bullet Time","Poisoned Stab","Backflip","Cloak And Dagger","Deflect","All Out Attack","Acrobatics+1","Dagger Throw"],"relics":["Ring of the Snake","PreservedInsect","Bronze Scales","Happy Flower","Oddly Smooth Stone","Orrery"],"potions_floor_usage":[10,16,18],"damage_taken":[{"damage":6,"enemies":"Cultist","floor":1,"turns":4},{"damage":3,"enemies":"Small Slimes","floor":3,"turns":8},{"damage":0,"enemies":"2 Louse","floor":4,"turns":4},{"damage":27,"enemies":"3 Sentries","floor":6,"turns":8},{"damage":1,"enemies":"Looter","floor":8,"turns":4},{"damage":7,"enemies":"Gremlin Gang","floor":10,"turns":4},{"damage":47,"enemies":"Slime Boss","floor":16,"turns":9},{"damage":37,"enemies":"Spheric Guardian","floor":18,"turns":6},{"damage":14,"enemies":"Shell Parasite","floor":19,"turns":6},{"damage":19,"enemies":"Snake Plant","floor":20,"turns":3}],"seed_played":"-7010700141996173529","potions_obtained":[{"floor":1,"key":"SneckoOil"},{"floor":3,"key":"AttackPotion"},{"floor":10,"key":"Poison Potion"}],"is_trial":false,"path_per_floor":["M","?","M","M","?","E","R","M","T","M","R","$","?","T","R","B",null,"M","M","M"],"character_chosen":"THE_SILENT","items_purchased":["Backflip","Happy Flower"],"campfire_rested":2,"item_purchase_floors":[12,12],"current_hp_per_floor":[64,64,61,61,61,34,57,56,56,49,72,72,72,72,72,25,64,27,13,0],"gold":165,"neow_bonus":"TEN_PERCENT_HP_BONUS","is_prod":false,"is_daily":false,"chose_seed":false,"campfire_upgraded":1,"win_rate":0,"timestamp":1561156843,"path_taken":["M","?","M","M","?","E","R","M","T","M","R","$","?","?","R","BOSS","M","M","M"],"build_version":"2019-01-23","purchased_purges":0,"victory":false,"max_hp_per_floor":[77,77,77,77,77,77,77,77,77,77,77,77,77,77,77,77,77,77,77,77],"card_choices":[{"not_picked":["Dodge and Roll","PiercingWail"],"picked":"Escape Plan","floor":1},{"not_picked":["Masterful Stab","Calculated Gamble"],"picked":"Infinite Blades","floor":3},{"not_picked":["Dodge and Roll","Calculated Gamble"],"picked":"Dagger Spray","floor":4},{"not_picked":["Dodge and Roll","Flying Knee"],"picked":"Envenom","floor":6},{"not_picked":["Prepared","PiercingWail"],"picked":"Dagger Spray","floor":8},{"not_picked":["Reflex","Prepared"],"picked":"Underhanded Strike","floor":10},{"not_picked":["Doppelganger","Night Terror"],"picked":"Bullet Time","floor":16},{"not_picked":["Bouncing Flask","Finisher"],"picked":"Poisoned Stab","floor":17},{"not_picked":["Flying Knee","Prepared"],"picked":"Backflip","floor":17},{"not_picked":["Masterful Stab","Acrobatics"],"picked":"Cloak And Dagger","floor":17},{"not_picked":["Quick Slash","Deadly Poison"],"picked":"Deflect","floor":17},{"not_picked":["Flechettes","Expertise"],"picked":"All Out Attack","floor":17},{"not_picked":["Slice","Dagger Spray"],"picked":"Acrobatics+1","floor":18},{"not_picked":["Deadly Poison","Reflex"],"picked":"Dagger Throw","floor":19}],"player_experience":643567,"relics_obtained":[{"floor":6,"key":"PreservedInsect"},{"floor":9,"key":"Bronze Scales"},{"floor":14,"key":"Oddly Smooth Stone"}],"event_choices":[{"damage_healed":0,"gold_gain":0,"player_choice":"Ignored","damage_taken":0,"max_hp_gain":0,"max_hp_loss":0,"event_name":"Golden Wing","floor":2,"gold_loss":0},{"damage_healed":0,"gold_gain":0,"player_choice":"Leave","damage_taken":0,"max_hp_gain":0,"max_hp_loss":0,"event_name":"The Cleric","floor":5,"gold_loss":0},{"damage_healed":0,"gold_gain":0,"player_choice":"Fled","damage_taken":0,"max_hp_gain":0,"max_hp_loss":0,"event_name":"Scrap Ooze","floor":13,"gold_loss":0}],"is_beta":false,"boss_relics":[{"not_picked":["Pandora\u0027s Box","White Beast Statue"],"picked":"Orrery"}],"items_purged_floors":[],"is_endless":false,"potions_floor_spawned":[1,3,10],"killed_by":"Snake Plant","ascension_level":7}