{"gold_per_floor":[113,128,128,128,128,128,172,172,172,203,203,237,261,276,276,369,369,369],"floor_reached":18,"playtime":517,"items_purged":[],"score":396,"play_id":"f72d67d9-901a-4203-81c3-f36ee4674061","local_time":"20190728212912","is_ascension_mode":true,"campfire_choices":[{"data":"Zap","floor":6,"key":"SMITH"},{"floor":8,"key":"REST"},{"floor":11,"key":"REST"},{"floor":15,"key":"REST"}],"neow_cost":"NONE","seed_source_timestamp":1049066666681689,"circlet_count":0,"master_deck":["AscendersBane","Strike_B","Strike_B","Strike_B","Strike_B","Defend_B","Defend_B","Defend_B","Defend_B","Zap+1","Dualcast","Compile Driver","Undo","Loop","Capacitor","Echo Form","Compile Driver","Defragment","Multi-Cast"],"relics":["Cracked Core","NeowsBlessing","Golden Idol","Blood Vial","Strawberry","Dodecahedron","Anchor","Oddly Smooth Stone","Sozu"],"potions_floor_usage":[12,16],"damage_taken":[{"damage":0,"enemies":"2 Louse","floor":1,"turns":1},{"damage":0,"enemies":"Cultist","floor":2,"turns":1},{"damage":0,"enemies":"Gremlin Nob","floor":7,"turns":1},{"damage":36,"enemies":"Lagavulin","floor":10,"turns":8},{"damage":39,"enemies":"Gremlin Nob","floor":12,"turns":4},{"damage":0,"enemies":"Jaw Worm","floor":13,"turns":5},{"damage":6,"enemies":"Exordium Wildlife","floor":14,"turns":4},{"damage":32,"enemies":"Slime Boss","floor":16,"turns":10},{"damage":0,"enemies":"Chosen","floor":18,"turns":3}],"seed_played":"2385286794069058519","potions_obtained":[{"floor":7,"key":"FocusPotion"},{"floor":10,"key":"Explosive Potion"},{"floor":12,"key":"Weak Potion"}],"is_trial":false,"path_per_floor":["M","M","?","?","?","R","E","R","T","E","R","E","M","M","R","B",null,"M"],"character_chosen":"DEFECT","items_purchased":[],"campfire_rested":3,"item_purchase_floors":[],"current_hp_per_floor":[64,64,40,40,35,35,44,67,67,33,56,19,21,17,40,10,61,63],"gold":369,"neow_bonus":"THREE_ENEMY_KILL","is_prod":false,"is_daily":false,"chose_seed":false,"campfire_upgraded":1,"win_rate":0,"timestamp":1564374552,"path_taken":["M","M","?","?","?","R","E","R","T","E","R","E","M","M","R","BOSS","M"],"build_version":"2019-07-17","purchased_purges":0,"victory":false,"max_hp_per_floor":[71,71,71,71,71,71,78,78,78,78,78,78,78,78,78,78,78,78],"card_choices":[{"not_picked":["Leap","Hologram"],"picked":"Compile Driver","floor":1},{"not_picked":["Redo","Hologram"],"picked":"Undo","floor":2},{"not_picked":["Hologram","Cold Snap"],"picked":"Loop","floor":7},{"not_picked":["Rip and Tear","Fusion"],"picked":"Capacitor","floor":10},{"not_picked":["Storm","Stack"],"picked":"Echo Form","floor":12},{"not_picked":["Turbo","Doom and Gloom"],"picked":"Compile Driver","floor":13},{"not_picked":["Static Discharge","Steam"],"picked":"Defragment","floor":14},{"not_picked":["Core Surge","Meteor Strike"],"picked":"Multi-Cast","floor":16}],"player_experience":2413263,"relics_obtained":[{"floor":7,"key":"Strawberry"},{"floor":9,"key":"Dodecahedron"},{"floor":10,"key":"Anchor"},{"floor":12,"key":"Oddly Smooth Stone"}],"event_choices":[{"damage_healed":0,"gold_gain":0,"player_choice":"Take Damage","damage_taken":24,"relics_obtained":["Golden Idol"],"max_hp_gain":0,"max_hp_loss":0,"event_name":"Golden Idol","floor":3,"gold_loss":0},{"damage_healed":0,"gold_gain":0,"player_choice":"Ignored","damage_taken":0,"max_hp_gain":0,"max_hp_loss":0,"event_name":"Shining Light","floor":4,"gold_loss":0},{"damage_healed":0,"gold_gain":0,"player_choice":"Success","damage_taken":5,"relics_obtained":["Blood Vial"],"max_hp_gain":0,"max_hp_loss":0,"event_name":"Scrap Ooze","floor":5,"gold_loss":0}],"is_beta":false,"boss_relics":[{"not_picked":["Philosopher\u0027s Stone","Tiny House"],"picked":"Sozu"}],"items_purged_floors":[],"is_endless":false,"potions_floor_spawned":[7,10,12,13],"killed_by":"Chosen","ascension_level":19}