{"gold_per_floor":[113,188,138,148,148,148,180,180,251,19,31,31,31,50,50,145,145,161,175,175,186,197,197,278,278,278,294,89,108,123,151,151,247,247,267,76,0,100,0,35,35,53,53,53,88,135,149,166,166,166],"floor_reached":51,"playtime":9487,"items_purged":["Pain","Shame"],"score":750,"play_id":"f74b64ef-d50a-4707-a53d-8aa1746a1786","local_time":"20191014191152","is_ascension_mode":false,"campfire_choices":[{"data":"Noxious Fumes","floor":6.0,"key":"SMITH"},{"floor":13.0,"key":"REST"},{"data":"Apotheosis","floor":15.0,"key":"SMITH"},{"data":"After Image","floor":23.0,"key":"SMITH"},{"data":"Night Terror","floor":25.0,"key":"SMITH"},{"floor":32.0,"key":"REST"},{"data":"Night Terror","floor":41,"key":"SMITH"},{"data":"Prepared","floor":44,"key":"SMITH"},{"data":"Adrenaline","floor":49,"key":"SMITH"}],"neow_cost":"NONE","seed_source_timestamp":151212415393200,"circlet_count":0,"master_deck":["Strike_G","Strike_G","Strike_G","Strike_G","Defend_G","Defend_G+1","Defend_G","Defend_G","Defend_G","Survivor","Neutralize+1","Noxious Fumes+1","Prepared+1","PiercingWail","Apotheosis+1","Dagger Spray","After Image+1","Night Terror+1","Bane+1","Night Terror+1","Deflect+1","Backflip","Footwork+1","Backflip+1","Footwork+1","Well Laid Plans+1","After Image+1","Malaise","Footwork+1","Noxious Fumes+1","Adrenaline+1","Bane+1","Prepared+1"],"special_seed":0,"relics":["Ring of the Snake","NeowsBlessing","Question Card","Thread and Needle","Bottled Tornado","Cursed Key","Frozen Egg 2","Centennial Puzzle","Ninja Scroll","Black Star","Medical Kit","Red Mask","Bag of Preparation","Ancient Tea Set","Incense Burner","War Paint","Bird Faced Urn"],"potions_floor_usage":[47,50,50,50],"damage_taken":[{"damage":0.0,"enemies":"Jaw Worm","floor":1.0,"turns":1.0},{"damage":0.0,"enemies":"2 Louse","floor":4.0,"turns":1.0},{"damage":0.0,"enemies":"Lagavulin","floor":7.0,"turns":1.0},{"damage":0.0,"enemies":"Small Slimes","floor":11.0,"turns":3.0},{"damage":0.0,"enemies":"Looter","floor":14.0,"turns":4.0},{"damage":20.0,"enemies":"Slime Boss","floor":16.0,"turns":10.0},{"damage":0.0,"enemies":"Shell Parasite","floor":18.0,"turns":9.0},{"damage":0.0,"enemies":"3 Byrds","floor":19.0,"turns":5.0},{"damage":0.0,"enemies":"Snake Plant","floor":21.0,"turns":7.0},{"damage":1.0,"enemies":"Sentry and Sphere","floor":22.0,"turns":7.0},{"damage":8.0,"enemies":"Snecko","floor":27.0,"turns":4.0},{"damage":0.0,"enemies":"Shelled Parasite and Fungi","floor":29.0,"turns":7.0},{"damage":0.0,"enemies":"Centurion and Healer","floor":30.0,"turns":11.0},{"damage":4.0,"enemies":"Book of Stabbing","floor":31.0,"turns":9.0},{"damage":13.0,"enemies":"Automaton","floor":33.0,"turns":13.0},{"damage":0.0,"enemies":"Orb Walker","floor":35.0,"turns":5.0},{"damage":0,"enemies":"Reptomancer","floor":40,"turns":11},{"damage":6,"enemies":"3 Shapes","floor":42,"turns":83},{"damage":0,"enemies":"Nemesis","floor":45,"turns":12},{"damage":17,"enemies":"2 Orb Walkers","floor":46,"turns":6},{"damage":1,"enemies":"Spire Growth","floor":47,"turns":7},{"damage":0,"enemies":"Maw","floor":48,"turns":9},{"damage":2,"enemies":"Donu and Deca","floor":50,"turns":8}],"seed_played":"-409499981740019669","potions_obtained":[{"floor":7.0,"key":"Fruit Juice"},{"floor":14.0,"key":"PowerPotion"},{"floor":16.0,"key":"SkillPotion"},{"floor":18.0,"key":"EssenceOfSteel"},{"floor":27.0,"key":"Strength Potion"},{"floor":31.0,"key":"Regen Potion"},{"floor":40,"key":"SpeedPotion"},{"floor":46,"key":"Dexterity Potion"},{"floor":47,"key":"Weak Potion"},{"floor":48,"key":"Dexterity Potion"}],"is_trial":false,"path_per_floor":["M","?","?","M","?","R","E","?","T","$","M","?","R","M","R","B",null,"M","M","?","M","M","R","T","R","T","M","$","M","M","E","R","B",null,"M","$","?","?","$","E","R","M","T","R","E","?","M","M","R","B",null],"character_chosen":"THE_SILENT","items_purchased":["Apotheosis","Dagger Spray","Footwork+1","Backflip","Medical Kit"],"campfire_rested":2,"item_purchase_floors":[10,10,28,28,36],"current_hp_per_floor":[70,59,59,59,59,59,59,47,47,47,52,52,74,74,74,54,75,75,75,75,75,74,74,74,74,74,66,66,66,66,62,75,62,75,75,75,75,75,75,75,75,69,69,69,69,52,75,75,75,75],"gold":166,"neow_bonus":"THREE_ENEMY_KILL","is_prod":false,"is_daily":false,"chose_seed":false,"campfire_upgraded":7,"win_rate":0.0,"timestamp":1571073112,"path_taken":["M","?","?","M","?","R","E","?","T","?","?","?","R","M","R","BOSS","M","M","?","?","M","R","?","R","T","M","$","M","M","E","R","BOSS","M","$","?","?","$","E","R","?","T","R","E","?","M","M","R","BOSS"],"build_version":"2019-07-17","purchased_purges":2,"victory":true,"max_hp_per_floor":[70,70,70,70,70,70,70,70,70,70,75,75,75,75,75,75,75,75,75,75,75,75,75,75,75,75,75,75,75,75,75,75,75,75,75,75,75,75,75,75,75,75,75,75,75,75,75,75,75,75],"card_choices":[{"not_picked":["Backflip","Dagger Throw"],"picked":"Noxious Fumes","floor":1.0},{"not_picked":["Expertise","Tactician"],"picked":"Prepared","floor":4.0},{"not_picked":["Prepared","Riddle With Holes"],"picked":"PiercingWail","floor":7.0},{"not_picked":["Riddle With Holes","Prepared","All Out Attack","Deflect"],"picked":"SKIP","floor":11.0},{"not_picked":["Dagger Spray","PiercingWail","Flying Knee"],"picked":"After Image","floor":14.0},{"not_picked":["Glass Knife","Unload","Adrenaline"],"picked":"Night Terror","floor":16.0},{"not_picked":["Sucker Punch","Backflip+1","Deflect"],"picked":"Bane+1","floor":18.0},{"not_picked":["Tactician","Expertise","Choke","Outmaneuver"],"picked":"SKIP","floor":19.0},{"not_picked":["Finisher+1","Bouncing Flask","Glass Knife"],"picked":"Deflect+1","floor":21.0},{"not_picked":["Acrobatics","Underhanded Strike","Quick Slash","Terror"],"picked":"SKIP","floor":22.0},{"not_picked":["Dagger Throw","Skewer","Dash+1"],"picked":"Backflip","floor":27.0},{"not_picked":["Calculated Gamble","Underhanded Strike","Slice"],"picked":"Footwork+1","floor":29.0},{"not_picked":["Expertise+1","Tactician+1","Blade Dance+1"],"picked":"Well Laid Plans+1","floor":30.0},{"not_picked":["Dagger Spray","Deadly Poison","Distraction"],"picked":"After Image+1","floor":31.0},{"not_picked":["Wraith Form v2+1","Glass Knife","Adrenaline"],"picked":"Malaise","floor":33.0},{"not_picked":["Sucker Punch","Choke+1","Poisoned Stab","Flying Knee+1"],"picked":"SKIP","floor":35.0},{"not_picked":["Finisher+1","All Out Attack+1","Malaise"],"picked":"Footwork+1","floor":40},{"not_picked":["Deflect+1","Blade Dance","Prepared"],"picked":"Noxious Fumes+1","floor":42},{"not_picked":["Acrobatics+1","Bouncing Flask+1","Quick Slash+1"],"picked":"Adrenaline","floor":45},{"not_picked":["Deflect+1","Underhanded Strike+1","Doppelganger"],"picked":"Bane+1","floor":46},{"not_picked":["Deflect+1","Deadly Poison","Riddle With Holes+1"],"picked":"Prepared+1","floor":47},{"not_picked":["Blade Dance","PiercingWail+1","Calculated Gamble+1","Expertise"],"picked":"SKIP","floor":48}],"player_experience":8080,"relics_obtained":[{"floor":7.0,"key":"Question Card"},{"floor":9.0,"key":"Bottled Tornado"},{"floor":24.0,"key":"Frozen Egg 2"},{"floor":26.0,"key":"Centennial Puzzle"},{"floor":31.0,"key":"Ninja Scroll"},{"floor":40,"key":"Bag of Preparation"},{"floor":40,"key":"Ancient Tea Set"},{"floor":45,"key":"Incense Burner"},{"floor":45,"key":"War Paint"},{"floor":46,"key":"Bird Faced Urn"}],"event_choices":[{"damage_healed":0.0,"max_hp_gain":0.0,"max_hp_loss":0.0,"gold_gain":75.0,"event_name":"World of Goop","player_choice":"Gather Gold","floor":2.0,"gold_loss":0.0,"damage_taken":11.0},{"cards_removed":["Strike_G"],"damage_healed":0.0,"max_hp_gain":0.0,"max_hp_loss":0.0,"gold_gain":0.0,"event_name":"The Cleric","player_choice":"Card Removal","floor":3.0,"gold_loss":50.0,"damage_taken":0.0},{"damage_healed":0.0,"max_hp_gain":0.0,"max_hp_loss":0.0,"gold_gain":0.0,"event_name":"Living Wall","player_choice":"Grow","floor":5.0,"gold_loss":0.0,"damage_taken":0.0,"cards_upgraded":["Neutralize"]},{"damage_healed":0.0,"max_hp_gain":0.0,"max_hp_loss":0.0,"gold_gain":0.0,"event_name":"Scrap Ooze","player_choice":"Success","floor":8.0,"gold_loss":0.0,"damage_taken":12.0,"relics_obtained":["Thread and Needle"]},{"damage_healed":0.0,"max_hp_gain":0.0,"max_hp_loss":0.0,"gold_gain":0.0,"event_name":"Liars Game","player_choice":"Ignored","floor":12.0,"gold_loss":0.0,"damage_taken":0.0},{"damage_healed":0.0,"max_hp_gain":0.0,"max_hp_loss":0.0,"gold_gain":0.0,"event_name":"Duplicator","player_choice":"Copied","floor":20.0,"gold_loss":0.0,"damage_taken":0.0,"cards_obtained":["Night Terror"]},{"damage_healed":0.0,"max_hp_gain":0.0,"max_hp_loss":0.0,"gold_gain":0.0,"event_name":"Tomb of Lord Red Mask","player_choice":"Paid","floor":37.0,"gold_loss":76.0,"damage_taken":0.0,"relics_obtained":["Red Mask"]},{"damage_healed":0.0,"max_hp_gain":0.0,"max_hp_loss":0.0,"gold_gain":100.0,"event_name":"Golden Shrine","player_choice":"Pray","floor":38.0,"gold_loss":0.0,"damage_taken":0.0},{"damage_healed":0,"gold_gain":0,"player_choice":"Fight","damage_taken":0,"max_hp_gain":0,"max_hp_loss":0,"event_name":"Mysterious Sphere","floor":46,"gold_loss":0}],"is_beta":false,"boss_relics":[{"not_picked":["HoveringKite","Ectoplasm"],"picked":"Cursed Key"},{"not_picked":["White Beast Statue","Ring of the Serpent"],"picked":"Black Star"}],"items_purged_floors":[28,39],"is_endless":false,"potions_floor_spawned":[7,14,16,18,27,31,40,46,47,48],"ascension_level":0}