{"gold_per_floor":[117,129,129,146,34,64,64,79,79,94,55,88,88,120,120,195,195,215,234,247,56,56,83,102,102,102,102,122,102,121,132,132,207,207,220,95,108,123,140,175,175,185,208,208,218,244,11,23,23,23],"floor_reached":50,"playtime":3018,"items_purged":["Pain","Strike_R","Strike_R"],"score":984,"play_id":"9f32d01f-8468-4730-b91e-4f8a3f973e3d","local_time":"20191014215318","is_ascension_mode":true,"campfire_choices":[{"floor":7,"key":"REST"},{"floor":13,"key":"REST"},{"floor":15,"key":"REST"},{"floor":25,"key":"REST"},{"floor":27,"key":"REST"},{"floor":32,"key":"REST"},{"floor":41,"key":"REST"},{"floor":44,"key":"REST"},{"floor":49,"key":"REST"}],"neow_cost":"NONE","seed_source_timestamp":424854925981594,"circlet_count":0,"master_deck":["AscendersBane","Strike_R+1","Strike_R","Strike_R","Defend_R","Defend_R","Defend_R","Defend_R","Bash","Cleave","Twin Strike+1","Spot Weakness","Rage","Shockwave","Shrug It Off","True Grit","Limit Break","Shrug It Off","Finesse","Ghostly Armor","Pommel Strike","Infernal Blade+1","Fiend Fire","True Grit","Corruption","Battle Trance+1","True Grit","Inflame","Clothesline+1"],"relics":["Burning Blood","NeowsBlessing","WarpedTongs","Whetstone","Singing Bowl","Thread and Needle","Red Skull","Mark of Pain","Centennial Puzzle","Kunai","Velvet Choker","Pear","Omamori","Toy Ornithopter","Medical Kit"],"potions_floor_usage":[16,16,23,24,30,33,42,45,46,48],"damage_taken":[{"damage":0,"enemies":"2 Louse","floor":1,"turns":1},{"damage":0,"enemies":"Cultist","floor":2,"turns":1},{"damage":1,"enemies":"Small Slimes","floor":4,"turns":1},{"damage":45,"enemies":"Gremlin Nob","floor":6,"turns":5},{"damage":10,"enemies":"Blue Slaver","floor":8,"turns":4},{"damage":19,"enemies":"Lots of Slimes","floor":10,"turns":4},{"damage":18,"enemies":"Lagavulin","floor":12,"turns":7},{"damage":27,"enemies":"Gremlin Nob","floor":14,"turns":5},{"damage":25,"enemies":"Slime Boss","floor":16,"turns":13},{"damage":5,"enemies":"Shell Parasite","floor":18,"turns":6},{"damage":8,"enemies":"Chosen","floor":19,"turns":4},{"damage":6,"enemies":"Centurion and Healer","floor":20,"turns":9},{"damage":20,"enemies":"Book of Stabbing","floor":23,"turns":7},{"damage":17,"enemies":"3 Cultists","floor":24,"turns":5},{"damage":21,"enemies":"Snake Plant","floor":28,"turns":7},{"damage":15,"enemies":"Cultist and Chosen","floor":30,"turns":7},{"damage":5,"enemies":"Shelled Parasite and Fungi","floor":31,"turns":3},{"damage":86,"enemies":"Champ","floor":33,"turns":13},{"damage":6,"enemies":"Orb Walker","floor":35,"turns":3},{"damage":11,"enemies":"3 Shapes","floor":37,"turns":7},{"damage":5,"enemies":"3 Darklings","floor":38,"turns":7},{"damage":12,"enemies":"Jaw Worm Horde","floor":39,"turns":5},{"damage":34,"enemies":"Reptomancer","floor":40,"turns":5},{"damage":6,"enemies":"Spire Growth","floor":42,"turns":5},{"damage":58,"enemies":"Transient","floor":45,"turns":5},{"damage":11,"enemies":"Giant Head","floor":46,"turns":7},{"damage":8,"enemies":"4 Shapes","floor":48,"turns":8},{"damage":86,"enemies":"Donu and Deca","floor":50,"turns":6}],"seed_played":"-6152155330444068305","potions_obtained":[{"floor":8,"key":"Swift Potion"},{"floor":10,"key":"Swift Potion"},{"floor":16,"key":"GamblersBrew"},{"floor":18,"key":"FearPotion"},{"floor":19,"key":"EssenceOfSteel"},{"floor":23,"key":"Explosive Potion"},{"floor":29,"key":"Regen Potion"},{"floor":39,"key":"Ancient Potion"},{"floor":40,"key":"DistilledChaos"},{"floor":45,"key":"SteroidPotion"}],"is_trial":false,"path_per_floor":["M","M","?","M","$","E","R","M","T","M","?","E","R","E","R","B",null,"M","M","M","$","?","E","M","R","T","R","M","?","M","M","R","B",null,"M","$","M","M","M","E","R","M","T","R","M","E","$","M","R","B"],"character_chosen":"IRONCLAD","items_purchased":["Spot Weakness","Finesse","Medical Kit","Inflame","Block Potion"],"campfire_rested":9,"item_purchase_floors":[5,21,47,47,47],"current_hp_per_floor":[74,75,75,75,75,36,58,54,54,41,41,29,51,32,55,36,67,68,68,70,70,47,35,24,50,50,76,61,61,67,68,88,10,70,72,72,69,72,66,48,79,79,79,106,54,51,51,54,86,0],"gold":23,"neow_bonus":"THREE_ENEMY_KILL","is_prod":false,"is_daily":false,"chose_seed":false,"campfire_upgraded":0,"win_rate":0,"timestamp":1571115198,"path_taken":["M","M","?","?","$","E","R","M","T","M","?","E","R","E","R","BOSS","M","M","M","$","?","E","M","R","T","R","M","?","?","M","R","BOSS","M","$","M","M","?","E","R","M","T","R","M","E","$","M","R","BOSS"],"build_version":"2019-10-14","purchased_purges":3,"victory":false,"max_hp_per_floor":[75,75,75,75,75,75,75,75,75,75,75,75,75,77,77,77,77,77,79,81,81,86,88,88,88,88,88,88,88,88,88,88,90,90,92,92,94,96,96,106,106,106,106,106,106,108,108,108,108,108],"card_choices":[{"not_picked":["Flex","Clash"],"picked":"Cleave","floor":1},{"not_picked":["Warcry","Thunderclap"],"picked":"Twin Strike","floor":2},{"not_picked":["Headbutt","Wild Strike","Entrench"],"picked":"SKIP","floor":4},{"not_picked":["Bludgeon","Havoc"],"picked":"Rage","floor":6},{"not_picked":["Iron Wave","Power Through"],"picked":"Shockwave","floor":8},{"not_picked":["Uppercut","Headbutt"],"picked":"Shrug It Off","floor":10},{"not_picked":["Wild Strike","Thunderclap"],"picked":"True Grit","floor":12},{"not_picked":["Headbutt","Clothesline","Entrench"],"picked":"Singing Bowl","floor":14},{"not_picked":["Exhume","Barricade"],"picked":"Limit Break","floor":16},{"not_picked":["Entrench+1","Armaments"],"picked":"Shrug It Off","floor":18},{"not_picked":["Shockwave","Twin Strike","Intimidate"],"picked":"Singing Bowl","floor":19},{"not_picked":["Power Through","Clash","Havoc"],"picked":"Singing Bowl","floor":20},{"not_picked":["Barricade","Thunderclap","Entrench+1"],"picked":"Singing Bowl","floor":23},{"not_picked":["Pommel Strike","Thunderclap"],"picked":"Ghostly Armor","floor":24},{"not_picked":["Havoc","Dual Wield"],"picked":"Pommel Strike","floor":28},{"not_picked":["Twin Strike+1","Clash+1"],"picked":"Infernal Blade+1","floor":30},{"not_picked":["Pummel","Combust"],"picked":"Fiend Fire","floor":31},{"not_picked":["Demon Form","Fiend Fire","Bludgeon"],"picked":"Singing Bowl","floor":33},{"not_picked":["Thunderclap","Sever Soul","Havoc"],"picked":"Singing Bowl","floor":35},{"not_picked":["Cleave+1","Entrench","Wild Strike"],"picked":"Singing Bowl","floor":37},{"not_picked":["Seeing Red+1","Clothesline+1","Sever Soul"],"picked":"Singing Bowl","floor":38},{"not_picked":["Havoc+1","Heavy Blade"],"picked":"True Grit","floor":39},{"not_picked":["Flex","Iron Wave+1"],"picked":"Corruption","floor":40},{"not_picked":["Havoc","Combust+1"],"picked":"Battle Trance+1","floor":42},{"not_picked":["Sword Boomerang","Shockwave"],"picked":"True Grit","floor":45},{"not_picked":["Armaments","Hemokinesis","Body Slam"],"picked":"Singing Bowl","floor":46},{"not_picked":["Body Slam","Armaments+1"],"picked":"Clothesline+1","floor":48}],"player_experience":794794,"relics_obtained":[{"floor":6,"key":"Whetstone"},{"floor":9,"key":"Singing Bowl"},{"floor":12,"key":"Thread and Needle"},{"floor":14,"key":"Red Skull"},{"floor":23,"key":"Centennial Puzzle"},{"floor":26,"key":"Kunai"},{"floor":40,"key":"Pear"},{"floor":43,"key":"Omamori"},{"floor":46,"key":"Toy Ornithopter"}],"event_choices":[{"damage_healed":0,"gold_gain":0,"player_choice":"Rummage","damage_taken":0,"relics_obtained":["WarpedTongs"],"max_hp_gain":0,"max_hp_loss":0,"event_name":"Accursed Blacksmith","floor":3,"gold_loss":0,"cards_obtained":["Pain"]},{"damage_healed":0,"gold_gain":0,"player_choice":"Left Gold","damage_taken":0,"max_hp_gain":0,"max_hp_loss":0,"event_name":"World of Goop","floor":11,"gold_loss":39},{"damage_healed":0,"gold_gain":0,"player_choice":"Shed Blood","damage_taken":28,"max_hp_gain":5,"max_hp_loss":0,"event_name":"Forgotten Altar","floor":22,"gold_loss":0},{"damage_healed":0,"gold_gain":0,"player_choice":"Bought 1 Potion","damage_taken":0,"max_hp_gain":0,"max_hp_loss":0,"event_name":"The Woman in Blue","floor":29,"gold_loss":0}],"is_beta":true,"boss_relics":[{"not_picked":["SacredBark","Philosopher\u0027s Stone"],"picked":"Mark of Pain"},{"not_picked":["Runic Cube","Black Blood"],"picked":"Velvet Choker"}],"items_purged_floors":[5,21,36],"is_endless":false,"potions_floor_spawned":[8,10,14,16,18,19,23,39,40,45],"killed_by":"Donu and Deca","ascension_level":15}