{"gold_per_floor":[118,135,135,152,172,172,184,194,194,194,208,243,243,255,255,255],"floor_reached":16,"playtime":2438,"items_purged":[],"score":207,"play_id":"67ca8d21-85cd-4cf7-a74d-c599c16b6942","local_time":"20190728150935","is_ascension_mode":true,"campfire_choices":[{"data":"Zap","floor":6.0,"key":"SMITH"},{"data":"Blizzard","floor":10.0,"key":"SMITH"},{"floor":13,"key":"REST"},{"data":"Hologram","floor":15,"key":"SMITH"}],"neow_cost":"NONE","seed_source_timestamp":1024332391934694,"circlet_count":0,"master_deck":["AscendersBane","Strike_B","Strike_B","Strike_B","Strike_B","Defend_B","Defend_B","Defend_B","Defend_B","Zap+1","Dualcast","Glacier","Cold Snap","Compile Driver","Glacier","Skim","Blizzard+1","Hologram+1","Ball Lightning","White Noise"],"special_seed":0,"relics":["Cracked Core","NeowsBlessing","Lantern","Omamori","Orichalcum"],"potions_floor_usage":[],"damage_taken":[{"damage":0.0,"enemies":"2 Louse","floor":1.0,"turns":1.0},{"damage":0.0,"enemies":"Cultist","floor":2.0,"turns":1.0},{"damage":0.0,"enemies":"Jaw Worm","floor":4.0,"turns":1.0},{"damage":6.0,"enemies":"Looter","floor":5.0,"turns":3.0},{"damage":0.0,"enemies":"Blue Slaver","floor":7.0,"turns":4.0},{"damage":5.0,"enemies":"Large Slime","floor":8.0,"turns":8.0},{"damage":1.0,"enemies":"3 Louse","floor":11.0,"turns":4.0},{"damage":17,"enemies":"3 Sentries","floor":12,"turns":8},{"damage":0,"enemies":"Exordium Thugs","floor":14,"turns":4},{"damage":60,"enemies":"Hexaghost","floor":16,"turns":10}],"seed_played":"-8560890141902935233","potions_obtained":[{"floor":1.0,"key":"Poison Potion"},{"floor":4.0,"key":"Swift Potion"},{"floor":8.0,"key":"FocusPotion"}],"is_trial":false,"path_per_floor":["M","M","?","M","M","R","M","M","T","R","M","E","R","M","R","B"],"character_chosen":"DEFECT","items_purchased":[],"campfire_rested":1,"item_purchase_floors":[],"current_hp_per_floor":[64,64,64,64,58,58,58,53,53,53,52,35,56,56,56,0],"gold":255,"neow_bonus":"THREE_ENEMY_KILL","is_prod":false,"is_daily":false,"chose_seed":false,"campfire_upgraded":3,"win_rate":0,"timestamp":1564351775,"path_taken":["M","M","?","M","M","R","M","M","T","R","M","E","R","M","R","BOSS"],"build_version":"2019-07-17","purchased_purges":0,"victory":false,"max_hp_per_floor":[71,71,71,71,71,71,71,71,71,71,71,71,71,71,71,71],"card_choices":[{"not_picked":["Reprogram","Static Discharge"],"picked":"Glacier","floor":1.0},{"not_picked":["Doom and Gloom","Redo"],"picked":"Cold Snap","floor":2.0},{"not_picked":["Redo","Skim"],"picked":"Compile Driver","floor":4.0},{"not_picked":["Ball Lightning","Skim"],"picked":"Glacier","floor":5.0},{"not_picked":["Rebound","Rip and Tear"],"picked":"Skim","floor":7.0},{"not_picked":["Doom and Gloom","Barrage"],"picked":"Blizzard","floor":8.0},{"not_picked":["Steam","Aggregate"],"picked":"Hologram","floor":11.0},{"not_picked":["Rip and Tear","Lockon"],"picked":"Ball Lightning","floor":12},{"not_picked":["Leap","Cold Snap"],"picked":"White Noise","floor":14}],"player_experience":2401115,"relics_obtained":[{"floor":9.0,"key":"Omamori"},{"floor":12,"key":"Orichalcum"}],"event_choices":[{"damage_healed":0.0,"max_hp_gain":0.0,"max_hp_loss":0.0,"gold_gain":0.0,"event_name":"WeMeetAgain","player_choice":"Gave Potion","floor":3.0,"gold_loss":0.0,"damage_taken":0.0,"relics_obtained":["Lantern"]}],"is_beta":false,"boss_relics":[],"items_purged_floors":[],"is_endless":false,"potions_floor_spawned":[1,4,8,14],"killed_by":"Hexaghost","ascension_level":19}