{"gold_per_floor":[118,137,149,74,84,84,103,135,135,159,171,193,205,228,240,252],"floor_reached":16,"playtime":870,"items_purged":["Strike_R"],"score":180,"play_id":"c33f728c-96eb-4da0-9ad2-305d2e016b79","local_time":"20190822215644","is_ascension_mode":true,"campfire_choices":[{"floor":6,"key":"REST"},{"floor":13,"key":"REST"},{"floor":15,"key":"REST"}],"neow_cost":"NONE","seed_source_timestamp":761671349928718,"circlet_count":0,"master_deck":["AscendersBane","Strike_R","Strike_R","Strike_R","Strike_R","Defend_R","Defend_R","Defend_R","Defend_R","Bash","Exhume","Warcry","Shockwave","Pommel Strike","Heavy Blade","Battle Trance","Inflame","Havoc","Armaments","Iron Wave"],"relics":["Burning Blood","Pantograph","MawBank"],"potions_floor_usage":[2,8,16,16],"damage_taken":[{"damage":1,"enemies":"Cultist","floor":1,"turns":3},{"damage":4,"enemies":"Small Slimes","floor":2,"turns":3},{"damage":7,"enemies":"Jaw Worm","floor":3,"turns":4},{"damage":29,"enemies":"Exordium Wildlife","floor":5,"turns":10},{"damage":10,"enemies":"Blue Slaver","floor":7,"turns":5},{"damage":45,"enemies":"Lagavulin","floor":8,"turns":8},{"damage":30,"enemies":"Gremlin Gang","floor":10,"turns":6},{"damage":23,"enemies":"Lots of Slimes","floor":12,"turns":6},{"damage":8,"enemies":"3 Louse","floor":14,"turns":4},{"damage":106,"enemies":"Slime Boss","floor":16,"turns":18}],"seed_played":"-4381435702813668776","potions_obtained":[{"floor":1,"key":"Energy Potion"},{"floor":7,"key":"BloodPotion"},{"floor":10,"key":"Regen Potion"},{"floor":12,"key":"SneckoOil"},{"floor":14,"key":"SkillPotion"}],"is_trial":false,"path_per_floor":["M","M","M","$","M","R","M","E","T","M","?","M","R","M","R","B"],"character_chosen":"IRONCLAD","items_purchased":[],"campfire_rested":3,"item_purchase_floors":[],"current_hp_per_floor":[73,75,74,74,51,73,69,48,48,24,29,12,36,34,58,0],"gold":252,"neow_bonus":"ONE_RANDOM_RARE_CARD","is_prod":false,"is_daily":false,"chose_seed":false,"campfire_upgraded":0,"win_rate":0,"timestamp":1566536204,"path_taken":["M","M","M","$","?","R","M","E","T","M","?","M","R","M","R","BOSS"],"build_version":"2019-07-17","purchased_purges":1,"victory":false,"max_hp_per_floor":[75,75,75,75,75,75,75,75,75,75,80,80,80,80,80,80],"card_choices":[{"not_picked":["Entrench","Combust"],"picked":"Warcry","floor":1},{"not_picked":["Fire Breathing","Bloodletting"],"picked":"Shockwave","floor":2},{"not_picked":["Sword Boomerang","Wild Strike"],"picked":"Pommel Strike","floor":3},{"not_picked":["Thunderclap","Fire Breathing"],"picked":"Heavy Blade","floor":5},{"not_picked":["Havoc","Headbutt"],"picked":"Battle Trance","floor":7},{"not_picked":["Perfected Strike","Brutality"],"picked":"Inflame","floor":8},{"not_picked":["Body Slam","Rage"],"picked":"Havoc","floor":10},{"not_picked":["Rupture","Thunderclap"],"picked":"Armaments","floor":12},{"not_picked":["Perfected Strike","Thunderclap"],"picked":"Iron Wave","floor":14}],"player_experience":733629,"relics_obtained":[{"floor":8,"key":"Pantograph"},{"floor":9,"key":"MawBank"}],"event_choices":[{"damage_healed":0,"gold_gain":0,"player_choice":"Donut","damage_taken":0,"max_hp_gain":5,"max_hp_loss":0,"event_name":"Big Fish","floor":11,"gold_loss":0}],"is_beta":false,"boss_relics":[],"items_purged_floors":[4],"is_endless":false,"potions_floor_spawned":[1,7,10,12,14],"killed_by":"Slime Boss","ascension_level":14}