{"gold_per_floor":[110,35,55,67,85,118,118,18,93,103,103,115,131,146,146,245,245,258,274,294,311,322,322,322,337,414,414,433,433,433],"floor_reached":30,"playtime":1976,"items_purged":["Strike_G","Strike_G"],"score":409,"play_id":"fa202a10-08d3-4690-9223-d3e8e28a8d39","local_time":"20190903211105","is_ascension_mode":true,"campfire_choices":[{"floor":7,"key":"REST"},{"data":"Accuracy","floor":11,"key":"SMITH"},{"data":"Cloak And Dagger","floor":15,"key":"SMITH"},{"floor":24,"key":"REST"},{"floor":27,"key":"REST"}],"neow_cost":"NONE","seed_source_timestamp":1794601507263557,"circlet_count":0,"master_deck":["AscendersBane","Defend_G","Defend_G","Defend_G","Defend_G","Defend_G","Survivor","Neutralize","Cloak And Dagger+1","Well Laid Plans","Well Laid Plans","Escape Plan","Accuracy+1","Predator","Escape Plan","Escape Plan","Choke","Caltrops","A Thousand Cuts","Flying Knee","Escape Plan","Footwork","Backflip","Cloak And Dagger","Acrobatics","Well Laid Plans","PiercingWail"],"relics":["Ring of the Snake","Incense Burner","Pantograph","Runic Dome","Question Card"],"potions_floor_usage":[6,13,21,22,28,29,30],"damage_taken":[{"damage":5,"enemies":"Cultist","floor":1,"turns":4},{"damage":3,"enemies":"Small Slimes","floor":3,"turns":5},{"damage":0,"enemies":"Jaw Worm","floor":4,"turns":6},{"damage":2,"enemies":"Exordium Wildlife","floor":5,"turns":7},{"damage":11,"enemies":"Lagavulin","floor":6,"turns":11},{"damage":6,"enemies":"3 Louse","floor":10,"turns":4},{"damage":1,"enemies":"Blue Slaver","floor":12,"turns":4},{"damage":0,"enemies":"Exordium Thugs","floor":13,"turns":4},{"damage":6,"enemies":"2 Fungi Beasts","floor":14,"turns":4},{"damage":16,"enemies":"Hexaghost","floor":16,"turns":9},{"damage":17,"enemies":"2 Thieves","floor":18,"turns":5},{"damage":3,"enemies":"3 Byrds","floor":19,"turns":4},{"damage":29,"enemies":"Snake Plant","floor":20,"turns":4},{"damage":15,"enemies":"Centurion and Healer","floor":21,"turns":6},{"damage":1,"enemies":"Cultist and Chosen","floor":22,"turns":7},{"damage":0,"enemies":"Shelled Parasite and Fungi","floor":25,"turns":8},{"damage":43,"enemies":"Snecko","floor":28,"turns":7},{"damage":12,"enemies":"Colosseum Slavers","floor":29,"turns":5},{"damage":3,"enemies":"3 Cultists","floor":30,"turns":3}],"seed_played":"-5058333244777081427","potions_obtained":[{"floor":5,"key":"Fire Potion"},{"floor":12,"key":"FearPotion"},{"floor":13,"key":"Explosive Potion"},{"floor":14,"key":"SkillPotion"},{"floor":19,"key":"GhostInAJar"},{"floor":21,"key":"GhostInAJar"},{"floor":22,"key":"Regen Potion"},{"floor":28,"key":"GhostInAJar"}],"is_trial":false,"path_per_floor":["M","$","M","M","M","E","R","$","T","M","R","M","M","M","R","B",null,"M","M","M","M","M","?","R","M","T","R","M","?","M"],"character_chosen":"THE_SILENT","items_purchased":[],"campfire_rested":3,"item_purchase_floors":[],"current_hp_per_floor":[58,58,55,55,53,42,63,63,63,57,57,56,56,50,50,54,66,49,46,17,2,1,1,22,22,22,43,15,3,0],"gold":433,"neow_bonus":"TRANSFORM_CARD","is_prod":false,"is_daily":false,"chose_seed":false,"campfire_upgraded":2,"win_rate":0,"timestamp":1567570265,"path_taken":["M","$","M","M","M","E","R","?","T","M","R","M","?","M","R","BOSS","M","M","M","M","M","?","R","M","T","R","M","?","M"],"build_version":"2019-07-17","purchased_purges":2,"victory":false,"max_hp_per_floor":[70,70,70,70,70,70,70,70,70,70,70,70,70,70,70,70,70,70,70,70,70,70,70,70,70,70,70,70,70,70],"card_choices":[{"not_picked":["Quick Slash","Dagger Throw"],"picked":"Well Laid Plans","floor":1},{"not_picked":["Endless Agony","Dodge and Roll"],"picked":"Well Laid Plans","floor":3},{"not_picked":["Poisoned Stab","Tactician"],"picked":"Escape Plan","floor":4},{"not_picked":["Deadly Poison","Deflect"],"picked":"Accuracy","floor":5},{"not_picked":["Deflect","Outmaneuver"],"picked":"Predator","floor":6},{"not_picked":["Well Laid Plans","Outmaneuver"],"picked":"Escape Plan","floor":10},{"not_picked":["Deadly Poison","Dodge and Roll"],"picked":"Escape Plan","floor":12},{"not_picked":["Dodge and Roll","Prepared"],"picked":"Choke","floor":13},{"not_picked":["Catalyst","Outmaneuver"],"picked":"Caltrops","floor":14},{"not_picked":["Wraith Form v2","Storm of Steel"],"picked":"A Thousand Cuts","floor":16},{"not_picked":["Deadly Poison","Bane+1"],"picked":"Flying Knee","floor":18},{"not_picked":["Underhanded Strike","Sucker Punch"],"picked":"Escape Plan","floor":19},{"not_picked":["Masterful Stab+1","Backflip"],"picked":"Footwork","floor":20},{"not_picked":["Corpse Explosion","Deadly Poison"],"picked":"Backflip","floor":21},{"not_picked":["Bane","Escape Plan"],"picked":"Cloak And Dagger","floor":22},{"not_picked":["Slice","Prepared","Dodge and Roll"],"picked":"SKIP","floor":25},{"not_picked":["Quick Slash","Caltrops","Predator"],"picked":"PiercingWail","floor":28}],"player_experience":761586,"relics_obtained":[{"floor":6,"key":"Incense Burner"},{"floor":9,"key":"Pantograph"},{"floor":26,"key":"Question Card"}],"event_choices":[{"damage_healed":0,"gold_gain":0,"cards_transformed":["Strike_G","Strike_G"],"player_choice":"Became Test Subject","damage_taken":0,"max_hp_gain":0,"max_hp_loss":0,"event_name":"Drug Dealer","floor":23,"gold_loss":0,"cards_obtained":["Acrobatics","Well Laid Plans"]},{"damage_healed":0,"gold_gain":0,"player_choice":"Fight","damage_taken":0,"max_hp_gain":0,"max_hp_loss":0,"event_name":"Colosseum","floor":29,"gold_loss":0},{"damage_healed":0,"gold_gain":0,"player_choice":"Fled From Nobs","damage_taken":0,"max_hp_gain":0,"max_hp_loss":0,"event_name":"Colosseum","floor":29,"gold_loss":0}],"is_beta":false,"boss_relics":[{"not_picked":["Ring of the Serpent","White Beast Statue"],"picked":"Runic Dome"}],"items_purged_floors":[2,8],"is_endless":false,"potions_floor_spawned":[5,12,13,14,19,21,22,25,28],"killed_by":"3 Cultists","ascension_level":12}