{"gold_per_floor":[115,115,134,147,163,192,192,225,225,237,249,272,294,322,334,346],"floor_reached":16,"playtime":863,"items_purged":[],"score":271,"play_id":"7060a794-53e0-465d-b27a-c21be6cc602b","local_time":"20190703092502","is_ascension_mode":true,"campfire_choices":[{"data":"Body Slam","floor":7,"key":"SMITH"},{"floor":11,"key":"REST"},{"floor":15,"key":"REST"}],"neow_cost":"NONE","seed_source_timestamp":0,"circlet_count":0,"master_deck":["AscendersBane","Strike_R","Strike_R","Strike_R","Strike_R","Strike_R","Defend_R","Defend_R","Defend_R","Defend_R","Bash","Rage","Sword Boomerang","Perfected Strike","Shrug It Off","Body Slam+1","Headbutt","Heavy Blade","Iron Wave","Clothesline"],"special_seed":0,"relics":["Burning Blood","Bird Faced Urn","Happy Flower","Darkstone Periapt","MawBank"],"potions_floor_usage":[8,16],"damage_taken":[{"damage":0,"enemies":"Small Slimes","floor":1,"turns":3},{"damage":1,"enemies":"Cultist","floor":3,"turns":4},{"damage":3,"enemies":"2 Louse","floor":4,"turns":3},{"damage":15,"enemies":"Exordium Thugs","floor":5,"turns":4},{"damage":34,"enemies":"3 Sentries","floor":6,"turns":9},{"damage":21,"enemies":"Lagavulin","floor":8,"turns":7},{"damage":34,"enemies":"Gremlin Gang","floor":12,"turns":5},{"damage":0,"enemies":"3 Louse","floor":13,"turns":3},{"damage":22,"enemies":"Exordium Wildlife","floor":14,"turns":6},{"damage":53,"enemies":"Hexaghost","floor":16,"turns":14}],"seed_played":"4953068855121959541","potions_obtained":[{"floor":1,"key":"Explosive Potion"},{"floor":5,"key":"SteroidPotion"},{"floor":14,"key":"Block Potion"}],"is_trial":false,"path_per_floor":["M","?","M","M","M","E","R","E","T","?","R","M","M","M","R","B"],"character_chosen":"IRONCLAD","items_purchased":[],"campfire_rested":2,"item_purchase_floors":[],"current_hp_per_floor":[86,86,88,88,79,51,51,36,36,36,62,34,40,24,50,0],"gold":346,"neow_bonus":"TEN_PERCENT_HP_BONUS","is_prod":false,"is_daily":false,"chose_seed":false,"campfire_upgraded":1,"win_rate":0,"timestamp":1562171102,"path_taken":["M","?","M","M","?","E","R","E","T","?","R","M","M","M","R","BOSS"],"build_version":"2019-07-01","purchased_purges":0,"victory":false,"max_hp_per_floor":[88,88,88,88,88,88,88,88,88,88,88,88,88,88,88,88],"card_choices":[{"not_picked":["Seeing Red","Clash"],"picked":"Rage","floor":1},{"not_picked":["True Grit","Wild Strike"],"picked":"Sword Boomerang","floor":3},{"not_picked":["Havoc","Fire Breathing"],"picked":"Perfected Strike","floor":4},{"not_picked":["Flex","Warcry"],"picked":"Shrug It Off","floor":5},{"not_picked":["Wild Strike","Rupture"],"picked":"Body Slam","floor":6},{"not_picked":["Warcry","Bludgeon"],"picked":"Headbutt","floor":8},{"not_picked":["Hemokinesis","Clash"],"picked":"Heavy Blade","floor":12},{"not_picked":["Headbutt","True Grit"],"picked":"Iron Wave","floor":13},{"not_picked":["Hemokinesis","True Grit"],"picked":"Clothesline","floor":14}],"player_experience":656122,"relics_obtained":[{"floor":6,"key":"Happy Flower"},{"floor":8,"key":"Darkstone Periapt"},{"floor":9,"key":"MawBank"}],"event_choices":[{"damage_healed":0,"gold_gain":0,"player_choice":"Gave Potion","damage_taken":0,"relics_obtained":["Bird Faced Urn"],"max_hp_gain":0,"max_hp_loss":0,"event_name":"WeMeetAgain","floor":2,"gold_loss":0},{"damage_healed":0,"gold_gain":0,"player_choice":"Ignored","damage_taken":0,"max_hp_gain":0,"max_hp_loss":0,"event_name":"Golden Wing","floor":10,"gold_loss":0}],"is_beta":false,"boss_relics":[],"items_purged_floors":[],"is_endless":false,"potions_floor_spawned":[1,5,14],"killed_by":"Hexaghost","ascension_level":13}