{"gold_per_floor":[115,129,149,74,85,85,120,136,136,136,170,170,180,209,209,311,311,293,307,307],"floor_reached":20,"playtime":1255,"items_purged":["Strike_G"],"score":255,"play_id":"97181c72-da8b-4e5f-8791-6138f4082cb9","local_time":"20191015170836","is_ascension_mode":true,"campfire_choices":[{"floor":6,"key":"REST"},{"floor":10,"key":"REST"},{"floor":12,"key":"REST"},{"floor":15,"key":"REST"}],"neow_cost":"NONE","seed_source_timestamp":491953102587000,"circlet_count":0,"master_deck":["Strike_G","Strike_G","Strike_G","Strike_G","Defend_G","Defend_G","Defend_G","Defend_G","Defend_G","Survivor","Neutralize","Quick Slash","Caltrops","Prepared","Backflip","All Out Attack","Poisoned Stab","Noxious Fumes","Envenom","Calculated Gamble"],"relics":["Ring of the Snake","Snake Skull","Regal Pillow","Letter Opener","Ornamental Fan","Mummified Hand","Eternal Feather"],"potions_floor_usage":[5,7,16,16],"damage_taken":[{"damage":3,"enemies":"Small Slimes","floor":1,"turns":5},{"damage":0,"enemies":"Cultist","floor":2,"turns":4},{"damage":2,"enemies":"Jaw Worm","floor":3,"turns":4},{"damage":24,"enemies":"Exordium Thugs","floor":5,"turns":5},{"damage":47,"enemies":"3 Sentries","floor":7,"turns":12},{"damage":11,"enemies":"Gremlin Gang","floor":8,"turns":7},{"damage":47,"enemies":"Gremlin Nob","floor":11,"turns":5},{"damage":5,"enemies":"Red Slaver","floor":13,"turns":5},{"damage":22,"enemies":"Lagavulin","floor":14,"turns":8},{"damage":31,"enemies":"Slime Boss","floor":16,"turns":9},{"damage":22,"enemies":"2 Thieves","floor":18,"turns":4},{"damage":8,"enemies":"3 Byrds","floor":19,"turns":4},{"damage":40,"enemies":"Snecko","floor":20,"turns":4}],"seed_played":"-2785070785067582674","potions_obtained":[{"floor":3,"key":"Poison Potion"},{"floor":5,"key":"Regen Potion"},{"floor":11,"key":"SpeedPotion"},{"floor":14,"key":"Energy Potion"},{"floor":18,"key":"Dexterity Potion"}],"is_trial":false,"path_per_floor":["M","M","M","$","M","R","E","M","T","R","E","R","M","E","R","B",null,"M","M","M"],"character_chosen":"THE_SILENT","items_purchased":[],"campfire_rested":4,"item_purchase_floors":[],"current_hp_per_floor":[60,60,58,58,34,55,23,12,12,48,1,37,32,10,46,15,56,34,26,0],"gold":307,"neow_bonus":"RANDOM_COMMON_RELIC","is_prod":false,"is_daily":false,"chose_seed":false,"campfire_upgraded":0,"win_rate":0,"timestamp":1571173716,"path_taken":["M","M","M","$","M","R","E","M","T","R","E","R","M","E","R","BOSS","M","M","M"],"build_version":"2019-07-17","purchased_purges":1,"victory":false,"max_hp_per_floor":[70,70,70,70,70,70,70,70,70,70,70,70,70,70,70,70,70,70,70,70],"card_choices":[{"not_picked":["Outmaneuver","Calculated Gamble"],"picked":"Quick Slash","floor":1},{"not_picked":["Flechettes","Escape Plan"],"picked":"Caltrops","floor":2},{"not_picked":["Deflect","Slice"],"picked":"Prepared","floor":3},{"not_picked":["Acrobatics","Dodge and Roll","Setup"],"picked":"SKIP","floor":5},{"not_picked":["Riddle With Holes","Dagger Throw"],"picked":"Backflip","floor":7},{"not_picked":["Catalyst","Endless Agony"],"picked":"All Out Attack","floor":8},{"not_picked":["Concentrate","Dagger Throw","Deflect"],"picked":"SKIP","floor":11},{"not_picked":["Deflect","Riddle With Holes"],"picked":"Poisoned Stab","floor":13},{"not_picked":["Backstab","Blur"],"picked":"Noxious Fumes","floor":14},{"not_picked":["Adrenaline","Tools of the Trade"],"picked":"Envenom","floor":16},{"not_picked":["Flying Knee","Expertise","Sucker Punch"],"picked":"SKIP","floor":18},{"not_picked":["Expertise","Underhanded Strike"],"picked":"Calculated Gamble","floor":19}],"player_experience":398103,"relics_obtained":[{"floor":7,"key":"Regal Pillow"},{"floor":9,"key":"Letter Opener"},{"floor":11,"key":"Ornamental Fan"},{"floor":14,"key":"Mummified Hand"}],"event_choices":[],"is_beta":false,"boss_relics":[{"not_picked":["Runic Pyramid","Calling Bell"],"picked":"Eternal Feather"}],"items_purged_floors":[4],"is_endless":false,"potions_floor_spawned":[3,5,11,14,18],"killed_by":"Snecko","ascension_level":6}