{"gold_per_floor":[114,46,61,61,76,76,1,1,1,1,16,46,61,76,76,176,176,191,206,206,221,236,236,251,251,276,291,321,321,336,36,36,136,136,151,166,126,141,156,156,186,36,61,61,76,91,106,66,66,66],"floor_reached":51,"playtime":6167,"items_purged":["Pain"],"score":930,"play_id":"80d7eebc-c098-4590-b72b-e09ca37df3b5","local_time":"20191015163940","daily_mods":["Insanity","Uncertain Future","Terminal"],"is_ascension_mode":false,"campfire_choices":[{"data":"Hello World","floor":6,"key":"SMITH"},{"data":"Skim","floor":8,"key":"SMITH"},{"data":"White Noise","floor":15,"key":"SMITH"},{"data":"Capacitor","floor":23,"key":"SMITH"},{"data":"Tempest","floor":25,"key":"SMITH"},{"floor":32,"key":"REST"},{"data":"1","floor":40,"key":"LIFT"},{"data":"2","floor":44,"key":"LIFT"},{"data":"3","floor":49,"key":"LIFT"}],"neow_cost":"","seed_source_timestamp":0,"circlet_count":0,"master_deck":["Glacier","Rebound","Scrape","Self Repair","Reinforced Body","Tempest+1","Conserve Battery","Coolheaded","Cold Snap","Stack","Streamline","Lockon","Stack","Stack","Storm","Auto Shields","Lockon","Steam","Steam","Rip and Tear","Stack","Streamline","Streamline","Sweeping Beam","Heatsinks","Steam","Skim+1","Turbo","Gash","Force Field","Rip and Tear","Conserve Battery","Stack","Rebound","Go for the Eyes","Gash","Chill","Conserve Battery","Go for the Eyes","Darkness","Fusion+1","Skim+1","Barrage","Ball Lightning","Gash","Conserve Battery","Ball Lightning","Streamline","Rip and Tear","Capacitor+1","Hello World+1","Blizzard","Steam","Buffer+1","Steam","White Noise+1","Creative AI+1","Barrage+1","Sweeping Beam+1","Defragment+1","Hello World+1","Rebound+1","Aggregate","Loop+1","Barrage","Buffer+1","Chill+1","Static Discharge+1","Meteor Strike","Blizzard","Core Surge","Stack","Loop+1","Hello World+1","Tempest"],"special_seed":18184,"relics":["Cracked Core","WarpedTongs","Frozen Egg 2","Velvet Choker","Nloth\u0027s Gift","Smiling Mask","Dream Catcher","Girya","Nuclear Battery","Question Card","Omamori"],"potions_floor_usage":[18,22,33,33,33,38,50,50],"damage_taken":[{"damage":0,"enemies":"Small Slimes","floor":1,"turns":3},{"damage":0,"enemies":"Cultist","floor":3,"turns":3},{"damage":0,"enemies":"2 Louse","floor":5,"turns":2},{"damage":0,"enemies":"Lots of Slimes","floor":11,"turns":4},{"damage":0,"enemies":"Lagavulin","floor":12,"turns":7},{"damage":0,"enemies":"Red Slaver","floor":13,"turns":4},{"damage":0,"enemies":"Gremlin Gang","floor":14,"turns":3},{"damage":0,"enemies":"Hexaghost","floor":16,"turns":9},{"damage":7,"enemies":"Spheric Guardian","floor":18,"turns":4},{"damage":8,"enemies":"Chosen","floor":19,"turns":5},{"damage":9,"enemies":"Centurion and Healer","floor":21,"turns":5},{"damage":0,"enemies":"Sentry and Sphere","floor":22,"turns":5},{"damage":0,"enemies":"Snecko","floor":24,"turns":4},{"damage":1,"enemies":"3 Cultists","floor":27,"turns":5},{"damage":23,"enemies":"Slavers","floor":28,"turns":7},{"damage":8,"enemies":"Snake Plant","floor":30,"turns":3},{"damage":8,"enemies":"Collector","floor":33,"turns":8},{"damage":10,"enemies":"Orb Walker","floor":35,"turns":4},{"damage":0,"enemies":"3 Shapes","floor":36,"turns":3},{"damage":0,"enemies":"Sphere and 2 Shapes","floor":38,"turns":7},{"damage":6,"enemies":"Maw","floor":39,"turns":8},{"damage":6,"enemies":"Giant Head","floor":41,"turns":9},{"damage":0,"enemies":"Spire Growth","floor":45,"turns":5},{"damage":2,"enemies":"4 Shapes","floor":46,"turns":6},{"damage":0,"enemies":"Maw","floor":47,"turns":10},{"damage":0,"enemies":"Donu and Deca","floor":50,"turns":13}],"seed_played":"-2149912566222791641","potions_obtained":[{"floor":1,"key":"Regen Potion"},{"floor":3,"key":"GamblersBrew"},{"floor":11,"key":"Ancient Potion"},{"floor":19,"key":"EssenceOfSteel"},{"floor":28,"key":"FocusPotion"},{"floor":35,"key":"SpeedPotion"},{"floor":36,"key":"Swift Potion"},{"floor":46,"key":"Block Potion"}],"is_trial":false,"path_per_floor":["M","$","M","?","M","R","$","R","T","?","M","E","M","M","R","B",null,"M","M","?","M","M","R","M","R","T","M","E","?","M","$","R","B",null,"M","M","?","M","M","R","E","$","T","R","M","M","M","$","R","B",null],"character_chosen":"DEFECT","items_purchased":["Capacitor","Girya","FocusPotion","FocusPotion","Tempest"],"campfire_rested":1,"item_purchase_floors":[2,31,42,42,48],"current_hp_per_floor":[73,72,71,70,69,68,67,66,65,64,63,62,61,60,59,58,57,56,48,48,46,52,51,50,49,48,47,24,24,16,16,28,20,40,37,37,37,36,30,30,31,31,31,30,29,28,27,26,25,24],"gold":66,"neow_bonus":"","is_prod":false,"is_daily":true,"chose_seed":false,"campfire_upgraded":5,"win_rate":1,"timestamp":1571150380,"path_taken":["M","$","M","?","M","R","?","R","T","?","M","E","M","M","R","BOSS","M","M","?","?","M","R","M","R","T","M","E","?","M","$","R","BOSS","M","M","?","M","?","R","E","?","T","R","M","M","M","$","R","BOSS"],"build_version":"2019-07-17","purchased_purges":1,"victory":true,"max_hp_per_floor":[73,72,71,70,69,68,67,66,65,64,63,62,61,60,59,58,57,56,55,54,53,52,51,50,49,48,47,46,45,44,43,42,41,40,39,38,37,36,35,34,33,32,31,30,29,28,27,26,25,24],"card_choices":[{"not_picked":["Go for the Eyes","Beam Cell","Leap"],"picked":"SKIP","floor":1},{"not_picked":["Go for the Eyes","Stack"],"picked":"Hello World","floor":3},{"not_picked":["Glacier","Redo"],"picked":"Blizzard","floor":5},{"not_picked":["Coolheaded","Go for the Eyes"],"picked":"Steam","floor":11},{"not_picked":["Self Repair+1","Cold Snap"],"picked":"Buffer+1","floor":12},{"not_picked":["Redo","Beam Cell"],"picked":"Steam","floor":13},{"not_picked":["Compile Driver","Coolheaded"],"picked":"White Noise","floor":14},{"not_picked":["Hyperbeam","Machine Learning+1"],"picked":"Creative AI+1","floor":16},{"not_picked":["Recycle","Streamline+1"],"picked":"Barrage+1","floor":18},{"not_picked":["Streamline+1","Compile Driver"],"picked":"Sweeping Beam+1","floor":19},{"not_picked":["Ball Lightning","Stack+1"],"picked":"Defragment+1","floor":21},{"not_picked":["Doom and Gloom","Sweeping Beam"],"picked":"Hello World+1","floor":22},{"not_picked":["Stack","Rip and Tear"],"picked":"Rebound+1","floor":24},{"not_picked":["Sunder+1","Rainbow"],"picked":"Aggregate","floor":27},{"not_picked":["Fusion","Beam Cell","Sweeping Beam"],"picked":"SKIP","floor":28},{"not_picked":["Streamline+1","Blizzard"],"picked":"Loop+1","floor":30},{"not_picked":["Rip and Tear+1","Ball Lightning+1"],"picked":"Barrage","floor":32},{"not_picked":["Hyperbeam","Core Surge"],"picked":"Buffer+1","floor":33},{"not_picked":["Conserve Battery+1","Ball Lightning"],"picked":"Chill+1","floor":35},{"not_picked":["Compile Driver+1","Go for the Eyes+1"],"picked":"Static Discharge+1","floor":36},{"not_picked":["Skim+1","Sweeping Beam"],"picked":"Meteor Strike","floor":38},{"not_picked":["Conserve Battery+1","Rebound"],"picked":"Blizzard","floor":39},{"not_picked":["Hologram+1","Rebound+1"],"picked":"Core Surge","floor":41},{"not_picked":["Force Field+1","Turbo+1","Barrage"],"picked":"Stack","floor":45},{"not_picked":["Compile Driver+1","Doom and Gloom","Self Repair+1"],"picked":"Loop+1","floor":46},{"not_picked":["Consume","Chaos","Beam Cell+1"],"picked":"Hello World+1","floor":47}],"player_experience":21635,"relics_obtained":[{"floor":9,"key":"Frozen Egg 2"},{"floor":12,"key":"Lantern"},{"floor":26,"key":"Smiling Mask"},{"floor":28,"key":"Dream Catcher"},{"floor":41,"key":"Question Card"},{"floor":43,"key":"Omamori"}],"event_choices":[{"damage_healed":0,"gold_gain":0,"player_choice":"Rummage","damage_taken":0,"relics_obtained":["WarpedTongs"],"max_hp_gain":0,"max_hp_loss":0,"event_name":"Accursed Blacksmith","floor":4,"gold_loss":0,"cards_obtained":["Pain"]},{"cards_removed":["Beam Cell"],"damage_healed":5,"gold_gain":0,"player_choice":"Offered Common","damage_taken":0,"max_hp_gain":0,"max_hp_loss":0,"event_name":"Bonfire Elementals","floor":10,"gold_loss":0},{"cards_removed":["Beam Cell"],"damage_healed":5,"gold_gain":0,"player_choice":"Offered Special","damage_taken":0,"max_hp_gain":0,"max_hp_loss":0,"event_name":"Bonfire Elementals","floor":10,"gold_loss":0},{"damage_healed":0,"gold_gain":0,"player_choice":"Traded Relic","damage_taken":0,"relics_obtained":["Nloth\u0027s Gift"],"max_hp_gain":0,"max_hp_loss":0,"event_name":"N\u0027loth","floor":20,"relics_lost":["Lantern"],"gold_loss":0},{"damage_healed":0,"gold_gain":0,"player_choice":"Ignored","damage_taken":0,"max_hp_gain":0,"max_hp_loss":0,"event_name":"Beggar","floor":29,"gold_loss":0},{"damage_healed":0,"gold_gain":0,"player_choice":"Upgraded Two","damage_taken":0,"max_hp_gain":0,"max_hp_loss":0,"event_name":"Designer","floor":37,"gold_loss":40,"cards_upgraded":["Fusion","Skim"]}],"is_beta":false,"boss_relics":[{"not_picked":["Astrolabe","Empty Cage"],"picked":"Velvet Choker"},{"not_picked":["Tiny House","Philosopher\u0027s Stone"],"picked":"Nuclear Battery"}],"items_purged_floors":[7],"is_endless":false,"potions_floor_spawned":[1,3,11,19,21,28,35,36,45,46],"ascension_level":0}