{"gold_per_floor":[114,134,134,134,134,134,169,169,192,204,204,204,219,86,86,165,165,177,177],"floor_reached":19,"playtime":710,"items_purged":["Strike_B"],"score":323,"play_id":"75ca7361-95ee-4896-b40a-24cc9fcf7c7a","local_time":"20190518122316","is_ascension_mode":true,"campfire_choices":[{"data":"Capacitor","floor":6,"key":"SMITH"},{"data":"Zap","floor":8,"key":"SMITH"},{"data":"Barrage","floor":11,"key":"SMITH"},{"data":"Loop","floor":15,"key":"SMITH"}],"neow_cost":"NONE","seed_source_timestamp":290828419679655,"circlet_count":0,"master_deck":["AscendersBane","Strike_B","Strike_B","Defend_B","Defend_B","Defend_B","Defend_B","Zap+1","Capacitor+1","Barrage+1","Beam Cell","Loop+1","Bandage Up","Machine Learning"],"relics":["Cracked Core","NeowsBlessing","Happy Flower","Smiling Mask","Philosopher\u0027s Stone"],"potions_floor_usage":[13,16,19],"damage_taken":[{"damage":0,"enemies":"2 Louse","floor":1,"turns":1},{"damage":0,"enemies":"Small Slimes","floor":2,"turns":1},{"damage":0,"enemies":"Gremlin Nob","floor":7,"turns":1},{"damage":4,"enemies":"Jaw Worm","floor":10,"turns":4},{"damage":4,"enemies":"Red Slaver","floor":13,"turns":3},{"damage":41,"enemies":"Slime Boss","floor":16,"turns":6},{"damage":25,"enemies":"Spheric Guardian","floor":18,"turns":4},{"damage":45,"enemies":"3 Byrds","floor":19,"turns":3}],"seed_played":"-9150144326604160623","potions_obtained":[{"floor":2,"key":"SkillPotion"},{"floor":7,"key":"Strength Potion"},{"floor":16,"key":"FocusPotion"}],"is_trial":false,"path_per_floor":["M","M","?","?","?","R","E","R","T","M","R","?","M","$","R","B",null,"M","M"],"character_chosen":"DEFECT","items_purchased":["Bandage Up"],"campfire_rested":0,"item_purchase_floors":[14],"current_hp_per_floor":[64,64,57,57,62,62,62,62,62,58,58,58,54,54,54,17,61,40,0],"gold":177,"neow_bonus":"THREE_ENEMY_KILL","is_prod":false,"is_daily":false,"chose_seed":false,"campfire_upgraded":4,"win_rate":0,"timestamp":1558207396,"path_taken":["M","M","?","?","?","R","E","R","T","M","R","?","M","$","R","BOSS","M","M"],"build_version":"2019-01-23","purchased_purges":1,"victory":false,"max_hp_per_floor":[71,71,71,71,76,76,76,76,76,76,76,76,76,76,76,76,76,76,76],"card_choices":[{"not_picked":["Gash","Defragment"],"picked":"Capacitor","floor":1},{"not_picked":["Gash","Conserve Battery"],"picked":"Barrage","floor":2},{"not_picked":["Stack","Creative AI","Chaos"],"picked":"SKIP","floor":7},{"not_picked":["Aggregate","Auto Shields"],"picked":"Beam Cell","floor":10},{"not_picked":["Go for the Eyes","Ball Lightning"],"picked":"Loop","floor":13},{"not_picked":["Core Surge","Hyperbeam"],"picked":"Machine Learning","floor":16},{"not_picked":["Sweeping Beam+1","Beam Cell","Compile Driver"],"picked":"SKIP","floor":18}],"player_experience":1197157,"relics_obtained":[{"floor":7,"key":"Happy Flower"},{"floor":9,"key":"Smiling Mask"}],"event_choices":[{"cards_removed":["Dualcast"],"damage_healed":0,"gold_gain":0,"player_choice":"Card Removal","damage_taken":7,"max_hp_gain":0,"max_hp_loss":0,"event_name":"Golden Wing","floor":3,"gold_loss":0},{"cards_removed":["Strike_B"],"damage_healed":0,"gold_gain":0,"player_choice":"Forget","damage_taken":0,"max_hp_gain":0,"max_hp_loss":0,"event_name":"Living Wall","floor":4,"gold_loss":0},{"damage_healed":0,"gold_gain":0,"player_choice":"Donut","damage_taken":0,"max_hp_gain":5,"max_hp_loss":0,"event_name":"Big Fish","floor":5,"gold_loss":0},{"damage_healed":0,"gold_gain":0,"player_choice":"Ignored","damage_taken":0,"max_hp_gain":0,"max_hp_loss":0,"event_name":"Golden Idol","floor":12,"gold_loss":0}],"is_beta":false,"boss_relics":[{"not_picked":["Velvet Choker","Astrolabe"],"picked":"Philosopher\u0027s Stone"}],"items_purged_floors":[14],"is_endless":false,"potions_floor_spawned":[2,7,16],"killed_by":"3 Byrds","ascension_level":14}