{"gold_per_floor":[118,136,146,166,183,183,211,225,301,301,333,333,361,379,379,482,482,499,499,2,21,31,31],"floor_reached":23,"playtime":1216,"items_purged":[],"score":215,"play_id":"2ab86d6d-73ca-4d7b-ae7b-8e1ccec99543","local_time":"20191008204425","is_ascension_mode":false,"campfire_choices":[{"data":"Rage","floor":6,"key":"SMITH"},{"floor":15,"key":"REST"}],"neow_cost":"NONE","seed_source_timestamp":8115972875100,"circlet_count":0,"master_deck":["Strike_R","Strike_R","Strike_R","Strike_R","Strike_R","Defend_R","Defend_R","Defend_R","Defend_R","Bash","Twin Strike","Cleave","Rage+1","Clothesline","Armaments","Clash","Burning Pact","Headbutt","Whirlwind","Limit Break","Double Tap","Flame Barrier","Metallicize","Iron Wave+1","Clash+1","Iron Wave+1"],"relics":["Black Blood","Juzu Bracelet","Ornamental Fan","Matryoshka","Potion Belt","WingedGreaves","Question Card","PreservedInsect","Molten Egg 2","Dream Catcher"],"potions_floor_usage":[16,16,16,16,16],"damage_taken":[{"damage":2,"enemies":"Small Slimes","floor":1,"turns":3},{"damage":5,"enemies":"Jaw Worm","floor":2,"turns":4},{"damage":6,"enemies":"Cultist","floor":3,"turns":3},{"damage":6,"enemies":"2 Fungi Beasts","floor":4,"turns":4},{"damage":6,"enemies":"Blue Slaver","floor":5,"turns":4},{"damage":30,"enemies":"Lagavulin","floor":7,"turns":9},{"damage":2,"enemies":"Exordium Thugs","floor":8,"turns":4},{"damage":20,"enemies":"Gremlin Nob","floor":11,"turns":5},{"damage":36,"enemies":"Lagavulin","floor":13,"turns":7},{"damage":8,"enemies":"Large Slime","floor":14,"turns":5},{"damage":39,"enemies":"Hexaghost","floor":16,"turns":13},{"damage":16,"enemies":"Spheric Guardian","floor":18,"turns":4},{"damage":31,"enemies":"Chosen","floor":21,"turns":7},{"damage":41,"enemies":"Sentry and Sphere","floor":22,"turns":10},{"damage":33,"enemies":"Gremlin Leader","floor":23,"turns":5}],"seed_played":"-1293076407106859733","potions_obtained":[{"floor":2,"key":"Swift Potion"},{"floor":3,"key":"Regen Potion"},{"floor":7,"key":"Dexterity Potion"},{"floor":12,"key":"SkillPotion"},{"floor":12,"key":"GamblersBrew"},{"floor":16,"key":"PowerPotion"}],"is_trial":false,"path_per_floor":["M","M","M","M","M","R","E","M","T","?","E","?","E","M","R","B",null,"M","T","$","M","M","E"],"character_chosen":"IRONCLAD","items_purchased":["Molten Egg 2","Dream Catcher","Metallicize","Iron Wave+1"],"campfire_rested":1,"item_purchase_floors":[20,20,20,20],"current_hp_per_floor":[80,80,80,80,80,80,56,60,60,65,51,51,21,19,44,26,85,79,79,79,58,27,0],"gold":31,"neow_bonus":"RANDOM_COMMON_RELIC","is_prod":false,"is_daily":false,"chose_seed":false,"campfire_upgraded":1,"win_rate":0.0,"timestamp":1570592665,"path_taken":["M","M","M","M","M","R","E","M","T","?","E","?","E","M","R","BOSS","M","?","$","M","M","E"],"build_version":"2019-07-17","purchased_purges":0,"victory":false,"max_hp_per_floor":[80,80,80,80,80,80,80,80,80,85,85,85,85,85,85,85,85,85,85,85,85,85,85],"card_choices":[{"not_picked":["Wild Strike","Warcry"],"picked":"Twin Strike","floor":1},{"not_picked":["Havoc","Wild Strike"],"picked":"Cleave","floor":2},{"not_picked":["Power Through","Body Slam"],"picked":"Rage","floor":3},{"not_picked":["Rupture","Bludgeon"],"picked":"Clothesline","floor":4},{"not_picked":["Twin Strike","Dual Wield"],"picked":"Armaments","floor":5},{"not_picked":["Berserk","Clothesline"],"picked":"Clash","floor":7},{"not_picked":["Shrug It Off","Wild Strike"],"picked":"Burning Pact","floor":8},{"not_picked":["Fire Breathing","Bloodletting"],"picked":"Headbutt","floor":11},{"not_picked":["Metallicize","Thunderclap"],"picked":"Whirlwind","floor":13},{"not_picked":["Clash","Heavy Blade"],"picked":"Limit Break","floor":14},{"not_picked":["Juggernaut","Dark Embrace"],"picked":"Double Tap","floor":16},{"not_picked":["True Grit","Heavy Blade"],"picked":"Flame Barrier","floor":18},{"not_picked":["Wild Strike+1","Combust+1","Headbutt+1"],"picked":"Clash+1","floor":21},{"not_picked":["Sword Boomerang+1","Whirlwind+1","Headbutt+1"],"picked":"Iron Wave+1","floor":22}],"player_experience":30855,"relics_obtained":[{"floor":7,"key":"Ornamental Fan"},{"floor":9,"key":"Matryoshka"},{"floor":11,"key":"Potion Belt"},{"floor":13,"key":"WingedGreaves"},{"floor":19,"key":"Question Card"},{"floor":19,"key":"PreservedInsect"}],"event_choices":[{"damage_healed":0,"gold_gain":0,"player_choice":"Donut","damage_taken":0,"max_hp_gain":5,"max_hp_loss":0,"event_name":"Big Fish","floor":10,"gold_loss":0},{"damage_healed":0,"gold_gain":0,"player_choice":"Got Potions","damage_taken":0,"max_hp_gain":0,"max_hp_loss":0,"event_name":"Lab","floor":12,"gold_loss":0}],"is_beta":false,"boss_relics":[{"not_picked":["Busted Crown","Runic Pyramid"],"picked":"Black Blood"}],"items_purged_floors":[],"is_endless":false,"potions_floor_spawned":[2,3,7,8,16],"killed_by":"Gremlin Leader","ascension_level":0}