{"path_per_floor":["M","M","$","M","M","?","M","R","T","M","R","M","R","E","R","B",null,"M","$","M","?","?","E","$","R","T","T","R","M"],"character_chosen":"DEFECT","items_purchased":["Defragment","Capacitor","Consume"],"gold_per_floor":[112,132,21,31,50,0,18,18,100,114,114,133,133,161,161,259,259,274,174,186,111,111,144,39,39,39,87,87,97,97],"floor_reached":30,"campfire_rested":1,"playtime":1630,"item_purchase_floors":[3,24,24],"current_hp_per_floor":[75,67,67,67,51,51,47,47,47,39,39,38,60,54,54,43,75,63,63,52,52,52,30,30,30,30,30,30,19,0],"items_purged":["Dualcast","Strike_B"],"gold":97,"score":263,"play_id":"ebbb2a99-2618-43fe-9fcb-579e46781556","local_time":"20180607213631","is_prod":false,"is_daily":false,"chose_seed":false,"is_ascension_mode":true,"campfire_upgraded":5,"win_rate":0,"timestamp":1528432591,"campfire_choices":[{"data":"Defragment","floor":8,"key":"SMITH"},{"data":"Fusion","floor":11,"key":"SMITH"},{"floor":13,"key":"REST"},{"data":"Zap","floor":15,"key":"SMITH"},{"data":"Capacitor","floor":25,"key":"SMITH"},{"data":"Consume","floor":28,"key":"SMITH"}],"path_taken":["M","M","?","M","M","?","M","R","T","M","R","M","R","E","R","BOSS","M","$","M","?","?","E","$","R","T","?","R","M","M"],"build_version":"2018-06-07","seed_source_timestamp":9141544058570,"purchased_purges":2,"victory":false,"master_deck":["Defend_B","Defend_B","Defend_B","Defend_B","Zap+1","Tempest","Ball Lightning+1","Chill","Defragment+1","Loop","Reboot","Fusion+1","Auto Shields","Echo Form+1","BootSequence","Capacitor+1","Consume+1","Leap"],"max_hp_per_floor":[75,75,75,75,75,75,75,75,75,75,75,75,75,75,75,75,75,75,75,75,75,75,75,75,75,75,75,75,75,75],"relics":["Cracked Core","Molten Egg 2","Ginger","Busted Crown","Whetstone","Omamori","Orichalcum"],"card_choices":[{"not_picked":["Static Discharge","Sweeping Beam"],"picked":"Ball Lightning","floor":1},{"not_picked":["Stack","Beam Cell"],"picked":"Chill","floor":2},{"not_picked":["Rip and Tear","Hologram"],"picked":"Loop","floor":4},{"not_picked":["Cold Snap","Blizzard"],"picked":"Reboot","floor":5},{"not_picked":["Go for the Eyes","Ball Lightning","Conserve Battery"],"picked":"SKIP","floor":7},{"not_picked":["Streamline+1","Gash+1"],"picked":"Fusion","floor":10},{"not_picked":["Conserve Battery","White Noise","Turbo"],"picked":"SKIP","floor":12},{"not_picked":["Turbo","Conserve Battery"],"picked":"Auto Shields","floor":14},{"not_picked":["Fission","Rainbow"],"picked":"Echo Form","floor":16},{"not_picked":[],"picked":"BootSequence","floor":18},{"not_picked":["Steam"],"picked":"SKIP","floor":20},{"not_picked":["Steam"],"picked":"SKIP","floor":23},{"not_picked":[],"picked":"Leap","floor":29}],"player_experience":383511,"potions_floor_usage":[14,14,23,23],"damage_taken":[{"damage":0,"enemies":"Cultist","floor":1,"turns":3},{"damage":8,"enemies":"Small Slimes","floor":2,"turns":2},{"damage":0,"enemies":"Jaw Worm","floor":4,"turns":3},{"damage":16,"enemies":"Exordium Thugs","floor":5,"turns":5},{"damage":4,"enemies":"Blue Slaver","floor":7,"turns":4},{"damage":8,"enemies":"3 Louse","floor":10,"turns":4},{"damage":1,"enemies":"2 Fungi Beasts","floor":12,"turns":3},{"damage":6,"enemies":"Gremlin Nob","floor":14,"turns":3},{"damage":11,"enemies":"Slime Boss","floor":16,"turns":10},{"damage":12,"enemies":"3 Byrds","floor":18,"turns":3},{"damage":11,"enemies":"Shell Parasite","floor":20,"turns":5},{"damage":22,"enemies":"Slavers","floor":23,"turns":5},{"damage":11,"enemies":"Snecko","floor":29,"turns":5},{"damage":21,"enemies":"Slaver and Parasite","floor":30,"turns":2}],"relics_obtained":[{"floor":9,"key":"Molten Egg 2"},{"floor":14,"key":"Ginger"},{"floor":23,"key":"Whetstone"},{"floor":26,"key":"Omamori"},{"floor":27,"key":"Orichalcum"}],"event_choices":[{"event_name":"The Cleric","player_choice":"Card Removal","floor":6,"damage_taken":0},{"event_name":"Beggar","player_choice":"Gave Gold","floor":21,"damage_taken":0},{"event_name":"Upgrade Shrine","player_choice":"Upgraded","floor":22,"damage_taken":0}],"boss_relics":[{"not_picked":["Runic Dome","Pandora\u0027s Box"],"picked":"Busted Crown"}],"items_purged_floors":[3,19],"potions_floor_spawned":[1,7,10,16,18,20],"seed_played":"-5904603207325560813","killed_by":"Slaver and Parasite","ascension_level":1,"potions_obtained":[{"floor":1,"key":"Strength Potion"},{"floor":7,"key":"Weak Potion"},{"floor":10,"key":"SteroidPotion"},{"floor":16,"key":"FocusPotion"},{"floor":18,"key":"Dexterity Potion"}],"is_trial":false}