{"path_per_floor":["M","M","?","M","$","E","R","M","T","R","$","R","?","$","R","B",null,"M","?","M","M","?","R","M","R","T","E","R","M","M","M","R","B",null,"M","$","?","M","M","R","M","R","T","M","M","R","M","?","R","B"],"character_chosen":"DEFECT","items_purchased":["Vajra","Hologram","Defragment","Mummified Hand","Conserve Battery"],"gold_per_floor":[117,135,235,255,26,60,60,74,74,74,24,24,24,24,24,124,124,140,140,159,172,172,172,186,186,210,242,242,255,270,286,286,382,412,428,14,0,19,29,29,49,49,101,121,132,132,149,149,149,149],"floor_reached":51,"campfire_rested":2,"playtime":9860,"item_purchase_floors":[5,11,36,36,36],"current_hp_per_floor":[75,75,75,75,75,42,42,29,29,29,29,29,29,29,51,39,75,71,71,75,53,53,53,67,67,74,51,51,48,58,50,76,80,95,73,73,73,83,88,88,97,97,97,97,99,99,99,99,99,59],"items_purged":["Strike_B","Dualcast"],"gold":149,"score":839,"play_id":"bb76bce3-d224-4a32-ac25-35f681182820","local_time":"20180609170035","is_prod":false,"is_daily":false,"chose_seed":false,"is_ascension_mode":true,"campfire_upgraded":10,"win_rate":0,"timestamp":1528588835,"campfire_choices":[{"data":"Zap","floor":7,"key":"SMITH"},{"data":"Buffer","floor":10,"key":"SMITH"},{"data":"Hologram","floor":12,"key":"SMITH"},{"floor":15,"key":"REST"},{"data":"RitualDagger","floor":23,"key":"SMITH"},{"data":"Electrodynamics","floor":25,"key":"SMITH"},{"data":"Reinforced Body","floor":28,"key":"SMITH"},{"floor":32,"key":"REST"},{"data":"Defragment","floor":40,"key":"SMITH"},{"data":"Chill","floor":42,"key":"SMITH"},{"data":"Conserve Battery","floor":46,"key":"SMITH"},{"data":"Master of Strategy","floor":49,"key":"SMITH"}],"path_taken":["M","M","?","M","?","E","R","?","T","R","$","R","?","?","R","BOSS","M","?","M","M","?","R","M","R","T","E","R","M","M","M","R","BOSS","M","$","?","M","M","R","M","R","T","M","?","R","M","?","R","BOSS"],"build_version":"2018-06-07v3","seed_source_timestamp":0,"purchased_purges":2,"victory":true,"master_deck":["Strike_B+1","Strike_B+1","Strike_B+1","Defend_B+1","Defend_B+1","Defend_B+1","Zap+1","Reinforced Body+1","Buffer+1","FTL+1","Hologram+1","Electrodynamics+1","Self Repair+1","Defend_B","RitualDagger+1","Chill+1","BootSequence","Leap+1","Defragment+1","Conserve Battery+1","Tempest+1","Capacitor+1","Core Surge","Glacier+1","Master of Strategy+1"],"max_hp_per_floor":[75,75,75,75,75,75,75,75,75,75,75,75,75,75,75,75,75,75,75,75,75,75,75,75,75,82,84,84,86,86,88,88,90,95,95,95,95,95,95,95,97,97,97,97,99,99,99,99,99,99],"relics":["Cracked Core","NeowsBlessing","Vajra","Smiling Mask","Toolbox","Runic Pyramid","Strawberry","Singing Bowl","Tiny House","Mummified Hand","Red Mask","Bag of Marbles"],"card_choices":[{"not_picked":["Stack","Reprogram"],"picked":"Reinforced Body","floor":1},{"not_picked":["Undo","Conserve Battery","Redo"],"picked":"SKIP","floor":2},{"not_picked":["Barrage","Conserve Battery","Scrape"],"picked":"SKIP","floor":4},{"not_picked":["Compile Driver","Gash"],"picked":"Buffer","floor":6},{"not_picked":["Streamline","Rebound"],"picked":"FTL","floor":8},{"not_picked":["Seek","Creative AI"],"picked":"Electrodynamics","floor":16},{"not_picked":["Heatsinks","Beam Cell"],"picked":"Self Repair+1","floor":18},{"not_picked":["Reinforced Body","Barrage","Rebound"],"picked":"SKIP","floor":20},{"not_picked":["Reprogram+1","Compile Driver","Stack+1"],"picked":"SKIP","floor":21},{"not_picked":["Steam","Turbo","Rebound"],"picked":"SKIP","floor":24},{"not_picked":["Static Discharge","Self Repair","Lockon"],"picked":"Singing Bowl","floor":27},{"not_picked":["Beam Cell","Hologram","Chill"],"picked":"Singing Bowl","floor":29},{"not_picked":["Compile Driver+1","Conserve Battery+1"],"picked":"Chill","floor":30},{"not_picked":["Consume","Stack","Reprogram"],"picked":"Singing Bowl","floor":31},{"not_picked":["Fission","Multi-Cast","Machine Learning"],"picked":"Singing Bowl","floor":33},{"not_picked":["FTL","Go for the Eyes"],"picked":"BootSequence","floor":34},{"not_picked":["Sunder","Coolheaded"],"picked":"Leap+1","floor":35},{"not_picked":["Go for the Eyes","Conserve Battery+1"],"picked":"Tempest+1","floor":38},{"not_picked":["Coolheaded+1","Reinforced Body+1"],"picked":"Capacitor+1","floor":39},{"not_picked":["Sweeping Beam+1","Beam Cell","Streamline"],"picked":"Singing Bowl","floor":41},{"not_picked":["Turbo+1","Hologram+1"],"picked":"Core Surge","floor":44},{"not_picked":["Hologram+1","Turbo+1","FTL"],"picked":"Singing Bowl","floor":45},{"not_picked":["Barrage+1","Steam+1"],"picked":"Glacier+1","floor":47},{"not_picked":["Bandage Up","Magnetism"],"picked":"Master of Strategy","floor":48}],"player_experience":394974,"potions_floor_usage":[6,27,33,50],"damage_taken":[{"damage":0,"enemies":"Small Slimes","floor":1,"turns":1},{"damage":0,"enemies":"Cultist","floor":2,"turns":1},{"damage":0,"enemies":"2 Louse","floor":4,"turns":1},{"damage":33,"enemies":"Gremlin Nob","floor":6,"turns":4},{"damage":13,"enemies":"Exordium Thugs","floor":8,"turns":6},{"damage":12,"enemies":"The Guardian","floor":16,"turns":11},{"damage":4,"enemies":"3 Byrds","floor":18,"turns":2},{"damage":0,"enemies":"Shell Parasite","floor":20,"turns":9},{"damage":32,"enemies":"Snake Plant","floor":21,"turns":5},{"damage":0,"enemies":"Centurion and Healer","floor":24,"turns":8},{"damage":25,"enemies":"Slavers","floor":27,"turns":3},{"damage":15,"enemies":"Snecko","floor":29,"turns":6},{"damage":0,"enemies":"Cultist and Chosen","floor":30,"turns":5},{"damage":20,"enemies":"Snake Plant","floor":31,"turns":3},{"damage":8,"enemies":"Collector","floor":33,"turns":9},{"damage":32,"enemies":"3 Darklings","floor":35,"turns":5},{"damage":0,"enemies":"3 Shapes","floor":38,"turns":6},{"damage":5,"enemies":"3 Darklings","floor":39,"turns":4},{"damage":0,"enemies":"Maw","floor":41,"turns":7},{"damage":0,"enemies":"Sphere and 2 Shapes","floor":44,"turns":4},{"damage":0,"enemies":"4 Shapes","floor":45,"turns":6},{"damage":0,"enemies":"Maw","floor":47,"turns":7},{"damage":50,"enemies":"Time Eater","floor":50,"turns":17}],"relics_obtained":[{"floor":6,"key":"Smiling Mask"},{"floor":9,"key":"Toolbox"},{"floor":26,"key":"Strawberry"},{"floor":27,"key":"Singing Bowl"},{"floor":43,"key":"Bag of Marbles"}],"event_choices":[{"event_name":"Golden Shrine","player_choice":"Pray","floor":3,"damage_taken":0},{"event_name":"The Lab","player_choice":"Got Potions","floor":13,"damage_taken":0},{"event_name":"Back to Basics","player_choice":"Simplicity","floor":19,"damage_taken":0},{"event_name":"Nest","player_choice":"Joined the Cult","floor":22,"damage_taken":0},{"event_name":"Tomb of Lord Red Mask","player_choice":"Paid","floor":37,"damage_taken":0},{"event_name":"SensoryStone","player_choice":"Memory 1","floor":48,"damage_taken":0}],"boss_relics":[{"not_picked":["Calling Bell","Black Star"],"picked":"Runic Pyramid"},{"not_picked":["Snecko Eye","Cursed Key"],"picked":"Tiny House"}],"items_purged_floors":[5,36],"potions_floor_spawned":[2,4,18,21,30,31,33,35,38],"seed_played":"8020491389310652004","ascension_level":3,"potions_obtained":[{"floor":2,"key":"Swift Potion"},{"floor":4,"key":"Strength Potion"},{"floor":13,"key":"Weak Potion"},{"floor":13,"key":"Fire Potion"},{"floor":21,"key":"FocusPotion"},{"floor":30,"key":"Swift Potion"},{"floor":33,"key":"LiquidBronze"}],"is_trial":false}