{"gold_per_floor":[114,114,37,87,101,128,128,139,139,139,119,144,144,164,164,243,243,262,295,295,43,43,43,78,78,150,150],"floor_reached":27,"playtime":7011,"items_purged":[],"score":458,"play_id":"4a269e51-4c44-4aed-a95a-692066d56657","local_time":"20190727125325","is_ascension_mode":true,"campfire_choices":[{"floor":7,"key":"REST"},{"floor":10,"key":"REST"},{"floor":13,"key":"REST"},{"floor":15,"key":"REST"},{"floor":23,"key":"REST"},{"floor":25,"key":"REST"}],"neow_cost":"NONE","seed_source_timestamp":0,"circlet_count":0,"master_deck":["AscendersBane","Strike_B","Strike_B","Strike_B","Strike_B","Defend_B","Defend_B","Defend_B","Defend_B","Zap","Dualcast","Hologram","Defragment","Capacitor","Force Field","Coolheaded","Electrodynamics","Chill","Streamline+1","Creative AI","Rebound+1","Cold Snap+1","Defragment","Blizzard+1","Sweeping Beam+1","Turbo","Fusion"],"special_seed":0,"relics":["Cracked Core","Molten Egg 2","Ornamental Fan","Incense Burner","Inserter","Red Mask","MutagenicStrength","Question Card","Kunai"],"potions_floor_usage":[16],"damage_taken":[{"damage":2.0,"enemies":"2 Louse","floor":1.0,"turns":3.0},{"damage":15,"enemies":"Small Slimes","floor":5,"turns":4},{"damage":45,"enemies":"3 Sentries","floor":6,"turns":13},{"damage":0,"enemies":"Cultist","floor":8,"turns":5},{"damage":34,"enemies":"Lagavulin","floor":12,"turns":6},{"damage":2,"enemies":"3 Louse","floor":14,"turns":4},{"damage":34,"enemies":"Slime Boss","floor":16,"turns":6},{"damage":10,"enemies":"Chosen","floor":18,"turns":5},{"damage":18,"enemies":"Masked Bandits","floor":19,"turns":3},{"damage":42,"enemies":"Slavers","floor":24,"turns":4},{"damage":29,"enemies":"Shell Parasite","floor":27,"turns":3}],"seed_played":"5973414177697684451","potions_obtained":[{"floor":8,"key":"FocusPotion"},{"floor":11,"key":"EssenceOfSteel"},{"floor":16,"key":"Energy Potion"}],"is_trial":false,"path_per_floor":["M","?","$","?","M","E","R","M","T","R","?","E","R","M","R","B",null,"M","?","?","$","?","R","E","R","T","M"],"character_chosen":"DEFECT","items_purchased":["Capacitor","Defragment","Blizzard+1","Sweeping Beam+1","Turbo"],"campfire_rested":6,"item_purchase_floors":[3,21,21,21,21],"current_hp_per_floor":[62,62,62,62,47,2,23,23,23,44,44,10,31,29,50,16,57,47,29,29,29,29,50,8,29,29,0],"gold":150,"neow_bonus":"THREE_CARDS","is_prod":false,"is_daily":false,"chose_seed":false,"campfire_upgraded":0,"win_rate":0,"timestamp":1564257205,"path_taken":["M","?","$","?","M","E","R","?","T","R","?","E","R","M","R","BOSS","M","?","?","$","?","R","E","R","T","M"],"build_version":"2019-07-17","purchased_purges":0,"victory":false,"max_hp_per_floor":[71,71,71,71,71,71,71,71,71,71,71,71,71,71,71,71,71,71,71,71,71,71,71,71,71,71,71],"card_choices":[{"not_picked":["Redo","Auto Shields"],"picked":"Hologram","floor":0.0},{"not_picked":["Redo","Steam"],"picked":"Defragment","floor":1.0},{"not_picked":["Melter","Leap"],"picked":"Force Field","floor":5},{"not_picked":["FTL","Streamline"],"picked":"Coolheaded","floor":6},{"not_picked":["Stack","Steam"],"picked":"Electrodynamics","floor":8},{"not_picked":["Scrape+1","Sweeping Beam+1"],"picked":"Chill","floor":12},{"not_picked":["Hologram","Conserve Battery"],"picked":"Streamline+1","floor":14},{"not_picked":["Machine Learning","Core Surge+1"],"picked":"Creative AI","floor":16},{"not_picked":["Hologram","Steam"],"picked":"Rebound+1","floor":18},{"not_picked":["Go for the Eyes+1","Redo"],"picked":"Cold Snap+1","floor":19},{"not_picked":["Blizzard+1","Melter+1"],"picked":"Fusion","floor":24}],"player_experience":2376181,"relics_obtained":[{"floor":6,"key":"Molten Egg 2"},{"floor":9,"key":"Ornamental Fan"},{"floor":12,"key":"Incense Burner"},{"floor":19,"key":"Red Mask"},{"floor":24,"key":"Question Card"},{"floor":26,"key":"Kunai"}],"event_choices":[{"damage_healed":0.0,"max_hp_gain":0.0,"max_hp_loss":0.0,"gold_gain":0.0,"event_name":"Liars Game","player_choice":"Ignored","floor":2.0,"gold_loss":0.0,"damage_taken":0.0},{"damage_healed":0.0,"max_hp_gain":0.0,"max_hp_loss":0.0,"gold_gain":50.0,"event_name":"Golden Shrine","player_choice":"Pray","floor":4.0,"gold_loss":0.0,"damage_taken":0.0},{"damage_healed":0,"gold_gain":0,"player_choice":"Bought 1 Potion","damage_taken":0,"max_hp_gain":0,"max_hp_loss":0,"event_name":"The Woman in Blue","floor":11,"gold_loss":0},{"damage_healed":0,"gold_gain":0,"player_choice":"Fought Bandits","damage_taken":0,"max_hp_gain":0,"max_hp_loss":0,"event_name":"Masked Bandits","floor":19,"gold_loss":0},{"damage_healed":0,"gold_gain":0,"player_choice":"Ignored","damage_taken":0,"max_hp_gain":0,"max_hp_loss":0,"event_name":"Vampires","floor":20,"gold_loss":0},{"damage_healed":0,"gold_gain":0,"player_choice":"Inject Mutagens","damage_taken":0,"relics_obtained":["MutagenicStrength"],"max_hp_gain":0,"max_hp_loss":0,"event_name":"Drug Dealer","floor":22,"gold_loss":0}],"is_beta":false,"boss_relics":[{"not_picked":["FrozenCore","Eternal Feather"],"picked":"Inserter"}],"items_purged_floors":[],"is_endless":false,"potions_floor_spawned":[8,12,16],"killed_by":"Shell Parasite","ascension_level":19}