{"gold_per_floor":[119,119,139,158,158,185,185,214,239,68,68,86,100,117,117,218,218,238,5,5,5,5,5,32,32,32,61,61,76,76,76,76,179,179,199,211,171,182,182,182,193,222,222,245,264,21,40,54,54,54,54,54,3,38,38],"floor_reached":55,"playtime":7216,"items_purged":["Normality","Reckless Charge"],"score":1251,"play_id":"152dbbe3-a7aa-42c1-a805-28cd181a8f72","local_time":"20181231190927","is_ascension_mode":true,"campfire_choices":[{"data":"Iron Wave","floor":7,"key":"SMITH"},{"floor":11,"key":"REST"},{"floor":15,"key":"REST"},{"data":"Spot Weakness","floor":23,"key":"SMITH"},{"data":"Limit Break","floor":25,"key":"SMITH"},{"data":"Shrug It Off","floor":28,"key":"SMITH"},{"data":"Ghostly","floor":32,"key":"SMITH"},{"floor":40,"key":"RECALL"},{"floor":49,"key":"REST"},{"data":"Ghostly","floor":52,"key":"SMITH"}],"neow_cost":"NONE","seed_source_timestamp":948363784594057,"circlet_count":0,"master_deck":["AscendersBane","Bash","Spot Weakness+1","Iron Wave+1","Bash","Cleave+1","Heavy Blade+1","Trip","Shrug It Off+1","Shrug It Off","Inflame","Limit Break+1","Disarm","Dropkick","Inflame","Sentinel+1","Ghostly+1","Ghostly+1","Ghostly","Ghostly","Ghostly","Offering","Offering","Fire Breathing","Fire Breathing","Cleave","Armaments","Brutality","Metallicize","Exhume","Disarm","Heavy Blade+1","Headbutt+1","Sword Boomerang","Secret Technique","Pummel+1","Whirlwind","Shockwave","Rupture+1","Warcry","Exhume"],"relics":["Burning Blood","Potion Belt","Anchor","Vajra","Velvet Choker","Red Skull","Bag of Preparation","Whetstone","Orichalcum","Pandora\u0027s Box","Dream Catcher","Happy Flower","Omamori","Paper Frog"],"potions_floor_usage":[24,33,33,33,45,50,50,50,50,55],"damage_taken":[{"damage":12,"enemies":"Small Slimes","floor":1,"turns":4},{"damage":5,"enemies":"2 Louse","floor":3,"turns":4},{"damage":0,"enemies":"Cultist","floor":4,"turns":3},{"damage":25,"enemies":"3 Sentries","floor":6,"turns":7},{"damage":44,"enemies":"Lagavulin","floor":8,"turns":8},{"damage":0,"enemies":"Lots of Slimes","floor":12,"turns":4},{"damage":12,"enemies":"Large Slime","floor":13,"turns":5},{"damage":0,"enemies":"3 Louse","floor":14,"turns":4},{"damage":44,"enemies":"The Guardian","floor":16,"turns":9},{"damage":0,"enemies":"Chosen","floor":18,"turns":4},{"damage":21,"enemies":"Slavers","floor":24,"turns":4},{"damage":24,"enemies":"Gremlin Leader","floor":27,"turns":7},{"damage":12,"enemies":"2 Thieves","floor":29,"turns":3},{"damage":26,"enemies":"Automaton","floor":33,"turns":10},{"damage":4,"enemies":"3 Shapes","floor":35,"turns":4},{"damage":2,"enemies":"Orb Walker","floor":36,"turns":5},{"damage":5,"enemies":"Maw","floor":38,"turns":6},{"damage":4,"enemies":"4 Shapes","floor":41,"turns":3},{"damage":9,"enemies":"Nemesis","floor":42,"turns":5},{"damage":16,"enemies":"Sphere and 2 Shapes","floor":45,"turns":4},{"damage":8,"enemies":"Writhing Mass","floor":47,"turns":4},{"damage":9,"enemies":"Spire Growth","floor":48,"turns":5},{"damage":26,"enemies":"Donu and Deca","floor":50,"turns":5},{"damage":38,"enemies":"Shield and Spear","floor":54,"turns":7},{"damage":8,"enemies":"The Heart","floor":55,"turns":6}],"seed_played":"9165113956451411330","potions_obtained":[{"floor":3,"key":"Swift Potion"},{"floor":4,"key":"AttackPotion"},{"floor":8,"key":"SpeedPotion"},{"floor":13,"key":"GamblersBrew"},{"floor":14,"key":"Energy Potion"},{"floor":27,"key":"SpeedPotion"},{"floor":33,"key":"Explosive Potion"},{"floor":35,"key":"Regen Potion"},{"floor":41,"key":"Strength Potion"},{"floor":47,"key":"Block Potion"},{"floor":48,"key":"EssenceOfSteel"}],"is_trial":false,"path_per_floor":["M","?","M","M","?","E","R","E","T","$","R","M","M","M","R","B",null,"M","$","?","$","?","R","E","R","T","E","R","M","$","?","R","B",null,"M","M","?","M","?","R","M","E","T","T","M","$","M","M","R","B",null,"R","$","E","B"],"character_chosen":"IRONCLAD","items_purchased":["Trip","Dropkick","Red Skull","Whirlwind","Shockwave","Poison Potion"],"campfire_rested":3,"item_purchase_floors":[10,19,19,46,46,53],"current_hp_per_floor":[74,74,75,81,81,62,62,24,24,24,50,56,50,56,82,44,77,83,83,83,83,83,83,68,68,68,50,50,44,44,44,44,24,39,41,44,44,44,44,44,44,41,41,41,31,31,29,26,39,28,40,40,40,8,0],"gold":38,"neow_bonus":"TEN_PERCENT_HP_BONUS","is_prod":false,"is_daily":false,"chose_seed":false,"campfire_upgraded":6,"win_rate":0,"timestamp":1546312167,"path_taken":["M","?","M","M","?","E","R","E","T","$","R","?","M","M","R","BOSS","M","?","?","$","?","R","E","R","T","E","R","?","$","?","R","BOSS","M","M","?","?","?","R","M","E","T","?","M","$","M","?","R","BOSS","R","$","E","BOSS"],"build_version":"2018-12-20","purchased_purges":2,"victory":false,"max_hp_per_floor":[88,88,88,88,88,88,88,88,88,88,88,88,88,88,88,88,88,88,88,88,88,88,88,88,88,88,88,88,88,88,44,44,44,44,44,44,44,44,44,44,44,44,44,44,44,44,44,44,44,44,44,44,44,44,44],"card_choices":[{"not_picked":["Pommel Strike","Headbutt"],"picked":"Spot Weakness","floor":1},{"not_picked":["Second Wind","Anger"],"picked":"Reckless Charge","floor":3},{"not_picked":["True Grit","Evolve"],"picked":"Iron Wave","floor":4},{"not_picked":["Body Slam","Second Wind","Wild Strike"],"picked":"SKIP","floor":6},{"not_picked":["Twin Strike","Bludgeon"],"picked":"Heavy Blade","floor":8},{"not_picked":["Feel No Pain","Hemokinesis"],"picked":"Shrug It Off","floor":12},{"not_picked":["Clash","Havoc"],"picked":"Shrug It Off","floor":13},{"not_picked":["Intimidate","Clash"],"picked":"Inflame","floor":14},{"not_picked":["Juggernaut","Double Tap"],"picked":"Limit Break","floor":16},{"not_picked":["Body Slam","Metallicize"],"picked":"Disarm","floor":18},{"not_picked":["Body Slam+1","Entrench"],"picked":"Inflame","floor":24},{"not_picked":["Rampage+1","Hemokinesis"],"picked":"Sentinel+1","floor":27},{"not_picked":["Clash+1","Iron Wave","Havoc"],"picked":"SKIP","floor":29},{"not_picked":["Reaper","Limit Break"],"picked":"Offering","floor":33},{"not_picked":["Uppercut","Whirlwind+1"],"picked":"Heavy Blade","floor":35},{"not_picked":["Battle Trance","Entrench"],"picked":"Headbutt+1","floor":36},{"not_picked":["Battle Trance+1","Seeing Red"],"picked":"Sword Boomerang","floor":38},{"not_picked":["Dramatic Entrance","Forethought"],"picked":"Secret Technique","floor":39},{"not_picked":["Armaments","Headbutt+1"],"picked":"Pummel+1","floor":41},{"not_picked":["Dropkick+1","Anger+1","Pummel"],"picked":"SKIP","floor":42},{"not_picked":["Thunderclap+1","True Grit+1","Twin Strike"],"picked":"SKIP","floor":45},{"not_picked":["Power Through","Sentinel"],"picked":"Rupture+1","floor":47},{"not_picked":["Warcry","Perfected Strike+1","Sword Boomerang+1"],"picked":"SKIP","floor":48},{"not_picked":["Perfected Strike+1","Sword Boomerang+1"],"picked":"Warcry","floor":48},{"not_picked":["Infernal Blade+1","Fire Breathing+1"],"picked":"Exhume","floor":54}],"player_experience":568549,"relics_obtained":[{"floor":6,"key":"Potion Belt"},{"floor":8,"key":"Anchor"},{"floor":9,"key":"Vajra"},{"floor":24,"key":"Whetstone"},{"floor":27,"key":"Orichalcum"},{"floor":42,"key":"Dream Catcher"},{"floor":43,"key":"Happy Flower"},{"floor":44,"key":"Omamori"},{"floor":54,"key":"Paper Frog"}],"event_choices":[{"damage_healed":0,"gold_gain":0,"player_choice":"Ignored","damage_taken":0,"max_hp_gain":0,"max_hp_loss":0,"event_name":"Golden Wing","floor":2,"gold_loss":0},{"damage_healed":0,"gold_gain":0,"player_choice":"3 cards matched","damage_taken":0,"max_hp_gain":0,"max_hp_loss":0,"event_name":"Match and Keep!","floor":5,"gold_loss":0,"cards_obtained":["Normality","Bash","Cleave"]},{"damage_healed":0,"gold_gain":0,"player_choice":"Opened","damage_taken":0,"relics_obtained":["Bag of Preparation"],"max_hp_gain":0,"max_hp_loss":0,"event_name":"The Mausoleum","floor":20,"gold_loss":0,"cards_obtained":["Writhe"]},{"cards_removed":["Writhe"],"damage_healed":0,"gold_gain":0,"player_choice":"Removed Curses","damage_taken":0,"max_hp_gain":0,"max_hp_loss":0,"event_name":"Fountain of Cleansing","floor":22,"gold_loss":0},{"damage_healed":0,"gold_gain":0,"player_choice":"Became a Ghost","damage_taken":0,"max_hp_gain":0,"max_hp_loss":44,"event_name":"Ghosts","floor":31,"gold_loss":0,"cards_obtained":["Ghostly","Ghostly","Ghostly","Ghostly","Ghostly"]},{"damage_healed":0,"gold_gain":0,"player_choice":"Upgrade","damage_taken":0,"max_hp_gain":0,"max_hp_loss":0,"event_name":"Designer","floor":37,"gold_loss":40,"cards_upgraded":["Heavy Blade"]},{"damage_healed":0,"gold_gain":0,"player_choice":"Memory 1","damage_taken":0,"max_hp_gain":0,"max_hp_loss":0,"event_name":"SensoryStone","floor":39,"gold_loss":0}],"is_beta":false,"boss_relics":[{"not_picked":["Cursed Key","Mark of Pain"],"picked":"Velvet Choker"},{"not_picked":["White Beast Statue","Calling Bell"],"picked":"Pandora\u0027s Box"}],"items_purged_floors":[10,46],"is_endless":false,"potions_floor_spawned":[3,4,8,13,14,18,27,33,35,41,47,48],"killed_by":"The Heart","ascension_level":11}