{"gold_per_floor":[111,127,127,147,157,189,189,189,189,222,222,256,30,62,62,167,167,184,194,205,304,304,316,362,374,386,430,442,146,146,171,171,275,275,285,285,385,385,399,399,424,437,464,121,121,48,48,66,66,66,66,66,16,41,41],"floor_reached":56,"playtime":4349,"items_purged":[],"score":1567,"play_id":"67c0b44f-a12f-4f89-949c-4da93c2cb7ef","local_time":"20190804221808","is_ascension_mode":true,"campfire_choices":[{"floor":8,"key":"REST"},{"data":"Barricade","floor":11,"key":"SMITH"},{"data":"True Grit","floor":15,"key":"SMITH"},{"data":"Berserk","floor":23,"key":"SMITH"},{"data":"Feel No Pain","floor":25,"key":"SMITH"},{"floor":32,"key":"DIG"},{"floor":40,"key":"RECALL"},{"floor":47,"key":"DIG"},{"floor":49,"key":"DIG"},{"data":"Entrench","floor":52,"key":"SMITH"}],"neow_cost":"NONE","seed_source_timestamp":0,"circlet_count":0,"master_deck":["Strike_R","Strike_R","Strike_R","Strike_R","Defend_R","Defend_R","Defend_R","Bash","Burning Pact","True Grit+1","Sentinel","Feel No Pain+1","Evolve","Feed","Barricade+1","Infernal Blade","Disarm+1","Berserk+1","Immolate","Infernal Blade+1","Body Slam+1","Impervious+1","Flame Barrier","Pommel Strike+1","Feel No Pain+1","Shockwave","Bandage Up","Entrench","Shrug It Off","Madness","Madness","Entrench+1","Power Through+1"],"special_seed":0,"relics":["Burning Blood","StoneCalendar","Self Forming Clay","Gremlin Horn","Letter Opener","Lantern","Anchor","Art of War","Lizard Tail","MawBank","Bronze Scales","Mummified Hand","Bottled Tornado","Blood Vial","Shovel","Oddly Smooth Stone","Eternal Feather","Torii","Kunai","OrangePellets","War Paint","Bag of Preparation","Dodecahedron","Sundial"],"potions_floor_usage":[6,12,18,18,20,35,37,39,48,54],"damage_taken":[{"damage":5.0,"enemies":"Jaw Worm","floor":1.0,"turns":5.0},{"damage":0,"enemies":"2 Louse","floor":2,"turns":4},{"damage":0,"enemies":"Small Slimes","floor":4,"turns":3},{"damage":16,"enemies":"Blue Slaver","floor":5,"turns":5},{"damage":40,"enemies":"Gremlin Nob","floor":6,"turns":5},{"damage":21,"enemies":"Lagavulin","floor":10,"turns":8},{"damage":6,"enemies":"3 Sentries","floor":12,"turns":7},{"damage":23,"enemies":"Lagavulin","floor":14,"turns":8},{"damage":6,"enemies":"The Guardian","floor":16,"turns":16},{"damage":10,"enemies":"3 Byrds","floor":18,"turns":5},{"damage":10,"enemies":"Shell Parasite","floor":19,"turns":7},{"damage":22,"enemies":"Centurion and Healer","floor":20,"turns":7},{"damage":13,"enemies":"Gremlin Leader","floor":24,"turns":6},{"damage":19,"enemies":"Book of Stabbing","floor":27,"turns":5},{"damage":7,"enemies":"Colosseum Slavers","floor":28,"turns":3},{"damage":5,"enemies":"Slavers","floor":31,"turns":4},{"damage":0,"enemies":"Collector","floor":33,"turns":13},{"damage":0,"enemies":"3 Shapes","floor":35,"turns":4},{"damage":0,"enemies":"Mind Bloom Boss Battle","floor":37,"turns":4},{"damage":8,"enemies":"Orb Walker","floor":39,"turns":4},{"damage":0,"enemies":"Giant Head","floor":41,"turns":8},{"damage":7,"enemies":"Maw","floor":42,"turns":7},{"damage":19,"enemies":"Transient","floor":48,"turns":5},{"damage":0,"enemies":"Awakened One","floor":50,"turns":12},{"damage":0,"enemies":"Shield and Spear","floor":54,"turns":10},{"damage":0,"enemies":"The Heart","floor":55,"turns":11}],"seed_played":"-8664097715443155842","potions_obtained":[{"floor":5,"key":"Energy Potion"},{"floor":6,"key":"Block Potion"},{"floor":14,"key":"Explosive Potion"},{"floor":16,"key":"Energy Potion"},{"floor":19,"key":"Block Potion"},{"floor":31,"key":"SteroidPotion"},{"floor":33,"key":"Block Potion"},{"floor":35,"key":"Poison Potion"},{"floor":37,"key":"Swift Potion"}],"is_trial":false,"path_per_floor":["M","M","?","M","M","E","?","R","T","E","R","E","$","E","R","B",null,"M","M","M","?","T","R","E","R","T","E","?","$","?","E","R","B",null,"M","?","?","?","M","R","E","M","T","$","?","$","R","M","R","B",null,"R","$","E","B",null],"character_chosen":"IRONCLAD","items_purchased":["Anchor","Disarm","Impervious","Blood Vial","OrangePellets","War Paint","Entrench","Block Potion"],"campfire_rested":1,"item_purchase_floors":[13,13,29,29,44,44,46,53],"current_hp_per_floor":[80,80,73,79,69,35,35,59,59,47,47,50,50,36,36,39,92,91,90,77,77,77,77,70,70,70,57,56,56,56,59,59,70,104,107,107,107,107,106,107,107,106,106,106,93,93,107,94,107,110,110,110,110,110,110],"gold":41,"neow_bonus":"TRANSFORM_CARD","is_prod":false,"is_daily":false,"chose_seed":false,"campfire_upgraded":5,"win_rate":0,"timestamp":1564982288,"path_taken":["M","M","?","M","M","E","?","R","T","E","R","E","$","E","R","BOSS","M","M","M","?","?","R","E","R","T","E","?","$","?","E","R","BOSS","M","?","?","?","?","R","E","M","T","$","?","$","R","M","R","BOSS","R","$","E","BOSS"],"build_version":"2019-07-18","purchased_purges":0,"victory":true,"max_hp_per_floor":[80,80,80,80,80,80,80,80,80,83,83,86,86,89,89,92,92,95,98,101,101,101,101,101,101,101,101,101,101,101,101,101,104,104,107,107,107,107,107,107,107,107,107,107,107,107,107,107,107,110,110,110,110,110,110],"card_choices":[{"not_picked":["Warcry","Blood for Blood"],"picked":"True Grit","floor":1.0},{"not_picked":["Warcry","Body Slam"],"picked":"Sentinel","floor":2},{"not_picked":["Warcry","Flex"],"picked":"Feel No Pain","floor":4},{"not_picked":["Heavy Blade","Perfected Strike"],"picked":"Evolve","floor":5},{"not_picked":["Anger","Power Through"],"picked":"Feed","floor":6},{"not_picked":["Warcry","Dual Wield"],"picked":"Barricade","floor":10},{"not_picked":["Uppercut","Immolate"],"picked":"Infernal Blade","floor":12},{"not_picked":["Thunderclap","Searing Blow"],"picked":"Berserk","floor":14},{"not_picked":["Juggernaut","Reaper"],"picked":"Immolate","floor":16},{"not_picked":["Headbutt+1","Pommel Strike"],"picked":"Infernal Blade+1","floor":18},{"not_picked":["Thunderclap","Second Wind"],"picked":"Body Slam+1","floor":19},{"not_picked":["Havoc","Heavy Blade","Burning Pact+1"],"picked":"SKIP","floor":20},{"not_picked":["Reckless Charge+1","Burning Pact","Havoc"],"picked":"SKIP","floor":24},{"not_picked":["Pommel Strike","Heavy Blade","Anger"],"picked":"SKIP","floor":27},{"not_picked":["Disarm+1","Thunderclap"],"picked":"Pommel Strike+1","floor":31},{"not_picked":["Pommel Strike","Clash+1"],"picked":"Feel No Pain+1","floor":35},{"not_picked":["Perfected Strike+1","Wild Strike"],"picked":"Shockwave","floor":37},{"not_picked":["Madness","Enlightenment"],"picked":"Bandage Up","floor":38},{"not_picked":["Body Slam","Pommel Strike"],"picked":"Entrench","floor":39},{"not_picked":["Berserk","Clash+1","Rampage"],"picked":"SKIP","floor":41},{"not_picked":["Clash+1","True Grit"],"picked":"Shrug It Off","floor":42},{"not_picked":["Combust+1","Thunderclap"],"picked":"Power Through+1","floor":48},{"not_picked":["Brutality","Heavy Blade","Inflame"],"picked":"SKIP","floor":54}],"player_experience":1367718,"relics_obtained":[{"floor":6,"key":"StoneCalendar"},{"floor":9,"key":"Gremlin Horn"},{"floor":10,"key":"Letter Opener"},{"floor":12,"key":"Lantern"},{"floor":14,"key":"Art of War"},{"floor":22,"key":"MawBank"},{"floor":24,"key":"Bronze Scales"},{"floor":26,"key":"Mummified Hand"},{"floor":27,"key":"Bottled Tornado"},{"floor":31,"key":"Shovel"},{"floor":32,"key":"Oddly Smooth Stone"},{"floor":37,"key":"Torii"},{"floor":41,"key":"Kunai"},{"floor":47,"key":"Bag of Preparation"},{"floor":49,"key":"Dodecahedron"},{"floor":54,"key":"Sundial"}],"event_choices":[{"cards_removed":["Defend_R"],"damage_healed":0,"gold_gain":0,"player_choice":"Card Removal","damage_taken":7,"max_hp_gain":0,"max_hp_loss":0,"event_name":"Golden Wing","floor":3,"gold_loss":0},{"damage_healed":0,"gold_gain":0,"player_choice":"Searched \u00272\u0027 times","damage_taken":0,"relics_obtained":["Self Forming Clay"],"max_hp_gain":0,"max_hp_loss":0,"event_name":"Dead Adventurer","floor":7,"gold_loss":0},{"damage_healed":0,"gold_gain":99,"player_choice":"Stole From Cult","damage_taken":0,"max_hp_gain":0,"max_hp_loss":0,"event_name":"Nest","floor":21,"gold_loss":0},{"damage_healed":0,"gold_gain":0,"player_choice":"Fight","damage_taken":0,"max_hp_gain":0,"max_hp_loss":0,"event_name":"Colosseum","floor":28,"gold_loss":0},{"damage_healed":0,"gold_gain":0,"player_choice":"Fled From Nobs","damage_taken":0,"max_hp_gain":0,"max_hp_loss":0,"event_name":"Colosseum","floor":28,"gold_loss":0},{"damage_healed":0,"gold_gain":0,"player_choice":"Read","damage_taken":0,"max_hp_gain":0,"max_hp_loss":0,"event_name":"The Library","floor":30,"gold_loss":0,"cards_obtained":["Flame Barrier"]},{"damage_healed":0,"gold_gain":0,"player_choice":"Ignored","damage_taken":0,"max_hp_gain":0,"max_hp_loss":0,"event_name":"Tomb of Lord Red Mask","floor":36,"gold_loss":0},{"damage_healed":0,"gold_gain":0,"player_choice":"Fight","damage_taken":0,"max_hp_gain":0,"max_hp_loss":0,"event_name":"MindBloom","floor":37,"gold_loss":0},{"damage_healed":0,"gold_gain":0,"player_choice":"Memory 1","damage_taken":0,"max_hp_gain":0,"max_hp_loss":0,"event_name":"SensoryStone","floor":38,"gold_loss":0},{"damage_healed":0,"gold_gain":0,"player_choice":"Embrace Madness","damage_taken":13,"max_hp_gain":0,"max_hp_loss":0,"event_name":"Winding Halls","floor":45,"gold_loss":0,"cards_obtained":["Madness","Madness"]}],"is_beta":true,"boss_relics":[{"not_picked":["Cursed Key","Philosopher\u0027s Stone"],"picked":"Lizard Tail"},{"not_picked":["White Beast Statue","Coffee Dripper"],"picked":"Eternal Feather"}],"items_purged_floors":[],"is_endless":false,"potions_floor_spawned":[5,6,14,16,19,28,31,33,35,37],"ascension_level":1}