{"gold_per_floor":[118,118,134,152,172,199,199,219,219,20,37,37,37,37,37,138,138,148,148,159,171,188,223,234,234,234,249,249,266,266,191,191,191],"floor_reached":33,"playtime":2355,"items_purged":["Defend_R"],"score":271,"play_id":"cb55219f-01c6-4a0b-a6f0-b3137b67c066","local_time":"20191015210730","is_ascension_mode":false,"campfire_choices":[{"floor":7.0,"key":"REST"},{"floor":13.0,"key":"REST"},{"floor":15.0,"key":"REST"},{"floor":25.0,"key":"REST"},{"floor":28.0,"key":"REST"},{"floor":30.0,"key":"REST"},{"data":"Whirlwind","floor":32.0,"key":"SMITH"}],"neow_cost":"NONE","seed_source_timestamp":189585244410400,"circlet_count":0,"master_deck":["Strike_R","Strike_R+1","Strike_R","Strike_R","Defend_R","Defend_R","Defend_R","Bash","Ghostly Armor","Whirlwind+1","Shrug It Off","Cleave","Clothesline+1","Impervious","Metallicize","Anger+1","Armaments","Spot Weakness"],"special_seed":0,"relics":["Burning Blood","Ancient Tea Set","Gambling Chip","Whetstone","Gremlin Horn","Velvet Choker","Calipers","Ornamental Fan"],"potions_floor_usage":[33,33],"damage_taken":[{"damage":6.0,"enemies":"2 Louse","floor":1.0,"turns":3.0},{"damage":2.0,"enemies":"Small Slimes","floor":3.0,"turns":4.0},{"damage":7.0,"enemies":"Cultist","floor":4.0,"turns":6.0},{"damage":4.0,"enemies":"Blue Slaver","floor":5.0,"turns":6.0},{"damage":75.0,"enemies":"Lagavulin","floor":6.0,"turns":9.0},{"damage":26.0,"enemies":"Exordium Thugs","floor":8.0,"turns":3.0},{"damage":13.0,"enemies":"Lots of Slimes","floor":11.0,"turns":2.0},{"damage":33.0,"enemies":"Hexaghost","floor":16.0,"turns":9.0},{"damage":0.0,"enemies":"Chosen","floor":18.0,"turns":6.0},{"damage":18.0,"enemies":"Spheric Guardian","floor":20.0,"turns":6.0},{"damage":9.0,"enemies":"Snecko","floor":21.0,"turns":6.0},{"damage":28.0,"enemies":"Centurion and Healer","floor":22.0,"turns":8.0},{"damage":48.0,"enemies":"Book of Stabbing","floor":23.0,"turns":8.0},{"damage":28.0,"enemies":"Sentry and Sphere","floor":24.0,"turns":8.0},{"damage":5.0,"enemies":"Snake Plant","floor":27.0,"turns":6.0},{"damage":2.0,"enemies":"Centurion and Healer","floor":29.0,"turns":8.0},{"damage":95,"enemies":"Collector","floor":33,"turns":9}],"seed_played":"-1419646961198167587","potions_obtained":[{"floor":4.0,"key":"Regen Potion"},{"floor":5.0,"key":"AttackPotion"},{"floor":11.0,"key":"FearPotion"},{"floor":16.0,"key":"Regen Potion"},{"floor":18.0,"key":"FairyPotion"},{"floor":24.0,"key":"Weak Potion"},{"floor":27.0,"key":"Poison Potion"}],"is_trial":false,"path_per_floor":["M","?","M","M","M","E","R","M","T","$","M","$","R","?","R","B",null,"M","?","M","M","M","E","M","R","T","M","R","M","R","$","R","B"],"character_chosen":"IRONCLAD","items_purchased":["Clothesline","Whetstone"],"campfire_rested":6,"item_purchase_floors":[10,10],"current_hp_per_floor":[88,88,88,87,88,19,45,25,25,25,18,18,44,44,70,58,88,88,88,76,73,51,21,7,33,33,34,60,64,88,88,88,0],"gold":191,"neow_bonus":"TEN_PERCENT_HP_BONUS","is_prod":false,"is_daily":false,"chose_seed":false,"campfire_upgraded":1,"win_rate":0.0,"timestamp":1571198850,"path_taken":["M","?","M","M","M","E","R","M","T","$","M","$","R","?","R","BOSS","M","?","M","M","M","E","M","R","T","M","R","M","R","$","R","BOSS"],"build_version":"2019-07-17","purchased_purges":1,"victory":false,"max_hp_per_floor":[88,88,88,88,88,88,88,88,88,88,88,88,88,88,88,88,88,88,88,88,88,88,88,88,88,88,88,88,88,88,88,88,88],"card_choices":[{"not_picked":["Shrug It Off","Sword Boomerang"],"picked":"Ghostly Armor","floor":1.0},{"not_picked":["Bloodletting","Metallicize"],"picked":"Whirlwind","floor":3.0},{"not_picked":["Evolve","True Grit","Intimidate"],"picked":"SKIP","floor":4.0},{"not_picked":["Second Wind","Thunderclap"],"picked":"Shrug It Off","floor":5.0},{"not_picked":["Searing Blow","Sword Boomerang"],"picked":"Cleave","floor":6.0},{"not_picked":["Heavy Blade","Pommel Strike","Disarm"],"picked":"SKIP","floor":8.0},{"not_picked":["Iron Wave","Warcry","Fire Breathing"],"picked":"SKIP","floor":11.0},{"not_picked":["Offering","Double Tap"],"picked":"Impervious","floor":16.0},{"not_picked":["Combust+1","Perfected Strike"],"picked":"Metallicize","floor":18.0},{"not_picked":["Clash","Sword Boomerang","Cleave"],"picked":"SKIP","floor":20.0},{"not_picked":["Flex","Rage"],"picked":"Anger+1","floor":21.0},{"not_picked":["Body Slam+1","Blood for Blood+1","Intimidate+1"],"picked":"SKIP","floor":22.0},{"not_picked":["Shrug It Off","Feed","Perfected Strike"],"picked":"SKIP","floor":23.0},{"not_picked":["Wild Strike","Perfected Strike","Whirlwind"],"picked":"SKIP","floor":24.0},{"not_picked":["Body Slam","Sword Boomerang"],"picked":"Armaments","floor":27.0},{"not_picked":["Twin Strike+1","Perfected Strike+1"],"picked":"Spot Weakness","floor":29.0}],"player_experience":70767,"relics_obtained":[{"floor":6.0,"key":"Ancient Tea Set"},{"floor":9.0,"key":"Gambling Chip"},{"floor":23.0,"key":"Calipers"},{"floor":26.0,"key":"Ornamental Fan"}],"event_choices":[{"cards_removed":["Strike_R"],"damage_healed":0.0,"max_hp_gain":0.0,"max_hp_loss":0.0,"gold_gain":0.0,"event_name":"Living Wall","player_choice":"Forget","floor":2.0,"gold_loss":0.0,"damage_taken":0.0},{"damage_healed":0.0,"max_hp_gain":0.0,"max_hp_loss":0.0,"gold_gain":0.0,"event_name":"Dead Adventurer","player_choice":"Searched \u00271\u0027 times","floor":14.0,"gold_loss":0.0,"damage_taken":0.0,"relics_obtained":["Gremlin Horn"]},{"damage_healed":0.0,"max_hp_gain":0.0,"max_hp_loss":0.0,"gold_gain":0.0,"event_name":"Cursed Tome","player_choice":"Ignored","floor":19.0,"gold_loss":0.0,"damage_taken":0.0}],"is_beta":false,"boss_relics":[{"not_picked":["Snecko Eye","Cursed Key"],"picked":"Velvet Choker"}],"items_purged_floors":[31],"is_endless":false,"potions_floor_spawned":[4,5,11,16,18,24,27],"killed_by":"Collector","ascension_level":0}