{"gold_per_floor":[114,40,40,51,67,97,111,111,111,111,111,111,125,139,139,241,241,255,272,272,272,272,272,282,282,364,378,96,110,110,126,126,126],"floor_reached":33,"playtime":2971,"items_purged":["Strike_G"],"score":249,"play_id":"aaf13095-fe4a-4a0e-b8ad-e883cae58a3d","local_time":"20190926114004","is_ascension_mode":false,"campfire_choices":[{"floor":8,"key":"REST"},{"floor":10,"key":"REST"},{"data":"PiercingWail","floor":12,"key":"SMITH"},{"floor":15,"key":"REST"},{"floor":23,"key":"REST"},{"floor":25,"key":"REST"},{"floor":30,"key":"REST"},{"floor":32,"key":"REST"}],"neow_cost":"NONE","seed_source_timestamp":601457377428400,"circlet_count":0,"master_deck":["Strike_G","Strike_G","Strike_G","Defend_G","Defend_G","Defend_G","Defend_G","Defend_G","Survivor","Neutralize","Deep Breath","Crippling Poison","Crippling Poison","Dagger Throw","Flying Knee","PiercingWail+1","Escape Plan","Catalyst","Bane+1","Corpse Explosion","Poisoned Stab+1","Slice+1","Skewer+1","Footwork+1","Backstab+1","Dark Shackles","Blade Dance","Wraith Form v2+1","Slice+1"],"relics":["Ring of the Serpent","Question Card","Molten Egg 2","MutagenicStrength","Frozen Egg 2"],"potions_floor_usage":[16,16,24,24,33],"damage_taken":[{"damage":1,"enemies":"Jaw Worm","floor":1,"turns":4},{"damage":1,"enemies":"Cultist","floor":4,"turns":4},{"damage":3,"enemies":"2 Louse","floor":5,"turns":3},{"damage":44,"enemies":"3 Sentries","floor":6,"turns":13},{"damage":4,"enemies":"Blue Slaver","floor":7,"turns":4},{"damage":13,"enemies":"2 Fungi Beasts","floor":13,"turns":5},{"damage":1,"enemies":"Looter","floor":14,"turns":4},{"damage":19,"enemies":"The Guardian","floor":16,"turns":10},{"damage":37,"enemies":"Spheric Guardian","floor":18,"turns":8},{"damage":18,"enemies":"3 Byrds","floor":19,"turns":4},{"damage":8,"enemies":"Snake Plant","floor":24,"turns":5},{"damage":19,"enemies":"Centurion and Healer","floor":27,"turns":6},{"damage":7,"enemies":"Cultist and Chosen","floor":29,"turns":3},{"damage":6,"enemies":"3 Cultists","floor":31,"turns":5},{"damage":56,"enemies":"Automaton","floor":33,"turns":6}],"seed_played":"4396048189997603495","potions_obtained":[{"floor":6,"key":"GhostInAJar"},{"floor":7,"key":"AttackPotion"},{"floor":14,"key":"FearPotion"},{"floor":16,"key":"EssenceOfSteel"},{"floor":19,"key":"EssenceOfSteel"},{"floor":29,"key":"Weak Potion"}],"is_trial":false,"path_per_floor":["M","$","?","M","M","E","M","R","T","R","?","R","M","M","R","B",null,"M","M","?","?","?","R","M","R","T","M","$","M","R","M","R","B"],"character_chosen":"THE_SILENT","items_purchased":["Crippling Poison","Backstab+1","Dark Shackles","Blade Dance"],"campfire_rested":7,"item_purchase_floors":[2,28,28,28],"current_hp_per_floor":[69,69,69,68,65,21,17,38,38,59,59,59,46,45,66,47,70,33,15,2,2,2,24,16,38,38,19,19,12,34,28,50,0],"gold":126,"neow_bonus":"RANDOM_COLORLESS","is_prod":false,"is_daily":false,"chose_seed":false,"campfire_upgraded":1,"win_rate":0.0,"timestamp":1569516004,"path_taken":["M","$","?","M","M","E","?","R","T","R","?","R","M","M","R","BOSS","M","M","?","?","?","R","M","R","T","M","?","?","R","M","R","BOSS"],"build_version":"2019-07-17","purchased_purges":1,"victory":false,"max_hp_per_floor":[70,70,70,70,70,70,70,70,70,70,70,70,70,70,70,70,70,70,70,75,75,75,75,75,75,75,75,75,75,75,75,75,75],"card_choices":[{"not_picked":["Dagger Throw","Deadly Poison"],"picked":"Crippling Poison","floor":1},{"not_picked":["Quick Slash","Deflect"],"picked":"Dagger Throw","floor":4},{"not_picked":["Dagger Throw","Underhanded Strike"],"picked":"Flying Knee","floor":5},{"not_picked":["Storm of Steel","Venomology"],"picked":"PiercingWail","floor":6},{"not_picked":["Outmaneuver","Dagger Throw","Heel Hook"],"picked":"Escape Plan","floor":7},{"not_picked":["Dodge and Roll","Acrobatics","Underhanded Strike+1"],"picked":"Catalyst","floor":13},{"not_picked":["Distraction","Finisher+1","Escape Plan"],"picked":"Bane+1","floor":14},{"not_picked":["Die Die Die+1","Burst","A Thousand Cuts"],"picked":"Corpse Explosion","floor":16},{"not_picked":["Flechettes+1","Choke+1","Predator+1"],"picked":"Poisoned Stab+1","floor":18},{"not_picked":["Outmaneuver","Distraction","Expertise"],"picked":"Slice+1","floor":19},{"not_picked":["Sucker Punch+1","Reflex","Heel Hook+1"],"picked":"Skewer+1","floor":24},{"not_picked":["Deadly Poison","Cloak And Dagger","Dodge and Roll+1"],"picked":"Footwork+1","floor":27},{"not_picked":["Heel Hook+1","Dagger Throw+1","Noxious Fumes+1"],"picked":"Wraith Form v2+1","floor":29},{"not_picked":["Sucker Punch+1","Prepared","Backflip+1"],"picked":"Slice+1","floor":31}],"player_experience":62133,"relics_obtained":[{"floor":6,"key":"Question Card"},{"floor":9,"key":"Molten Egg 2"},{"floor":26,"key":"Frozen Egg 2"}],"event_choices":[{"cards_removed":["Strike_G"],"damage_healed":0,"gold_gain":0,"player_choice":"Purged","damage_taken":0,"max_hp_gain":0,"max_hp_loss":0,"event_name":"Purifier","floor":3,"gold_loss":0},{"damage_healed":0,"gold_gain":0,"player_choice":"Ignored","damage_taken":0,"max_hp_gain":0,"max_hp_loss":0,"event_name":"Golden Wing","floor":11,"gold_loss":0},{"damage_healed":0,"gold_gain":0,"player_choice":"Shed Blood","damage_taken":18,"max_hp_gain":5,"max_hp_loss":0,"event_name":"Forgotten Altar","floor":20,"gold_loss":0},{"damage_healed":0,"gold_gain":0,"player_choice":"Inject Mutagens","damage_taken":0,"relics_obtained":["MutagenicStrength"],"max_hp_gain":0,"max_hp_loss":0,"event_name":"Drug Dealer","floor":21,"gold_loss":0},{"damage_healed":0,"gold_gain":0,"player_choice":"Ignored","damage_taken":0,"max_hp_gain":0,"max_hp_loss":0,"event_name":"Ghosts","floor":22,"gold_loss":0}],"is_beta":false,"boss_relics":[{"not_picked":["Ectoplasm","Cursed Key"],"picked":"Ring of the Serpent"}],"items_purged_floors":[28],"is_endless":false,"potions_floor_spawned":[6,7,14,16,19,29],"killed_by":"Automaton","ascension_level":0}