{"path_per_floor":["M","$","?","?","M","R","E","?","T","M","R","M","M","M","R","B",null,"M","M","M","?","?","R","M","R","T","E","M","$","?","$","R"],"character_chosen":"DEFECT","items_purchased":[],"gold_per_floor":[114,39,39,139,149,149,179,179,179,193,193,206,216,228,228,326,326,344,333,353,353,353,353,368,368,368,402,412,312,237,112,112,112],"floor_reached":33,"campfire_rested":1,"playtime":7904,"item_purchase_floors":[],"current_hp_per_floor":[75,75,75,75,75,75,75,68,68,68,68,68,66,66,66,68,73,73,68,52,52,52,52,44,44,58,4,6,6,6,6,33,0],"items_purged":["Strike_B","Strike_B","Defend_B"],"gold":112,"score":390,"play_id":"8c25c8cf-3ff8-41e2-abea-e4a6ab11217a","local_time":"20180611230150","is_prod":false,"is_daily":false,"chose_seed":false,"is_ascension_mode":true,"campfire_upgraded":5,"win_rate":0,"timestamp":1528783310,"campfire_choices":[{"data":"Zap","floor":6,"key":"SMITH"},{"data":"Defragment","floor":11,"key":"SMITH"},{"data":"Hologram","floor":15,"key":"SMITH"},{"data":"Buffer","floor":23,"key":"SMITH"},{"data":"Dualcast","floor":25,"key":"SMITH"},{"floor":32,"key":"REST"}],"path_taken":["M","$","?","?","M","R","E","?","T","M","R","M","M","M","R","BOSS","M","M","M","?","?","R","M","R","T","E","?","$","?","$","R","BOSS"],"build_version":"2018-06-07v3","seed_source_timestamp":983313375676,"purchased_purges":3,"victory":false,"master_deck":["Strike_B","Defend_B","Defend_B","Defend_B","Zap+1","Defragment+1","Cold Snap","Leap","Hologram+1","BootSequence","Buffer+1","Beam Cell+1","Storm+1"],"max_hp_per_floor":[75,75,75,75,75,75,75,75,75,75,75,75,75,75,75,75,75,75,75,75,75,75,75,75,75,89,91,93,93,93,93,93,93],"relics":["Cracked Core","NeowsBlessing","Ginger","Pantograph","Black Star","Mango","Anchor","Singing Bowl"],"card_choices":[{"not_picked":["Undo","Ball Lightning"],"picked":"Defragment","floor":1},{"not_picked":["Go for the Eyes","Sweeping Beam","Force Field"],"picked":"SKIP","floor":5},{"not_picked":["Sweeping Beam","Doom and Gloom"],"picked":"Cold Snap","floor":7},{"not_picked":["Redo","Go for the Eyes"],"picked":"Leap","floor":10},{"not_picked":["Redo","Beam Cell"],"picked":"Hologram","floor":12},{"not_picked":["Rebound","Fission"],"picked":"BootSequence","floor":13},{"not_picked":["Sweeping Beam","Scrape","Hologram"],"picked":"SKIP","floor":14},{"not_picked":["Fission","Creative AI"],"picked":"Buffer","floor":16},{"not_picked":["Leap","Redo"],"picked":"Beam Cell+1","floor":18},{"not_picked":["Gash","Cold Snap","Force Field+1"],"picked":"SKIP","floor":19},{"not_picked":["Barrage","Streamline+1","Rip and Tear"],"picked":"SKIP","floor":20},{"not_picked":["Stack","Force Field"],"picked":"Storm+1","floor":24},{"not_picked":["Turbo","Tempest","Hello World+1"],"picked":"Singing Bowl","floor":27},{"not_picked":["Genetic Algorithm+1","Beam Cell","Recycle+1"],"picked":"Singing Bowl","floor":28}],"player_experience":507064,"potions_floor_usage":[16,19,27,27,28],"damage_taken":[{"damage":0,"enemies":"2 Louse","floor":1,"turns":1},{"damage":0,"enemies":"Small Slimes","floor":5,"turns":1},{"damage":0,"enemies":"Gremlin Nob","floor":7,"turns":1},{"damage":0,"enemies":"Cultist","floor":10,"turns":3},{"damage":0,"enemies":"Blue Slaver","floor":12,"turns":3},{"damage":2,"enemies":"3 Louse","floor":13,"turns":3},{"damage":0,"enemies":"Looter","floor":14,"turns":4},{"damage":7,"enemies":"The Guardian","floor":16,"turns":10},{"damage":0,"enemies":"Spheric Guardian","floor":18,"turns":6},{"damage":5,"enemies":"2 Thieves","floor":19,"turns":4},{"damage":16,"enemies":"Sentry and Sphere","floor":20,"turns":10},{"damage":8,"enemies":"Snake Plant","floor":24,"turns":4},{"damage":56,"enemies":"Slavers","floor":27,"turns":8},{"damage":0,"enemies":"Centurion and Healer","floor":28,"turns":14},{"damage":61,"enemies":"Champ","floor":33,"turns":11}],"relics_obtained":[{"floor":7,"key":"Ginger"},{"floor":9,"key":"Pantograph"},{"floor":26,"key":"Mango"},{"floor":27,"key":"Anchor"},{"floor":27,"key":"Singing Bowl"}],"event_choices":[{"event_name":"Golden Idol","player_choice":"Ignored","floor":3,"damage_taken":0},{"event_name":"Golden Shrine","player_choice":"Pray","floor":4,"damage_taken":0},{"event_name":"Golden Wing","player_choice":"Card Removal","floor":8,"damage_taken":0},{"event_name":"Accursed Blacksmith","player_choice":"Ignore","floor":21,"damage_taken":0},{"event_name":"The Woman in Blue","player_choice":"Bought 0 Potions","floor":22,"damage_taken":0},{"event_name":"Beggar","player_choice":"Gave Gold","floor":30,"damage_taken":0}],"boss_relics":[{"not_picked":["Busted Crown","Ectoplasm"],"picked":"Black Star"}],"items_purged_floors":[2,29,31],"potions_floor_spawned":[1,5,13,19,27],"seed_played":"-9041656547120321326","killed_by":"Champ","ascension_level":5,"potions_obtained":[{"floor":1,"key":"Swift Potion"},{"floor":5,"key":"EssenceOfSteel"},{"floor":13,"key":"Energy Potion"},{"floor":19,"key":"Poison Potion"},{"floor":27,"key":"EssenceOfSteel"}],"is_trial":false}