{"gold_per_floor":[117,135,155,165,165,165,198,198,198,30,30,59,59,73,73,171,171,187,200,220,220,232,266,266,266,290,290,2,28,28,43,43,141,141,154,166,186,186,196,206,206,238,317,317,317,335,70,90,90,90],"floor_reached":51,"playtime":3137,"items_purged":[],"score":1071,"play_id":"096862d6-57ac-4df0-96d1-db3ed9f8cd9d","local_time":"20181119002852","is_ascension_mode":true,"campfire_choices":[{"floor":6,"key":"REST"},{"data":"Feed","floor":8,"key":"SMITH"},{"floor":11,"key":"REST"},{"data":"Inflame","floor":13,"key":"SMITH"},{"data":"Clothesline","floor":15,"key":"SMITH"},{"floor":24,"key":"REST"},{"data":"Pummel","floor":27,"key":"SMITH"},{"data":"Hemokinesis","floor":30,"key":"SMITH"},{"data":"Inflame","floor":32,"key":"SMITH"},{"floor":41,"key":"REST"},{"floor":49,"key":"REST"}],"neow_cost":"NONE","seed_source_timestamp":1220404587575110,"circlet_count":0,"master_deck":["Defend_R","Defend_R","Defend_R","Defend_R","Bash+1","Rampage","Inflame+1","Hemokinesis+1","Dropkick","Pummel+1","Feed+1","Infernal Blade+1","Finesse+1","Shrug It Off+1","Clothesline+1","Double Tap+1","Twin Strike","Bite","Bite","Bite","Bite","Bite","Shrug It Off+1","Inflame+1","Bandage Up+1","Shrug It Off+1","Thunderclap","Havoc+1","Uppercut","Heavy Blade","Spot Weakness+1","Apotheosis+1","Battle Trance+1"],"relics":["Burning Blood","Pantograph","Toxic Egg 2","Happy Flower","Busted Crown","Red Skull","Potion Belt","Omamori","Vajra","Oddly Smooth Stone","Lizard Tail","Turnip","Matryoshka"],"potions_floor_usage":[4,7,16,19,22,23,23,33,39,39,40,46,50],"damage_taken":[{"damage":11,"enemies":"Jaw Worm","floor":1,"turns":6},{"damage":6,"enemies":"Cultist","floor":2,"turns":4},{"damage":3,"enemies":"Small Slimes","floor":3,"turns":2},{"damage":19,"enemies":"Exordium Thugs","floor":4,"turns":5},{"damage":33,"enemies":"3 Sentries","floor":7,"turns":7},{"damage":16,"enemies":"Lagavulin","floor":12,"turns":4},{"damage":4,"enemies":"Looter","floor":14,"turns":2},{"damage":42,"enemies":"Hexaghost","floor":16,"turns":9},{"damage":3,"enemies":"Spheric Guardian","floor":18,"turns":3},{"damage":3,"enemies":"Shell Parasite","floor":19,"turns":2},{"damage":9,"enemies":"3 Cultists","floor":20,"turns":4},{"damage":13,"enemies":"Snecko","floor":22,"turns":4},{"damage":46,"enemies":"Book of Stabbing","floor":23,"turns":6},{"damage":0,"enemies":"Gremlin Leader","floor":29,"turns":3},{"damage":14,"enemies":"Centurion and Healer","floor":31,"turns":3},{"damage":68,"enemies":"Champ","floor":33,"turns":9},{"damage":21,"enemies":"3 Shapes","floor":35,"turns":4},{"damage":0,"enemies":"Orb Walker","floor":36,"turns":3},{"damage":20,"enemies":"Sphere and 2 Shapes","floor":37,"turns":4},{"damage":18,"enemies":"Jaw Worm Horde","floor":39,"turns":4},{"damage":77,"enemies":"Writhing Mass","floor":40,"turns":6},{"damage":48,"enemies":"Giant Head","floor":42,"turns":7},{"damage":29,"enemies":"Sphere and 2 Shapes","floor":46,"turns":5},{"damage":12,"enemies":"4 Shapes","floor":48,"turns":1},{"damage":117,"enemies":"Awakened One","floor":50,"turns":11}],"seed_played":"-6468825208650890270","potions_obtained":[{"floor":3,"key":"SteroidPotion"},{"floor":4,"key":"Explosive Potion"},{"floor":7,"key":"PowerPotion"},{"floor":12,"key":"Explosive Potion"},{"floor":14,"key":"FearPotion"},{"floor":19,"key":"Strength Potion"},{"floor":22,"key":"Fruit Juice"},{"floor":29,"key":"Energy Potion"},{"floor":33,"key":"BloodPotion"},{"floor":35,"key":"Swift Potion"},{"floor":37,"key":"AttackPotion"},{"floor":42,"key":"AttackPotion"},{"floor":48,"key":"GamblersBrew"}],"is_trial":false,"path_per_floor":["M","M","M","M","?","R","E","R","T","$","R","E","R","M","R","B",null,"M","M","M","?","M","E","R","?","T","R","$","E","R","M","R","B",null,"M","M","M","?","M","M","R","E","T","?","?","M","$","M","R","B",null],"character_chosen":"IRONCLAD","items_purchased":["Infernal Blade+1","Finesse+1","Vajra","Bandage Up+1","Shrug It Off+1","Apotheosis+1","Battle Trance+1"],"campfire_rested":5,"item_purchase_floors":[10,10,28,28,28,47,47],"current_hp_per_floor":[67,67,70,57,57,80,53,53,53,53,77,67,67,73,73,52,79,82,85,86,64,61,39,59,59,59,59,59,69,69,67,67,19,57,50,66,65,65,71,20,44,22,22,22,71,59,59,57,79,53],"gold":90,"neow_bonus":"THREE_CARDS","is_prod":false,"is_daily":false,"chose_seed":false,"campfire_upgraded":6,"win_rate":0,"timestamp":1542616132,"path_taken":["M","M","M","M","?","R","E","R","T","$","R","E","R","M","R","BOSS","M","M","M","?","M","E","R","?","T","R","$","E","R","M","R","BOSS","M","M","M","?","M","M","R","E","T","?","?","M","$","M","R","BOSS"],"build_version":"2018-11-15","purchased_purges":0,"victory":true,"max_hp_per_floor":[80,80,80,80,80,80,80,80,80,80,80,80,80,84,84,88,88,88,88,92,64,64,69,69,69,69,69,69,69,69,69,69,69,69,73,73,77,77,81,81,81,81,81,81,71,75,75,79,79,83],"card_choices":[{"not_picked":["Clash","Bloodletting"],"picked":"Rampage","floor":0},{"not_picked":["Armaments","Perfected Strike"],"picked":"Inflame","floor":1},{"not_picked":["Rampage","Burning Pact"],"picked":"Hemokinesis","floor":2},{"not_picked":["Body Slam","Flex"],"picked":"Dropkick","floor":3},{"not_picked":["Bloodletting","Pommel Strike"],"picked":"Pummel","floor":4},{"not_picked":["Clothesline","Armaments"],"picked":"Feed","floor":7},{"not_picked":["Seeing Red+1","Brutality"],"picked":"Shrug It Off+1","floor":12},{"not_picked":["Blood for Blood","Pommel Strike"],"picked":"Clothesline","floor":14},{"not_picked":["Feed","Reaper"],"picked":"Double Tap+1","floor":16},{"not_picked":[],"picked":"Twin Strike","floor":18},{"not_picked":["Blood for Blood"],"picked":"SKIP","floor":19},{"not_picked":[],"picked":"Ghostly Armor+1","floor":20},{"not_picked":[],"picked":"Shrug It Off+1","floor":22},{"not_picked":[],"picked":"Inflame","floor":23},{"not_picked":[],"picked":"Thunderclap","floor":29},{"not_picked":["Dropkick"],"picked":"SKIP","floor":31},{"not_picked":[],"picked":"Havoc+1","floor":35},{"not_picked":["Corruption"],"picked":"SKIP","floor":36},{"not_picked":[],"picked":"Uppercut","floor":37},{"not_picked":[],"picked":"Heavy Blade","floor":39},{"not_picked":[],"picked":"Spot Weakness+1","floor":40},{"not_picked":["Blood for Blood+1"],"picked":"SKIP","floor":42},{"not_picked":["Thunderclap"],"picked":"SKIP","floor":46},{"not_picked":["Armaments+1"],"picked":"SKIP","floor":48}],"player_experience":515054,"relics_obtained":[{"floor":7,"key":"Pantograph"},{"floor":9,"key":"Toxic Egg 2"},{"floor":12,"key":"Happy Flower"},{"floor":23,"key":"Red Skull"},{"floor":25,"key":"Potion Belt"},{"floor":26,"key":"Omamori"},{"floor":29,"key":"Oddly Smooth Stone"},{"floor":42,"key":"Turnip"},{"floor":43,"key":"Matryoshka"}],"event_choices":[{"damage_healed":0,"gold_gain":0,"player_choice":"Upgraded","damage_taken":0,"max_hp_gain":0,"max_hp_loss":0,"event_name":"Upgrade Shrine","floor":5,"gold_loss":0,"cards_upgraded":["Bash"]},{"damage_healed":0,"gold_gain":0,"player_choice":"Became a vampire","damage_taken":0,"max_hp_gain":0,"max_hp_loss":28,"event_name":"Vampires","floor":21,"gold_loss":0,"cards_obtained":["Bite","Bite","Bite","Bite","Bite"]},{"damage_healed":0,"gold_gain":0,"player_choice":"Relic","damage_taken":0,"max_hp_gain":0,"max_hp_loss":0,"event_name":"Wheel of Change","floor":25,"gold_loss":0},{"cards_removed":["Ghostly Armor"],"damage_healed":0,"gold_gain":0,"player_choice":"Removed Skill","damage_taken":0,"max_hp_gain":0,"max_hp_loss":0,"event_name":"Falling","floor":38,"gold_loss":0},{"damage_healed":0,"gold_gain":0,"player_choice":"Ignored","damage_taken":0,"max_hp_gain":0,"max_hp_loss":0,"event_name":"Mysterious Sphere","floor":44,"gold_loss":0},{"damage_healed":71,"gold_gain":0,"player_choice":"Heal","damage_taken":0,"max_hp_gain":0,"max_hp_loss":10,"event_name":"The Moai Head","floor":45,"gold_loss":0}],"is_beta":false,"boss_relics":[{"not_picked":["White Beast Statue","Sozu"],"picked":"Busted Crown"},{"not_picked":["Philosopher\u0027s Stone","Velvet Choker"],"picked":"Lizard Tail"}],"items_purged_floors":[],"is_endless":false,"potions_floor_spawned":[3,4,7,12,14,19,22,29,33,35,37,42,48],"ascension_level":8}