{"path_per_floor":["M","M","$","M","M","R","?","M","T","M","R","?","R","M","R","B",null,"M","?","?","$","M","R","M","R","T","R","M","?","R","M","R"],"character_chosen":"DEFECT","items_purchased":["Leap","Defragment","Coolheaded"],"gold_per_floor":[115,125,71,87,97,97,97,112,112,132,132,132,132,146,146,248,248,261,289,289,89,101,101,119,119,142,142,152,252,252,265,265,265],"floor_reached":33,"campfire_rested":1,"playtime":3248,"item_purchase_floors":[3,21,21],"current_hp_per_floor":[69,68,68,61,61,61,61,61,61,52,52,52,52,59,59,42,75,73,23,23,23,24,24,33,33,40,40,44,44,44,28,52,0],"items_purged":["Dualcast"],"gold":265,"score":239,"play_id":"06f5f8e4-1bcf-4ac0-9b83-9e5210cbbf27","local_time":"20180603223117","is_prod":false,"is_daily":false,"chose_seed":false,"is_ascension_mode":false,"campfire_upgraded":8,"win_rate":0.0,"timestamp":1528090277,"campfire_choices":[{"data":"Zap","floor":6,"key":"SMITH"},{"data":"Defragment","floor":11,"key":"SMITH"},{"data":"Barrage","floor":13,"key":"SMITH"},{"data":"Reinforced Body","floor":15,"key":"SMITH"},{"data":"Self Repair","floor":23,"key":"SMITH"},{"data":"Defragment","floor":25,"key":"SMITH"},{"data":"Coolheaded","floor":27,"key":"SMITH"},{"data":"Seek","floor":30,"key":"SMITH"},{"floor":32,"key":"REST"}],"path_taken":["M","M","$","M","M","R","?","M","T","M","R","?","R","M","R","BOSS","M","?","?","$","M","R","M","R","T","R","M","?","R","?","R","BOSS"],"build_version":"2018-05-31","seed_source_timestamp":35703740976716,"purchased_purges":1,"victory":false,"master_deck":["Strike_B","Strike_B","Strike_B","Defend_B","Defend_B","Defend_B","Defend_B","Zap+1","Defragment+1","Reinforced Body+1","Leap","Auto Shields","Self Repair+1","Barrage+1","Leap","Seek+1","BootSequence","Lockon+1","Defragment+1","Coolheaded+1","Darkness+1","Stack","Fusion"],"max_hp_per_floor":[75,75,75,75,75,75,75,75,75,75,75,75,75,75,75,75,75,75,75,75,75,75,75,75,75,82,82,82,82,82,82,82,82],"relics":["Cracked Core","Darkstone Periapt","Lizard Tail","Red Mask","Strawberry"],"card_choices":[{"not_picked":["Scrape","Barrage"],"picked":"Defragment","floor":1},{"not_picked":["Compile Driver","Ball Lightning"],"picked":"Reinforced Body","floor":2},{"not_picked":["Turbo","Scrape"],"picked":"Auto Shields","floor":4},{"not_picked":["Melter","Scrape"],"picked":"Self Repair","floor":5},{"not_picked":["Chaos","Steam Power"],"picked":"Barrage","floor":8},{"not_picked":["Steam","Cold Snap"],"picked":"Leap","floor":10},{"not_picked":["Reinforced Body","Steam","Turbo"],"picked":"SKIP","floor":14},{"not_picked":["Buffer","Meteor Strike"],"picked":"Seek","floor":16},{"not_picked":["Barrage","Reprogram"],"picked":"BootSequence","floor":18},{"not_picked":["Cold Snap+1","Coolheaded"],"picked":"Lockon+1","floor":19},{"not_picked":["Sweeping Beam","Streamline","Conserve Battery"],"picked":"SKIP","floor":22},{"not_picked":["Hello World","Coolheaded"],"picked":"Darkness+1","floor":24},{"not_picked":["Go for the Eyes","Undo+1"],"picked":"Stack","floor":28},{"not_picked":["Barrage","Rebound"],"picked":"Fusion","floor":31}],"player_experience":353654,"potions_floor_usage":[10,16,19,33,33],"damage_taken":[{"damage":6,"enemies":"Jaw Worm","floor":1,"turns":5},{"damage":1,"enemies":"Small Slimes","floor":2,"turns":3},{"damage":7,"enemies":"2 Louse","floor":4,"turns":3},{"damage":0,"enemies":"Red Slaver","floor":5,"turns":3},{"damage":0,"enemies":"Blue Slaver","floor":8,"turns":4},{"damage":9,"enemies":"Gremlin Gang","floor":10,"turns":5},{"damage":0,"enemies":"2 Fungi Beasts","floor":14,"turns":4},{"damage":24,"enemies":"The Guardian","floor":16,"turns":16},{"damage":9,"enemies":"3 Byrds","floor":18,"turns":6},{"damage":97,"enemies":"Masked Bandits","floor":19,"turns":9},{"damage":6,"enemies":"Chosen","floor":22,"turns":7},{"damage":1,"enemies":"Centurion and Healer","floor":24,"turns":8},{"damage":6,"enemies":"Snake Plant","floor":28,"turns":5},{"damage":26,"enemies":"Slaver and Parasite","floor":31,"turns":9},{"damage":58,"enemies":"Automaton","floor":33,"turns":12}],"relics_obtained":[{"floor":9,"key":"Darkstone Periapt"},{"floor":19,"key":"Red Mask"},{"floor":26,"key":"Strawberry"}],"event_choices":[{"event_name":"Liars Game","player_choice":"disagreed","floor":7,"damage_taken":0},{"event_name":"Golden Idol","player_choice":"Ignored","floor":12,"damage_taken":0},{"event_name":"Masked Bandits","player_choice":"Fought over 261 gold","floor":19,"damage_taken":0},{"event_name":"Cursed Tome","player_choice":"Ignored","floor":20,"damage_taken":0},{"event_name":"Golden Shrine","player_choice":"Pray","floor":29,"damage_taken":0}],"boss_relics":[{"not_picked":["Runic Dome","Cursed Key"],"picked":"Lizard Tail"}],"items_purged_floors":[21],"potions_floor_spawned":[1,4,10,14,16,19,28],"seed_played":"2370102184309533316","killed_by":"Automaton","ascension_level":0,"potions_obtained":[{"floor":1,"key":"PowerPotion"},{"floor":4,"key":"SpeedPotion"},{"floor":10,"key":"SkillPotion"},{"floor":14,"key":"Block Potion"},{"floor":16,"key":"SpeedPotion"},{"floor":19,"key":"EssenceOfSteel"}],"is_trial":false}