{"path_per_floor":["M","M","M","M","M","R","M","R","T","R","M","?","R","E","R","B",null,"M","M","M","M","?","R"],"character_chosen":"DEFECT","items_purchased":[],"gold_per_floor":[117,134,151,165,175,175,191,191,191,191,206,206,206,232,232,335,335,349,363,374,386,386,386,386],"floor_reached":24,"campfire_rested":1,"playtime":5881,"item_purchase_floors":[],"current_hp_per_floor":[82,78,72,51,48,48,47,47,47,47,47,47,71,57,57,55,82,82,69,60,36,36,36,0],"items_purged":[],"gold":386,"score":202,"play_id":"28a83e59-2256-40ab-aaf1-90fb73e61952","local_time":"20180606190303","is_prod":false,"is_daily":false,"chose_seed":false,"is_ascension_mode":false,"campfire_upgraded":5,"win_rate":0,"timestamp":1528336983,"campfire_choices":[{"data":"Zap","floor":6,"key":"SMITH"},{"data":"Coolheaded","floor":8,"key":"SMITH"},{"data":"Ball Lightning","floor":10,"key":"SMITH"},{"floor":13,"key":"REST"},{"data":"Streamline","floor":15,"key":"SMITH"},{"data":"Tempest","floor":23,"key":"SMITH"}],"path_taken":["M","M","M","M","M","R","M","R","T","R","M","?","R","E","R","BOSS","M","M","M","M","?","R","M"],"build_version":"2018-05-31","seed_source_timestamp":154113690338,"purchased_purges":0,"victory":false,"master_deck":["Strike_B","Strike_B","Strike_B","Strike_B","Defend_B","Defend_B","Defend_B","Defend_B","Zap+1","Ball Lightning+1","Storm","Coolheaded+1","Genetic Algorithm","BootSequence","Core Surge","Tempest+1","Streamline+1","Electrodynamics","Capacitor+1","Rebound","Barrage"],"max_hp_per_floor":[82,82,82,82,82,82,82,82,82,82,82,82,82,82,82,82,82,82,82,82,82,82,82,82],"relics":["Cracked Core","Toolbox","Art of War"],"card_choices":[{"not_picked":["Sweeping Beam","Turbo"],"picked":"Ball Lightning","floor":1},{"not_picked":["Gash","Go for the Eyes"],"picked":"Storm","floor":2},{"not_picked":["Force Field","Ball Lightning"],"picked":"Coolheaded","floor":3},{"not_picked":["Redo","Leap"],"picked":"Genetic Algorithm","floor":4},{"not_picked":["Gash","Coolheaded"],"picked":"BootSequence","floor":5},{"not_picked":["Ball Lightning","Streamline"],"picked":"Core Surge","floor":7},{"not_picked":["Gash","Force Field"],"picked":"Tempest","floor":11},{"not_picked":["Coolheaded","Auto Shields"],"picked":"Streamline","floor":14},{"not_picked":["Core Surge","All For One"],"picked":"Electrodynamics","floor":16},{"not_picked":["Stack","Reprogram","Capacitor"],"picked":"SKIP","floor":18},{"not_picked":["Stack","Reprogram"],"picked":"Capacitor","floor":18},{"not_picked":["Blizzard","Coolheaded","Genetic Algorithm"],"picked":"SKIP","floor":19},{"not_picked":["Steam","Lockon"],"picked":"Rebound","floor":20},{"not_picked":["Double Energy","Cold Snap+1"],"picked":"Barrage","floor":21}],"player_experience":366825,"potions_floor_usage":[7,16,24],"damage_taken":[{"damage":0,"enemies":"2 Louse","floor":1,"turns":3},{"damage":4,"enemies":"Jaw Worm","floor":2,"turns":4},{"damage":6,"enemies":"Cultist","floor":3,"turns":3},{"damage":21,"enemies":"Exordium Thugs","floor":4,"turns":5},{"damage":3,"enemies":"Large Slime","floor":5,"turns":5},{"damage":1,"enemies":"Exordium Wildlife","floor":7,"turns":3},{"damage":0,"enemies":"Red Slaver","floor":11,"turns":2},{"damage":14,"enemies":"Lagavulin","floor":14,"turns":5},{"damage":6,"enemies":"Slime Boss","floor":16,"turns":9},{"damage":0,"enemies":"Chosen","floor":18,"turns":4},{"damage":13,"enemies":"Shell Parasite","floor":19,"turns":6},{"damage":9,"enemies":"Centurion and Healer","floor":20,"turns":4},{"damage":24,"enemies":"Snake Plant","floor":21,"turns":5},{"damage":37,"enemies":"3 Cultists","floor":24,"turns":4}],"relics_obtained":[{"floor":9,"key":"Toolbox"},{"floor":14,"key":"Art of War"}],"event_choices":[{"event_name":"Living Wall","player_choice":"Forget","floor":12,"damage_taken":0},{"event_name":"Upgrade Shrine","player_choice":"Upgraded","floor":22,"damage_taken":0}],"boss_relics":[{"not_picked":["Pandora\u0027s Box","Ectoplasm","Runic Pyramid"]}],"items_purged_floors":[],"potions_floor_spawned":[3,5,7,11,18,20],"seed_played":"7879249365676328730","killed_by":"3 Cultists","ascension_level":0,"potions_obtained":[{"floor":3,"key":"EssenceOfSteel"},{"floor":5,"key":"GamblersBrew"},{"floor":7,"key":"AttackPotion"},{"floor":11,"key":"Ancient Potion"},{"floor":18,"key":"SteroidPotion"},{"floor":20,"key":"Swift Potion"}],"is_trial":false}