{"gold_per_floor":[114,132,132,132,132,165,165,190,271,299,51,80,90,109,109,204,204,219,246,161,177,187,187,220,320,374,17,43,43,74,91,91,91],"floor_reached":33,"playtime":2690,"items_purged":[],"score":348,"play_id":"dfd7e41e-7aad-41be-98f8-60928fd7643b","local_time":"20191007215753","is_ascension_mode":false,"campfire_choices":[{"floor":7.0,"key":"REST"},{"floor":15.0,"key":"REST"},{"floor":23.0,"key":"REST"},{"floor":29,"key":"REST"},{"floor":32,"key":"REST"}],"neow_cost":"PERCENT_DAMAGE","seed_source_timestamp":0,"circlet_count":0,"master_deck":["Strike_R","Strike_R","Strike_R","Strike_R","Strike_R","Defend_R","Defend_R","Defend_R","Defend_R","Bash","Double Tap","Headbutt","Iron Wave","Dropkick","Intimidate","Corruption","Flex","Trip","Bludgeon","Sentinel","Rampage","Dark Embrace","Sever Soul","Ghostly Armor","Shrug It Off","Sever Soul","Warcry","Disarm+1","Demon Form","Pommel Strike+1","Headbutt","Iron Wave+1","Enlightenment","Fire Breathing","Second Wind","Reaper","Perfected Strike","Body Slam","Inflame"],"special_seed":0,"relics":["Burning Blood","Centennial Puzzle","MawBank","Mercury Hourglass","Bag of Marbles","StoneCalendar","Orrery","Red Mask","Pen Nib","Pear","Bag of Preparation","Blood Vial","Matryoshka","Prayer Wheel"],"potions_floor_usage":[28,33,33],"damage_taken":[{"damage":9.0,"enemies":"2 Louse","floor":1.0,"turns":3.0},{"damage":1.0,"enemies":"Jaw Worm","floor":2.0,"turns":3.0},{"damage":43.0,"enemies":"3 Sentries","floor":6.0,"turns":10.0},{"damage":31.0,"enemies":"Lagavulin","floor":8.0,"turns":5.0},{"damage":0.0,"enemies":"Cultist","floor":10.0,"turns":2.0},{"damage":7.0,"enemies":"Gremlin Nob","floor":12.0,"turns":3.0},{"damage":0.0,"enemies":"Exordium Wildlife","floor":13.0,"turns":3.0},{"damage":8.0,"enemies":"Gremlin Gang","floor":14.0,"turns":4.0},{"damage":36.0,"enemies":"The Guardian","floor":16.0,"turns":7.0},{"damage":9.0,"enemies":"Chosen","floor":18.0,"turns":5.0},{"damage":40.0,"enemies":"Masked Bandits","floor":19.0,"turns":5.0},{"damage":5.0,"enemies":"3 Byrds","floor":21.0,"turns":5.0},{"damage":5.0,"enemies":"Snecko","floor":22.0,"turns":3.0},{"damage":44.0,"enemies":"Gremlin Leader","floor":24.0,"turns":7.0},{"damage":33,"enemies":"Slavers","floor":28,"turns":6},{"damage":18,"enemies":"Gremlin Leader","floor":30,"turns":5},{"damage":27,"enemies":"Shelled Parasite and Fungi","floor":31,"turns":7},{"damage":80,"enemies":"Collector","floor":33,"turns":6}],"seed_played":"5460995777194794591","potions_obtained":[{"floor":1.0,"key":"Energy Potion"},{"floor":8.0,"key":"SkillPotion"},{"floor":10.0,"key":"GamblersBrew"},{"floor":14.0,"key":"PowerPotion"},{"floor":16.0,"key":"Swift Potion"},{"floor":21.0,"key":"SmokeBomb"},{"floor":24,"key":"GamblersBrew"},{"floor":28,"key":"Swift Potion"},{"floor":30,"key":"SpeedPotion"}],"is_trial":false,"path_per_floor":["M","M","?","?","?","E","R","E","T","M","$","E","M","M","R","B",null,"M","?","?","M","M","R","E","?","T","$","E","R","E","M","R","B"],"character_chosen":"IRONCLAD","items_purchased":["Bag of Marbles","Flex","Trip","Enlightenment","Fire Breathing","Second Wind","Blood Vial"],"campfire_rested":5,"item_purchase_floors":[11,11,11,27,27,27,27],"current_hp_per_floor":[53,58,58,58,58,21,45,20,20,26,26,25,31,29,53,23,80,77,43,43,44,45,69,41,41,41,41,16,43,39,32,59,0],"gold":91,"neow_bonus":"THREE_RARE_CARDS","is_prod":false,"is_daily":false,"chose_seed":false,"campfire_upgraded":0,"win_rate":0.0,"timestamp":1570510673,"path_taken":["M","M","?","?","?","E","R","E","T","M","$","E","M","M","R","BOSS","M","?","?","?","?","R","E","?","T","$","E","R","E","M","R","BOSS"],"build_version":"2019-07-17","purchased_purges":0,"victory":false,"max_hp_per_floor":[80,80,80,80,80,80,80,80,80,80,80,80,80,80,80,80,80,80,80,80,80,80,80,90,90,90,90,90,90,90,90,90,90],"card_choices":[{"not_picked":["Limit Break","Offering"],"picked":"Double Tap","floor":0.0},{"not_picked":["Evolve","Warcry"],"picked":"Headbutt","floor":1.0},{"not_picked":["Cleave","Feel No Pain"],"picked":"Iron Wave","floor":2.0},{"not_picked":["Wild Strike","Iron Wave"],"picked":"Dropkick","floor":6.0},{"not_picked":["Heavy Blade","Reckless Charge"],"picked":"Intimidate","floor":8.0},{"not_picked":["Iron Wave","Second Wind"],"picked":"Corruption","floor":10.0},{"not_picked":["Ghostly Armor","Entrench"],"picked":"Bludgeon","floor":12.0},{"not_picked":["Entrench","Whirlwind"],"picked":"Sentinel","floor":13.0},{"not_picked":["Armaments","Perfected Strike"],"picked":"Rampage","floor":14.0},{"not_picked":["Exhume","Juggernaut"],"picked":"Dark Embrace","floor":16.0},{"not_picked":["Feel No Pain","Fire Breathing"],"picked":"Sever Soul","floor":17.0},{"not_picked":["Power Through","Clothesline"],"picked":"Ghostly Armor","floor":17.0},{"not_picked":["Wild Strike","Perfected Strike"],"picked":"Shrug It Off","floor":17.0},{"not_picked":["Body Slam","Whirlwind"],"picked":"Sever Soul","floor":17.0},{"not_picked":["Seeing Red","Sentinel"],"picked":"Warcry","floor":17.0},{"not_picked":["Combust+1","Wild Strike"],"picked":"Disarm+1","floor":18.0},{"not_picked":["Pommel Strike","Inflame"],"picked":"Demon Form","floor":19.0},{"not_picked":["Heavy Blade","Warcry+1"],"picked":"Pommel Strike+1","floor":21.0},{"not_picked":["Juggernaut","Clash"],"picked":"Headbutt","floor":22.0},{"not_picked":["Heavy Blade","True Grit"],"picked":"Iron Wave+1","floor":24},{"not_picked":["Whirlwind","True Grit"],"picked":"Reaper","floor":28},{"not_picked":["Hemokinesis","Twin Strike"],"picked":"Perfected Strike","floor":30},{"not_picked":["Perfected Strike","Thunderclap"],"picked":"Body Slam","floor":31},{"not_picked":["Bloodletting","Intimidate"],"picked":"Inflame","floor":31}],"player_experience":24791,"relics_obtained":[{"floor":6.0,"key":"Centennial Puzzle"},{"floor":8.0,"key":"MawBank"},{"floor":9.0,"key":"Mercury Hourglass"},{"floor":12.0,"key":"StoneCalendar"},{"floor":19.0,"key":"Red Mask"},{"floor":24,"key":"Pear"},{"floor":26,"key":"Bag of Preparation"},{"floor":28,"key":"Matryoshka"},{"floor":30,"key":"Prayer Wheel"}],"event_choices":[{"damage_healed":0.0,"max_hp_gain":0.0,"max_hp_loss":0.0,"gold_gain":0.0,"event_name":"Golden Idol","player_choice":"Ignored","floor":3.0,"gold_loss":0.0,"damage_taken":0.0},{"damage_healed":0.0,"max_hp_gain":0.0,"max_hp_loss":0.0,"gold_gain":0.0,"event_name":"Golden Wing","player_choice":"Ignored","floor":4.0,"gold_loss":0.0,"damage_taken":0.0},{"damage_healed":0.0,"max_hp_gain":0.0,"max_hp_loss":0.0,"gold_gain":0.0,"event_name":"Liars Game","player_choice":"Ignored","floor":5.0,"gold_loss":0.0,"damage_taken":0.0},{"damage_healed":0.0,"max_hp_gain":0.0,"max_hp_loss":0.0,"gold_gain":0.0,"event_name":"Masked Bandits","player_choice":"Fought Bandits","floor":19.0,"gold_loss":0.0,"damage_taken":0.0},{"damage_healed":0.0,"max_hp_gain":0.0,"max_hp_loss":0.0,"gold_gain":0.0,"event_name":"Addict","player_choice":"Obtained Relic","floor":20.0,"gold_loss":85.0,"damage_taken":0.0,"relics_obtained":["Pen Nib"]},{"damage_healed":0,"gold_gain":100,"player_choice":"Pray","damage_taken":0,"max_hp_gain":0,"max_hp_loss":0,"event_name":"Golden Shrine","floor":25,"gold_loss":0}],"is_beta":false,"boss_relics":[{"not_picked":["Runic Pyramid","Fusion Hammer"],"picked":"Orrery"}],"items_purged_floors":[],"is_endless":false,"potions_floor_spawned":[1,8,10,14,16,21,24,28,30],"killed_by":"Collector","ascension_level":0}