{"gold_per_floor":[119,139,156,176,100,134,134,166,166,166,166,166,177,204,204,304,304,324,339,339,352,352,385,484,509,532,532,551,224,259,272,272,377,377,390,436,436,43,62,62,97,111,111,136,136,165,165,177,177,177,177,177,23,51,51],"floor_reached":55,"playtime":4619,"items_purged":[],"score":1028,"play_id":"311c8184-ca5d-41ae-83fa-8b92ef28aeeb","local_time":"20190727122535","is_ascension_mode":true,"campfire_choices":[{"floor":10.0,"key":"DIG"},{"floor":12.0,"key":"DIG"},{"floor":15.0,"key":"REST"},{"floor":27,"key":"REST"},{"data":"Catalyst","floor":32,"key":"SMITH"},{"floor":40,"key":"RECALL"},{"floor":45,"key":"DIG"},{"floor":47,"key":"DIG"},{"floor":49,"key":"DIG"},{"floor":52,"key":"DIG"}],"neow_cost":"NONE","seed_source_timestamp":0,"circlet_count":0,"master_deck":["Survivor","Neutralize+1","Choke","Well Laid Plans","Dash","Flechettes+1","Leg Sweep","Backflip","Bane","Leg Sweep","Accuracy+1","Footwork","Deadly Poison+1","Blade Dance+1","Dodge and Roll","Catalyst+1","Noxious Fumes","Envenom","Deadly Poison+1","Adrenaline","Burst","Dagger Throw","Escape Plan+1","Corpse Explosion","Crippling Poison","Dagger Spray","Bullet Time","Prepared+1","Bouncing Flask+1","Dagger Throw+1","Caltrops+1"],"special_seed":0,"relics":["Pandora\u0027s Box","Pear","Shovel","Bottled Lightning","Ninja Scroll","Lantern","Ancient Tea Set","Dodecahedron","Busted Crown","War Paint","The Courier","Oddly Smooth Stone","MealTicket","PreservedInsect","Whetstone","Runic Pyramid","Calipers","Letter Opener","Shuriken","Bronze Scales","Blood Vial","Pen Nib","Darkstone Periapt","Juzu Bracelet","Vajra","Ornamental Fan","ClockworkSouvenir","Boot"],"potions_floor_usage":[25,28,33,33,36,36,36,50,50,50,55],"damage_taken":[{"damage":0.0,"enemies":"Cultist","floor":1.0,"turns":4.0},{"damage":7.0,"enemies":"Jaw Worm","floor":2.0,"turns":5.0},{"damage":6.0,"enemies":"2 Louse","floor":3.0,"turns":3.0},{"damage":2.0,"enemies":"Blue Slaver","floor":4.0,"turns":3.0},{"damage":2.0,"enemies":"Gremlin Nob","floor":6.0,"turns":6.0},{"damage":6.0,"enemies":"3 Sentries","floor":8.0,"turns":8.0},{"damage":1.0,"enemies":"Exordium Wildlife","floor":13.0,"turns":3.0},{"damage":11.0,"enemies":"Gremlin Nob","floor":14.0,"turns":3.0},{"damage":0.0,"enemies":"Slime Boss","floor":16.0,"turns":3.0},{"damage":0.0,"enemies":"Chosen","floor":18.0,"turns":4.0},{"damage":0.0,"enemies":"3 Byrds","floor":19.0,"turns":4.0},{"damage":2.0,"enemies":"Cultist and Chosen","floor":21.0,"turns":6.0},{"damage":17.0,"enemies":"Slavers","floor":23.0,"turns":6.0},{"damage":8,"enemies":"Book of Stabbing","floor":25,"turns":4},{"damage":7,"enemies":"Snake Plant","floor":28,"turns":3},{"damage":1,"enemies":"Gremlin Leader","floor":30,"turns":4},{"damage":1,"enemies":"Centurion and Healer","floor":31,"turns":5},{"damage":25,"enemies":"Automaton","floor":33,"turns":7},{"damage":0,"enemies":"Orb Walker","floor":35,"turns":3},{"damage":7,"enemies":"2 Orb Walkers","floor":36,"turns":4},{"damage":0,"enemies":"3 Shapes","floor":39,"turns":3},{"damage":0,"enemies":"Reptomancer","floor":41,"turns":2},{"damage":0,"enemies":"Transient","floor":42,"turns":5},{"damage":12,"enemies":"Nemesis","floor":44,"turns":5},{"damage":0,"enemies":"Giant Head","floor":46,"turns":5},{"damage":9,"enemies":"Writhing Mass","floor":48,"turns":4},{"damage":22,"enemies":"Awakened One","floor":50,"turns":10},{"damage":41,"enemies":"Shield and Spear","floor":54,"turns":4},{"damage":53,"enemies":"The Heart","floor":55,"turns":5}],"seed_played":"5852242752065790648","potions_obtained":[{"floor":2.0,"key":"LiquidBronze"},{"floor":3.0,"key":"SteroidPotion"},{"floor":6.0,"key":"Energy Potion"},{"floor":13.0,"key":"Energy Potion"},{"floor":14.0,"key":"PowerPotion"},{"floor":25,"key":"AttackPotion"},{"floor":30,"key":"Explosive Potion"},{"floor":31,"key":"LiquidBronze"},{"floor":33,"key":"SkillPotion"},{"floor":35,"key":"EntropicBrew"},{"floor":39,"key":"EssenceOfSteel"},{"floor":48,"key":"SteroidPotion"},{"floor":54,"key":"SpeedPotion"}],"is_trial":false,"path_per_floor":["M","M","M","M","$","E","?","E","T","R","T","R","M","E","R","B",null,"M","M","?","M","?","E","?","E","T","R","M","$","E","M","R","B",null,"M","?","?","$","M","R","E","M","T","E","R","E","R","M","R","B",null,"R","$","E","B"],"character_chosen":"THE_SILENT","items_purchased":["Catalyst","MealTicket","PreservedInsect","Crippling Poison","Letter Opener","Shuriken","ClockworkSouvenir"],"campfire_rested":2,"item_purchase_floors":[5,29,29,29,38,38,53],"current_hp_per_floor":[70,63,57,55,55,63,47,41,41,41,41,41,40,29,53,53,80,80,80,65,63,63,46,46,38,38,63,56,56,55,54,54,29,85,85,78,78,85,85,85,85,85,85,73,73,75,75,68,68,48,85,85,85,44,0],"gold":51,"neow_bonus":"BOSS_RELIC","is_prod":false,"is_daily":false,"chose_seed":false,"campfire_upgraded":1,"win_rate":0,"timestamp":1564255535,"path_taken":["M","?","M","M","$","E","?","E","T","R","?","R","M","E","R","BOSS","M","M","?","M","?","E","?","E","T","R","M","$","E","?","R","BOSS","M","?","?","$","M","R","E","M","T","E","R","E","R","M","R","BOSS","R","$","E","BOSS"],"build_version":"2019-07-18","purchased_purges":0,"victory":false,"max_hp_per_floor":[70,70,70,70,70,80,80,80,80,80,80,80,80,80,80,80,80,80,80,85,85,85,85,85,85,85,85,85,85,85,85,85,85,85,85,85,85,85,85,85,85,85,85,85,85,85,85,85,85,85,85,85,85,85,85],"card_choices":[{"not_picked":["Quick Slash","Flying Knee"],"picked":"Footwork","floor":1.0},{"not_picked":["Deflect","Tactician"],"picked":"Deadly Poison","floor":2.0},{"not_picked":["Deadly Poison","Riddle With Holes"],"picked":"Blade Dance","floor":3.0},{"not_picked":["Underhanded Strike","Poisoned Stab"],"picked":"Dodge and Roll","floor":4.0},{"not_picked":["Well Laid Plans","Sucker Punch"],"picked":"Noxious Fumes","floor":6.0},{"not_picked":["Skewer","Quick Slash"],"picked":"Envenom","floor":8.0},{"not_picked":["Outmaneuver","Prepared"],"picked":"Deadly Poison","floor":13.0},{"not_picked":["Blade Dance","Eviscerate"],"picked":"Adrenaline","floor":14.0},{"not_picked":["Malaise","Envenom"],"picked":"Burst","floor":16.0},{"not_picked":["Sucker Punch"],"picked":"SKIP","floor":18.0},{"not_picked":[],"picked":"Dagger Throw","floor":19.0},{"not_picked":[],"picked":"Escape Plan+1","floor":21.0},{"not_picked":["Blade Dance"],"picked":"SKIP","floor":23.0},{"not_picked":[],"picked":"Corpse Explosion","floor":25},{"not_picked":["Dagger Throw"],"picked":"SKIP","floor":28},{"not_picked":[],"picked":"Dagger Spray","floor":30},{"not_picked":["Dagger Spray"],"picked":"SKIP","floor":31},{"not_picked":[],"picked":"Bullet Time","floor":33},{"not_picked":["Masterful Stab+1"],"picked":"SKIP","floor":35},{"not_picked":["Outmaneuver+1"],"picked":"SKIP","floor":39},{"not_picked":["Prepared"],"picked":"SKIP","floor":41},{"not_picked":[],"picked":"Prepared+1","floor":42},{"not_picked":[],"picked":"Bouncing Flask+1","floor":44},{"not_picked":[],"picked":"Dagger Throw+1","floor":46},{"not_picked":["Quick Slash"],"picked":"SKIP","floor":48},{"not_picked":[],"picked":"Caltrops+1","floor":54}],"player_experience":1328757,"relics_obtained":[{"floor":6.0,"key":"Pear"},{"floor":8.0,"key":"Shovel"},{"floor":9.0,"key":"Bottled Lightning"},{"floor":10.0,"key":"Ninja Scroll"},{"floor":11.0,"key":"Lantern"},{"floor":12.0,"key":"Ancient Tea Set"},{"floor":14.0,"key":"Dodecahedron"},{"floor":23.0,"key":"War Paint"},{"floor":25,"key":"The Courier"},{"floor":26,"key":"Oddly Smooth Stone"},{"floor":30,"key":"Whetstone"},{"floor":36,"key":"Calipers"},{"floor":41,"key":"Bronze Scales"},{"floor":44,"key":"Blood Vial"},{"floor":45,"key":"Pen Nib"},{"floor":46,"key":"Darkstone Periapt"},{"floor":47,"key":"Juzu Bracelet"},{"floor":49,"key":"Vajra"},{"floor":52,"key":"Ornamental Fan"},{"floor":54,"key":"Boot"}],"event_choices":[{"damage_healed":0.0,"max_hp_gain":0.0,"max_hp_loss":0.0,"gold_gain":0.0,"event_name":"Shining Light","player_choice":"Entered Light","floor":7.0,"gold_loss":0.0,"damage_taken":16.0,"cards_upgraded":["Deadly Poison","Accuracy"]},{"damage_healed":0.0,"max_hp_gain":5.0,"max_hp_loss":0.0,"gold_gain":0.0,"event_name":"Forgotten Altar","player_choice":"Shed Blood","floor":20.0,"gold_loss":0.0,"damage_taken":20.0},{"cards_removed":["Reflex"],"damage_healed":0.0,"max_hp_gain":0.0,"max_hp_loss":0.0,"gold_gain":0.0,"event_name":"Back to Basics","player_choice":"Elegance","floor":22.0,"gold_loss":0.0,"damage_taken":0.0},{"damage_healed":0.0,"max_hp_gain":0.0,"max_hp_loss":0.0,"gold_gain":99.0,"event_name":"Nest","player_choice":"Stole From Cult","floor":24.0,"gold_loss":0.0,"damage_taken":0.0},{"damage_healed":0,"gold_gain":0,"player_choice":"Fight","damage_taken":0,"max_hp_gain":0,"max_hp_loss":0,"event_name":"Mysterious Sphere","floor":36,"gold_loss":0},{"damage_healed":0,"gold_gain":0,"player_choice":"Ignored","damage_taken":0,"max_hp_gain":0,"max_hp_loss":0,"event_name":"Tomb of Lord Red Mask","floor":37,"gold_loss":0}],"is_beta":true,"boss_relics":[{"not_picked":["Lizard Tail","White Beast Statue"],"picked":"Busted Crown"},{"not_picked":["Fusion Hammer","Velvet Choker"],"picked":"Runic Pyramid"}],"items_purged_floors":[],"is_endless":false,"potions_floor_spawned":[2,3,6,13,14,25,30,31,33,35,39,42,44,48,54],"killed_by":"The Heart","ascension_level":1}