{"gold_per_floor":[111,36,36,54,54,54,72,23,50,69,89,89,104,121,121,219,219,235,247,267,267,287,287,298,316,340,340,351,23,23,23,23,119,119,132,132,147,161,175,175,175],"floor_reached":41,"playtime":7579,"items_purged":["Dualcast","Strike_B"],"score":508,"play_id":"b534ebe1-ce5a-49b9-8b52-ebd9e66b226e","local_time":"20180805154935","is_ascension_mode":true,"campfire_choices":[{"floor":6,"key":"REST"},{"data":"Hologram","floor":12,"key":"SMITH"},{"data":"Defragment","floor":15,"key":"SMITH"},{"data":"Loop","floor":23,"key":"SMITH"},{"floor":27,"key":"REST"},{"data":"Loop","floor":32,"key":"SMITH"},{"data":"Echo Form","floor":40,"key":"SMITH"}],"neow_cost":"NONE","seed_source_timestamp":9615104571177,"circlet_count":0,"master_deck":["Strike_B+1","Defend_B+1","Defend_B","Defend_B","Defend_B","Zap+1","Hologram+1","Sunder","Leap","Defragment+1","Chill","Thunder Strike","Loop+1","Glacier","Cold Snap","BootSequence","Loop+1","Echo Form+1","Madness","Madness","Capacitor+1","Skim+1"],"relics":["Cracked Core","Bronze Scales","DataDisk","Sozu","Oddly Smooth Stone","Art of War","Empty Cage"],"potions_floor_usage":[],"damage_taken":[{"damage":7,"enemies":"2 Louse","floor":1,"turns":3},{"damage":0,"enemies":"Jaw Worm","floor":4,"turns":5},{"damage":0,"enemies":"Cultist","floor":7,"turns":3},{"damage":0,"enemies":"Blue Slaver","floor":10,"turns":4},{"damage":3,"enemies":"3 Louse","floor":11,"turns":2},{"damage":2,"enemies":"Looter","floor":13,"turns":3},{"damage":0,"enemies":"Red Slaver","floor":14,"turns":2},{"damage":8,"enemies":"The Guardian","floor":16,"turns":10},{"damage":12,"enemies":"2 Thieves","floor":18,"turns":4},{"damage":0,"enemies":"Chosen","floor":19,"turns":4},{"damage":0,"enemies":"Sentry and Sphere","floor":20,"turns":6},{"damage":10,"enemies":"Centurion and Healer","floor":22,"turns":6},{"damage":9,"enemies":"Snake Plant","floor":24,"turns":4},{"damage":15,"enemies":"3 Cultists","floor":25,"turns":5},{"damage":4,"enemies":"Slaver and Parasite","floor":28,"turns":7},{"damage":12,"enemies":"Collector","floor":33,"turns":14},{"damage":0,"enemies":"Orb Walker","floor":35,"turns":5},{"damage":4,"enemies":"Flame Bruiser 1 Orb","floor":37,"turns":7},{"damage":18,"enemies":"3 Darklings","floor":38,"turns":8},{"damage":0,"enemies":"Maw","floor":39,"turns":9},{"damage":54,"enemies":"Flame Bruiser 2 Orb","floor":41,"turns":2}],"seed_played":"-5177851530560157409","potions_obtained":[{"floor":4,"key":"LiquidBronze"},{"floor":13,"key":"SpeedPotion"},{"floor":14,"key":"Weak Potion"},{"floor":16,"key":"Regen Potion"}],"is_trial":false,"path_per_floor":["M","$","?","M","?","R","M","$","T","M","M","R","M","M","R","B",null,"M","M","M","?","M","R","M","M","T","R","M","$","?","?","R","B",null,"M","?","M","M","M","R"],"character_chosen":"DEFECT","items_purchased":["Leap","Art of War","Loop"],"campfire_rested":2,"item_purchase_floors":[8,29,29],"current_hp_per_floor":[61,61,46,46,21,43,43,43,43,43,40,40,38,38,38,30,64,52,52,52,52,42,42,33,18,18,40,36,36,61,61,61,49,69,69,60,56,38,38,38,0],"gold":175,"neow_bonus":"UPGRADE_CARD","is_prod":false,"is_daily":false,"chose_seed":false,"campfire_upgraded":5,"win_rate":0,"timestamp":1533509375,"path_taken":["M","$","?","?","?","R","?","?","T","M","M","R","M","M","R","BOSS","M","M","M","?","M","R","M","M","T","R","?","$","?","?","R","BOSS","M","?","M","M","M","R","M"],"build_version":"2018-08-02","purchased_purges":2,"victory":false,"max_hp_per_floor":[75,75,75,75,75,75,75,75,75,75,75,75,75,75,75,75,75,75,75,75,75,75,75,75,75,75,75,75,75,75,75,75,75,75,75,75,75,75,75,75,75],"card_choices":[{"not_picked":["Compile Driver","Storm"],"picked":"Hologram","floor":1},{"not_picked":["Compile Driver","Chill"],"picked":"Sunder","floor":4},{"not_picked":["Streamline","Steam","Aggregate"],"picked":"SKIP","floor":7},{"not_picked":["Rip and Tear","Undo"],"picked":"Defragment","floor":10},{"not_picked":["Tempest","Conserve Battery"],"picked":"Chill","floor":11},{"not_picked":["Gash","Go for the Eyes","Hello World"],"picked":"SKIP","floor":13},{"not_picked":["Sweeping Beam","Meteor Strike","Melter"],"picked":"SKIP","floor":14},{"not_picked":["Meteor Strike","Amplify"],"picked":"Thunder Strike","floor":16},{"not_picked":["Gash","Redo+1"],"picked":"Loop","floor":18},{"not_picked":["Turbo+1","Leap"],"picked":"Glacier","floor":19},{"not_picked":["Tempest","Turbo"],"picked":"Cold Snap","floor":20},{"not_picked":["Coolheaded","Compile Driver+1"],"picked":"BootSequence","floor":22},{"not_picked":["Doom and Gloom","Coolheaded+1","Hologram"],"picked":"SKIP","floor":24},{"not_picked":["Sweeping Beam","Go for the Eyes","Conserve Battery"],"picked":"SKIP","floor":25},{"not_picked":["Double Energy","Sweeping Beam","Chaos"],"picked":"SKIP","floor":28},{"not_picked":["Fission","Rainbow"],"picked":"Echo Form","floor":33},{"not_picked":["Steam","Loop","Conserve Battery+1"],"picked":"SKIP","floor":35},{"not_picked":["Rebound+1","Hello World+1"],"picked":"Capacitor+1","floor":37},{"not_picked":["Streamline+1","FTL","Chaos"],"picked":"SKIP","floor":38},{"not_picked":["Gash","Scrape"],"picked":"Skim+1","floor":39}],"player_experience":582866,"relics_obtained":[{"floor":9,"key":"DataDisk"},{"floor":26,"key":"Oddly Smooth Stone"}],"event_choices":[{"event_name":"Shining Light","player_choice":"Entered Light","floor":3,"damage_taken":0},{"event_name":"Scrap Ooze","player_choice":"success","floor":5,"damage_taken":25},{"event_name":"Cursed Tome","player_choice":"Ignored","floor":21,"damage_taken":0},{"event_name":"The Library","player_choice":"Heal","floor":30,"damage_taken":0},{"event_name":"Addict","player_choice":"Ignored","floor":31,"damage_taken":0},{"event_name":"Winding Halls","player_choice":"Embrace Madness","floor":36,"damage_taken":0}],"is_beta":false,"boss_relics":[{"not_picked":["Velvet Choker","Philosopher\u0027s Stone"],"picked":"Sozu"},{"not_picked":["Orrery","FrozenCore"],"picked":"Empty Cage"}],"items_purged_floors":[2,29],"is_endless":false,"potions_floor_spawned":[4,13,14,16,19,22,28,35,38,39],"killed_by":"Flame Bruiser 2 Orb","ascension_level":6}