{"gold_per_floor":[111,124,140,154,170,185,185,216,240,240,253,300,316,326,326,427,427,447,459,110,120,134,166,166,166,166,180,208,225,236,253,253,356,356,366,384,395,409,409,409,425,425,451,464,61,61,61,74,74,74],"floor_reached":51,"playtime":4149,"items_purged":[],"score":844,"play_id":"fa18de3b-dd2f-44f5-ac91-6dd036170c99","local_time":"20180905113647","is_ascension_mode":true,"campfire_choices":[{"data":"Flame Barrier","floor":7,"key":"SMITH"},{"data":"Barricade","floor":15,"key":"SMITH"},{"floor":24,"key":"REST"},{"floor":32,"key":"REST"},{"data":"Armaments","floor":40,"key":"SMITH"},{"floor":49,"key":"REST"}],"neow_cost":"NONE","seed_source_timestamp":1743505440193844,"circlet_count":0,"master_deck":["Strike_R","Strike_R","Strike_R","Strike_R","Strike_R","Defend_R","Defend_R","Defend_R","Defend_R","Bash","Barricade+1","Iron Wave","True Grit","Heavy Blade","Immolate","Flame Barrier+1","Spot Weakness","Metallicize","Thunderclap","Perfected Strike","Iron Wave","Juggernaut","Uppercut","Armaments+1","Reaper","Cleave+1","Cleave+1","Feed","Havoc+1","Intimidate+1","Iron Wave+1","Rage+1","Reaper","Headbutt+1","True Grit+1","Rage+1","Fiend Fire","Shrug It Off+1","Enlightenment+1","Writhe","Havoc+1"],"relics":["Burning Blood","Ornamental Fan","Oddly Smooth Stone","Ancient Tea Set","Velvet Choker","Lee\u0027s Waffle","Regal Pillow","Toxic Egg 2","Bag of Preparation","Runic Pyramid","Bag of Marbles"],"potions_floor_usage":[8,16,23,29,33,33,37,37,38,38,41,47,48],"damage_taken":[{"damage":1,"enemies":"2 Louse","floor":1,"turns":3},{"damage":1,"enemies":"Small Slimes","floor":2,"turns":3},{"damage":3,"enemies":"Jaw Worm","floor":3,"turns":5},{"damage":16,"enemies":"Exordium Wildlife","floor":4,"turns":7},{"damage":7,"enemies":"Looter","floor":5,"turns":3},{"damage":2,"enemies":"Large Slime","floor":6,"turns":5},{"damage":8,"enemies":"Gremlin Nob","floor":8,"turns":4},{"damage":19,"enemies":"Exordium Thugs","floor":11,"turns":4},{"damage":0,"enemies":"Exordium Wildlife","floor":13,"turns":2},{"damage":3,"enemies":"Blue Slaver","floor":14,"turns":4},{"damage":2,"enemies":"Slime Boss","floor":16,"turns":9},{"damage":6,"enemies":"Chosen","floor":18,"turns":7},{"damage":39,"enemies":"3 Byrds","floor":19,"turns":5},{"damage":28,"enemies":"Sentry and Sphere","floor":21,"turns":7},{"damage":9,"enemies":"Snecko","floor":22,"turns":5},{"damage":34,"enemies":"Slavers","floor":23,"turns":6},{"damage":17,"enemies":"Snake Plant","floor":27,"turns":4},{"damage":17,"enemies":"Gremlin Leader","floor":28,"turns":5},{"damage":20,"enemies":"Cultist and Chosen","floor":29,"turns":6},{"damage":0,"enemies":"3 Cultists","floor":30,"turns":3},{"damage":15,"enemies":"Centurion and Healer","floor":31,"turns":5},{"damage":55,"enemies":"Collector","floor":33,"turns":9},{"damage":13,"enemies":"3 Shapes","floor":35,"turns":3},{"damage":27,"enemies":"3 Darklings","floor":36,"turns":4},{"damage":2,"enemies":"Spire Growth","floor":37,"turns":5},{"damage":44,"enemies":"Transient","floor":38,"turns":5},{"damage":68,"enemies":"Sphere and 2 Shapes","floor":41,"turns":8},{"damage":0,"enemies":"3 Darklings","floor":44,"turns":1},{"damage":0,"enemies":"4 Shapes","floor":47,"turns":1},{"damage":13,"enemies":"Transient","floor":48,"turns":5},{"damage":78,"enemies":"Awakened One","floor":50,"turns":13}],"seed_played":"6095100264595330265","potions_obtained":[{"floor":3,"key":"Fire Potion"},{"floor":5,"key":"PowerPotion"},{"floor":6,"key":"GamblersBrew"},{"floor":14,"key":"Ancient Potion"},{"floor":18,"key":"EntropicBrew"},{"floor":21,"key":"Strength Potion"},{"floor":23,"key":"Explosive Potion"},{"floor":29,"key":"AttackPotion"},{"floor":31,"key":"EssenceOfSteel"},{"floor":33,"key":"Fire Potion"},{"floor":35,"key":"Weak Potion"},{"floor":37,"key":"AttackPotion"},{"floor":38,"key":"BloodPotion"},{"floor":48,"key":"Ancient Potion"}],"is_trial":false,"path_per_floor":["M","M","M","M","M","M","R","E","T","?","M","T","M","M","R","B",null,"M","M","$","M","M","E","R","?","T","M","E","M","M","M","R","B",null,"M","M","M","M","?","R","M","?","T","M","$","?","M","M","R","B"],"character_chosen":"IRONCLAD","items_purchased":["Lee\u0027s Waffle","Reaper","Fiend Fire","Shrug It Off+1","Block Potion","Enlightenment+1","SmokeBomb"],"campfire_rested":3,"item_purchase_floors":[20,20,45,45,45,45,45],"current_hp_per_floor":[80,80,80,70,69,73,73,71,71,71,58,58,64,67,67,71,78,78,45,87,65,69,45,86,70,70,63,60,49,67,58,90,41,78,83,79,86,48,84,84,30,30,30,36,36,57,63,63,84,36],"gold":74,"neow_bonus":"ONE_RANDOM_RARE_CARD","is_prod":false,"is_daily":false,"chose_seed":false,"campfire_upgraded":3,"win_rate":0,"timestamp":1536172607,"path_taken":["M","M","M","M","M","M","R","E","T","?","M","?","M","M","R","BOSS","M","M","$","M","M","E","R","?","T","M","E","M","M","M","R","BOSS","M","M","M","M","?","R","M","?","T","?","$","?","M","?","R","BOSS"],"build_version":"2018-08-30","purchased_purges":0,"victory":true,"max_hp_per_floor":[80,80,80,80,80,80,80,80,80,80,80,80,80,80,80,80,80,80,80,87,87,87,87,87,87,87,87,87,90,90,90,90,90,90,90,93,96,96,84,84,84,84,84,84,84,84,84,84,84,84],"card_choices":[{"not_picked":["Combust","Warcry"],"picked":"Iron Wave","floor":1},{"not_picked":["Havoc","Anger"],"picked":"True Grit","floor":2},{"not_picked":["Sever Soul","Clash"],"picked":"Heavy Blade","floor":3},{"not_picked":["Pommel Strike","Shockwave"],"picked":"Immolate","floor":4},{"not_picked":["Perfected Strike","Heavy Blade"],"picked":"Flame Barrier","floor":5},{"not_picked":["Clash","Blood for Blood"],"picked":"Spot Weakness","floor":6},{"not_picked":["Heavy Blade","Twin Strike"],"picked":"Metallicize","floor":8},{"not_picked":["Shrug It Off","Wild Strike"],"picked":"Thunderclap","floor":11},{"not_picked":["Clash","Flex"],"picked":"Perfected Strike","floor":13},{"not_picked":["Warcry","Fire Breathing"],"picked":"Iron Wave","floor":14},{"not_picked":["Fiend Fire","Reaper"],"picked":"Juggernaut","floor":16},{"not_picked":["Thunderclap+1","Dropkick"],"picked":"Uppercut","floor":18},{"not_picked":["True Grit","Clothesline"],"picked":"Armaments","floor":19},{"not_picked":["Clash","Wild Strike"],"picked":"Cleave+1","floor":21},{"not_picked":["Clash","Spot Weakness"],"picked":"Cleave+1","floor":22},{"not_picked":["Wild Strike","Evolve"],"picked":"Feed","floor":23},{"not_picked":["Anger","Reckless Charge"],"picked":"Havoc+1","floor":27},{"not_picked":["Flex+1","Searing Blow"],"picked":"Intimidate+1","floor":28},{"not_picked":["Flex+1","Warcry+1"],"picked":"Iron Wave+1","floor":29},{"not_picked":["Thunderclap","Anger","Dark Embrace"],"picked":"SKIP","floor":30},{"not_picked":["Heavy Blade","Twin Strike"],"picked":"Rage+1","floor":31},{"not_picked":["Dark Embrace","Bludgeon"],"picked":"Reaper","floor":33},{"not_picked":["Thunderclap","Flex+1","Clothesline"],"picked":"SKIP","floor":35},{"not_picked":["Headbutt","Rupture","Heavy Blade+1"],"picked":"SKIP","floor":36},{"not_picked":["Combust","Thunderclap+1"],"picked":"Headbutt+1","floor":37},{"not_picked":["Battle Trance+1","Flame Barrier+1"],"picked":"True Grit+1","floor":38},{"not_picked":["Pummel","Headbutt+1","Rupture+1"],"picked":"SKIP","floor":41},{"not_picked":["Evolve+1","Pummel","Flex+1"],"picked":"SKIP","floor":44},{"not_picked":["Heavy Blade+1","Clothesline"],"picked":"Havoc+1","floor":48}],"player_experience":342477,"relics_obtained":[{"floor":8,"key":"Ornamental Fan"},{"floor":9,"key":"Oddly Smooth Stone"},{"floor":12,"key":"Ancient Tea Set"},{"floor":23,"key":"Regal Pillow"},{"floor":26,"key":"Toxic Egg 2"},{"floor":28,"key":"Bag of Preparation"},{"floor":43,"key":"Bag of Marbles"}],"event_choices":[{"event_name":"Liars Game","player_choice":"disagreed","floor":10,"damage_taken":0},{"event_name":"Cursed Tome","player_choice":"Obtained Book","floor":25,"damage_taken":0},{"event_name":"The Moai Head","player_choice":"Heal","floor":39,"damage_taken":0},{"event_name":"Duplicator","player_choice":"One dupe","floor":42,"damage_taken":0},{"event_name":"Winding Halls","player_choice":"Writhe","floor":46,"damage_taken":0}],"is_beta":false,"boss_relics":[{"not_picked":["Coffee Dripper","Fusion Hammer"],"picked":"Velvet Choker"},{"not_picked":["Tiny House","Runic Cube"],"picked":"Runic Pyramid"}],"items_purged_floors":[],"is_endless":false,"potions_floor_spawned":[3,5,6,14,18,21,23,29,31,33,35,37,38,48],"ascension_level":5}