{"gold_per_floor":[112,122,122,134,134,160,160,171,171,171,171,185,203,237,237,335,335,345,362,362,141,191,191,201,201,201,201,251],"floor_reached":28,"playtime":1225,"items_purged":[],"score":285,"play_id":"57db3fc3-c81d-4ad8-99c6-015641c3b6e9","local_time":"20181028123938","is_ascension_mode":true,"campfire_choices":[{"floor":11,"key":"REST"},{"floor":15,"key":"REST"},{"floor":23,"key":"REST"},{"floor":25,"key":"REST"},{"floor":27,"key":"REST"}],"neow_cost":"NONE","seed_source_timestamp":1189125332672128,"circlet_count":0,"master_deck":["Defend_G+1","Defend_G","Defend_G","Defend_G","Defend_G","Strike_G+1","Strike_G","Strike_G","Strike_G","Survivor","Neutralize","Dagger Spray","Dash","Riddle With Holes","Slice","Dagger Spray","Dagger Spray","Cloak And Dagger","Terror","A Thousand Cuts","Blade Dance","Infinite Blades","Accuracy","Sucker Punch+1","Backflip","Footwork","Leg Sweep","Accuracy","Finisher+1"],"relics":["Ring of the Snake","Boot","Question Card","Bottled Lightning","Molten Egg 2","Orrery","SsserpentHead","Pen Nib","Frozen Egg 2"],"potions_floor_usage":[19,22,22,28],"damage_taken":[{"damage":0,"enemies":"Small Slimes","floor":1,"turns":3},{"damage":1,"enemies":"Jaw Worm","floor":2,"turns":5},{"damage":0,"enemies":"2 Louse","floor":4,"turns":3},{"damage":16,"enemies":"Lagavulin","floor":6,"turns":6},{"damage":0,"enemies":"2 Fungi Beasts","floor":8,"turns":2},{"damage":6,"enemies":"3 Louse","floor":12,"turns":2},{"damage":7,"enemies":"Red Slaver","floor":13,"turns":3},{"damage":5,"enemies":"3 Sentries","floor":14,"turns":5},{"damage":23,"enemies":"The Guardian","floor":16,"turns":14},{"damage":34,"enemies":"2 Thieves","floor":18,"turns":5},{"damage":1,"enemies":"Chosen","floor":19,"turns":5},{"damage":19,"enemies":"Colosseum Slavers","floor":22,"turns":6},{"damage":30,"enemies":"Snecko","floor":24,"turns":6},{"damage":52,"enemies":"3 Cultists","floor":28,"turns":5}],"seed_played":"-4887831715072477882","potions_obtained":[{"floor":2,"key":"GamblersBrew"},{"floor":12,"key":"GhostInAJar"},{"floor":14,"key":"Swift Potion"},{"floor":16,"key":"SkillPotion"},{"floor":24,"key":"SteroidPotion"}],"is_trial":false,"path_per_floor":["M","M","?","M","?","E","?","M","T","$","R","M","M","E","R","B",null,"M","M","?","$","?","R","M","R","T","R"],"character_chosen":"THE_SILENT","items_purchased":["Pen Nib","Accuracy"],"campfire_rested":5,"item_purchase_floors":[21,21],"current_hp_per_floor":[70,69,74,74,59,43,43,43,43,43,65,59,52,47,69,46,68,34,33,33,33,14,36,6,28,28,50,0],"gold":251,"neow_bonus":"RANDOM_COMMON_RELIC","is_prod":false,"is_daily":false,"chose_seed":false,"campfire_upgraded":0,"win_rate":0,"timestamp":1540755578,"path_taken":["M","M","?","M","?","E","?","M","T","$","R","M","M","E","R","BOSS","M","M","?","$","?","R","M","R","T","R","?"],"build_version":"2018-10-25v2","purchased_purges":0,"victory":false,"max_hp_per_floor":[70,70,75,75,75,75,75,75,75,75,75,75,75,75,75,75,75,75,75,75,75,75,75,75,75,75,75,75],"card_choices":[{"not_picked":["Flying Knee","Outmaneuver"],"picked":"Dagger Spray","floor":1},{"not_picked":["Dodge and Roll","Sucker Punch"],"picked":"Dash","floor":2},{"not_picked":["Cloak And Dagger","Prepared"],"picked":"Riddle With Holes","floor":4},{"not_picked":["Flechettes","Choke"],"picked":"Slice","floor":6},{"not_picked":["Outmaneuver","PiercingWail","Crippling Poison"],"picked":"Dagger Spray","floor":8},{"not_picked":["PiercingWail","Dagger Throw","Deflect"],"picked":"Dagger Spray","floor":12},{"not_picked":["Dagger Spray","Outmaneuver","Quick Slash"],"picked":"Cloak And Dagger","floor":13},{"not_picked":["Backstab","Quick Slash","Finisher"],"picked":"Terror","floor":14},{"not_picked":["After Image","Adrenaline","Phantasmal Killer"],"picked":"A Thousand Cuts","floor":16},{"not_picked":["Sucker Punch+1","Calculated Gamble","Poisoned Stab+1"],"picked":"Blade Dance","floor":17},{"not_picked":["Deflect","Quick Slash+1","Calculated Gamble"],"picked":"Infinite Blades","floor":17},{"not_picked":["Distraction","Deflect","Deadly Poison"],"picked":"Accuracy","floor":17},{"not_picked":["Night Terror","Underhanded Strike+1","Masterful Stab+1"],"picked":"Sucker Punch+1","floor":17},{"not_picked":["Distraction","Caltrops","Underhanded Strike+1"],"picked":"Backflip","floor":17},{"not_picked":["Eviscerate+1","Deadly Poison","Crippling Poison"],"picked":"Footwork","floor":18},{"not_picked":["Dagger Spray+1","Sucker Punch+1","Caltrops"],"picked":"Leg Sweep","floor":19},{"not_picked":["Choke+1","Flechettes+1","Phantasmal Killer"],"picked":"Finisher+1","floor":24}],"player_experience":475447,"relics_obtained":[{"floor":6,"key":"Question Card"},{"floor":9,"key":"Bottled Lightning"},{"floor":14,"key":"Molten Egg 2"},{"floor":26,"key":"Frozen Egg 2"}],"event_choices":[{"damage_healed":0,"gold_gain":0,"player_choice":"Donut","damage_taken":0,"max_hp_gain":5,"max_hp_loss":0,"event_name":"Big Fish","floor":3,"gold_loss":0},{"damage_healed":0,"gold_gain":0,"player_choice":"Entered Light","damage_taken":15,"max_hp_gain":0,"max_hp_loss":0,"event_name":"Shining Light","floor":5,"gold_loss":0,"cards_upgraded":["Strike_G","Defend_G"]},{"cards_removed":["Strike_G"],"damage_healed":0,"gold_gain":0,"player_choice":"Purged","damage_taken":0,"max_hp_gain":0,"max_hp_loss":0,"event_name":"Purifier","floor":7,"gold_loss":0},{"damage_healed":0,"gold_gain":0,"player_choice":"Trade","damage_taken":0,"relics_obtained":["SsserpentHead"],"max_hp_gain":0,"max_hp_loss":0,"event_name":"FaceTrader","floor":20,"gold_loss":0},{"damage_healed":0,"gold_gain":0,"player_choice":"Fight","damage_taken":0,"max_hp_gain":0,"max_hp_loss":0,"event_name":"Colosseum","floor":22,"gold_loss":0},{"damage_healed":0,"gold_gain":0,"player_choice":"Fled From Nobs","damage_taken":0,"max_hp_gain":0,"max_hp_loss":0,"event_name":"Colosseum","floor":22,"gold_loss":0}],"is_beta":false,"boss_relics":[{"not_picked":["Lizard Tail","Black Star"],"picked":"Orrery"}],"items_purged_floors":[],"is_endless":false,"potions_floor_spawned":[2,12,14,16,22,24],"killed_by":"3 Cultists","ascension_level":5}