{"gold_per_floor":[112,130,150,170,182,208,208,220,289,289,289,299,299,474,474,593,593,617,638,289,289,313,313,337,337,337,361,381,381,18,34,34,34],"floor_reached":33,"playtime":2539,"items_purged":["Doubt"],"score":342,"play_id":"af845d9d-e947-4621-8100-5c7ec388d819","local_time":"20180929162520","is_ascension_mode":true,"campfire_choices":[{"data":"Bash","floor":7,"key":"SMITH"},{"data":"Armaments","floor":11,"key":"SMITH"},{"floor":15,"key":"REST"},{"data":"Uppercut","floor":23,"key":"SMITH"},{"data":"Bloodletting","floor":25,"key":"SMITH"},{"data":"Immolate","floor":29,"key":"SMITH"},{"floor":32,"key":"REST"}],"neow_cost":"TEN_PERCENT_HP_LOSS","seed_source_timestamp":113672137180108,"circlet_count":0,"master_deck":["Strike_R","Strike_R","Strike_R","Strike_R","Strike_R","Defend_R","Defend_R+1","Defend_R","Defend_R","Bash+1","Offering","Metallicize+1","Armaments+1","Cleave","Shrug It Off","Clothesline","Immolate+1","Shrug It Off","Bloodletting+1","Reaper","Headbutt","Warcry+1","Power Through","Finesse","RitualDagger","Uppercut+1","Intimidate+1","Infernal Blade+1","Inflame","True Grit","Exhume"],"relics":["Burning Blood","Centennial Puzzle","Meat on the Bone","Golden Idol","Mark of Pain","Bag of Preparation","Darkstone Periapt","Bottled Tornado"],"potions_floor_usage":[6,16,22,33,33,33],"damage_taken":[{"damage":3,"enemies":"Small Slimes","floor":1,"turns":5},{"damage":12,"enemies":"Jaw Worm","floor":2,"turns":4},{"damage":2,"enemies":"Cultist","floor":3,"turns":4},{"damage":6,"enemies":"Looter","floor":4,"turns":4},{"damage":6,"enemies":"3 Louse","floor":5,"turns":6},{"damage":24,"enemies":"3 Sentries","floor":6,"turns":10},{"damage":9,"enemies":"Blue Slaver","floor":8,"turns":3},{"damage":0,"enemies":"2 Fungi Beasts","floor":12,"turns":4},{"damage":32,"enemies":"Hexaghost","floor":16,"turns":13},{"damage":26,"enemies":"3 Byrds","floor":18,"turns":5},{"damage":15,"enemies":"Spheric Guardian","floor":19,"turns":4},{"damage":28,"enemies":"Centurion and Healer","floor":22,"turns":7},{"damage":6,"enemies":"Snake Plant","floor":24,"turns":2},{"damage":3,"enemies":"Snecko","floor":27,"turns":2},{"damage":4,"enemies":"3 Cultists","floor":28,"turns":4},{"damage":15,"enemies":"Snake Plant","floor":31,"turns":2},{"damage":79,"enemies":"Automaton","floor":33,"turns":12}],"seed_played":"-5398664759697134439","potions_obtained":[{"floor":1,"key":"GamblersBrew"},{"floor":2,"key":"SkillPotion"},{"floor":4,"key":"Weak Potion"},{"floor":12,"key":"Explosive Potion"},{"floor":18,"key":"PowerPotion"},{"floor":24,"key":"Explosive Potion"}],"is_trial":false,"path_per_floor":["M","M","M","M","M","E","R","M","T","?","R","M","?","?","R","B",null,"M","M","$","?","M","R","M","R","T","M","M","R","$","M","R"],"character_chosen":"IRONCLAD","items_purchased":["Bag of Preparation","Power Through","Finesse","Inflame","True Grit","Bottled Tornado"],"campfire_rested":2,"item_purchase_floors":[20,20,20,30,30,30],"current_hp_per_floor":[72,66,70,70,70,52,52,49,49,35,35,53,35,35,56,42,65,51,46,46,40,38,38,50,50,50,53,55,55,55,52,72,0],"gold":34,"neow_bonus":"THREE_RARE_CARDS","is_prod":false,"is_daily":false,"chose_seed":false,"campfire_upgraded":5,"win_rate":0,"timestamp":1538263520,"path_taken":["M","M","M","M","M","E","R","M","T","?","R","M","?","?","R","BOSS","M","?","$","?","M","R","M","R","T","M","M","R","$","M","R","BOSS"],"build_version":"2018-09-27","purchased_purges":1,"victory":false,"max_hp_per_floor":[72,72,72,72,72,72,72,72,72,72,72,72,72,72,72,72,72,72,72,72,72,72,72,72,72,72,72,72,72,72,72,72,72],"card_choices":[{"not_picked":["Double Tap","Reaper"],"picked":"Offering","floor":0},{"not_picked":["Heavy Blade","Intimidate"],"picked":"Metallicize","floor":1},{"not_picked":["Combust","Anger"],"picked":"Armaments","floor":2},{"not_picked":["Perfected Strike","Anger"],"picked":"Cleave","floor":3},{"not_picked":["Cleave","Ghostly Armor"],"picked":"Shrug It Off","floor":4},{"not_picked":["Warcry","Anger"],"picked":"Clothesline","floor":5},{"not_picked":["True Grit","Second Wind"],"picked":"Immolate","floor":6},{"not_picked":["Anger","Flex"],"picked":"Shrug It Off","floor":8},{"not_picked":["True Grit","Sword Boomerang"],"picked":"Bloodletting","floor":12},{"not_picked":["Dark Embrace","Berserk"],"picked":"Reaper","floor":16},{"not_picked":["Anger","Dual Wield"],"picked":"Headbutt","floor":18},{"not_picked":["Uppercut","Body Slam+1"],"picked":"Warcry+1","floor":19},{"not_picked":["Fire Breathing","Heavy Blade"],"picked":"Uppercut","floor":22},{"not_picked":["Flame Barrier","Sword Boomerang"],"picked":"Intimidate+1","floor":24},{"not_picked":["Clash","Disarm"],"picked":"Infernal Blade+1","floor":27},{"not_picked":["Pummel+1","Flex+1","Clothesline+1"],"picked":"SKIP","floor":28},{"not_picked":["Entrench","Whirlwind"],"picked":"Exhume","floor":31}],"player_experience":413117,"relics_obtained":[{"floor":6,"key":"Centennial Puzzle"},{"floor":9,"key":"Meat on the Bone"},{"floor":26,"key":"Darkstone Periapt"}],"event_choices":[{"event_name":"Shining Light","player_choice":"Entered Light","floor":10,"damage_taken":0},{"event_name":"Golden Idol","player_choice":"Take Damage","floor":13,"damage_taken":0},{"event_name":"Liars Game","player_choice":"agreed","floor":14,"damage_taken":0},{"event_name":"Nest","player_choice":"Joined the Cult","floor":21,"damage_taken":0}],"is_beta":false,"boss_relics":[{"not_picked":["Sozu","Runic Pyramid"],"picked":"Mark of Pain"}],"items_purged_floors":[20],"is_endless":false,"potions_floor_spawned":[1,2,4,12,18,24,31],"killed_by":"Automaton","ascension_level":7}