{"gold_per_floor":[113,188,205,220,220,254,254,254],"floor_reached":8,"playtime":365,"items_purged":[],"score":87,"play_id":"90153cb2-1361-4b37-90c6-ae14203d6919","local_time":"20181231132255","is_ascension_mode":true,"campfire_choices":[{"floor":7,"key":"REST"}],"neow_cost":"NONE","seed_source_timestamp":934463541275161,"circlet_count":0,"master_deck":["AscendersBane","Strike_R","Strike_R","Strike_R","Strike_R","Strike_R","Defend_R","Defend_R","Defend_R","Defend_R","Bash","Heavy Blade","Power Through","Body Slam","Shrug It Off","Shrug It Off"],"relics":["Burning Blood","The Courier","Charon\u0027s Ashes"],"potions_floor_usage":[6],"damage_taken":[{"damage":3,"enemies":"2 Louse","floor":1,"turns":3},{"damage":1,"enemies":"Jaw Worm","floor":3,"turns":4},{"damage":6,"enemies":"Cultist","floor":4,"turns":3},{"damage":48,"enemies":"Lagavulin","floor":6,"turns":12},{"damage":27,"enemies":"Gremlin Nob","floor":8,"turns":4}],"seed_played":"6551557073099795606","potions_obtained":[{"floor":4,"key":"SkillPotion"}],"is_trial":false,"path_per_floor":["M","?","M","M","?","E","R","E"],"character_chosen":"IRONCLAD","items_purchased":[],"campfire_rested":1,"item_purchase_floors":[],"current_hp_per_floor":[75,64,69,69,51,9,33,6],"gold":254,"neow_bonus":"THREE_CARDS","is_prod":false,"is_daily":false,"chose_seed":false,"campfire_upgraded":0,"win_rate":0,"timestamp":1546291375,"path_taken":["M","?","M","M","?","E","R","E"],"build_version":"2018-12-20","purchased_purges":0,"victory":false,"max_hp_per_floor":[80,80,80,80,80,80,80,80],"card_choices":[{"not_picked":["Searing Blow","Clash"],"picked":"Heavy Blade","floor":0},{"not_picked":["Perfected Strike","Sword Boomerang"],"picked":"Power Through","floor":1},{"not_picked":["Clash","Dual Wield"],"picked":"Body Slam","floor":3},{"not_picked":["Clothesline","Whirlwind"],"picked":"Shrug It Off","floor":4},{"not_picked":["Sword Boomerang","Pommel Strike"],"picked":"Shrug It Off","floor":6}],"player_experience":564563,"relics_obtained":[{"floor":6,"key":"Charon\u0027s Ashes"}],"event_choices":[{"damage_healed":0,"gold_gain":75,"player_choice":"Gather Gold","damage_taken":11,"max_hp_gain":0,"max_hp_loss":0,"event_name":"World of Goop","floor":2,"gold_loss":0},{"damage_healed":0,"gold_gain":0,"player_choice":"Success","damage_taken":18,"relics_obtained":["The Courier"],"max_hp_gain":0,"max_hp_loss":0,"event_name":"Scrap Ooze","floor":5,"gold_loss":0}],"is_beta":false,"boss_relics":[],"items_purged_floors":[],"is_endless":false,"potions_floor_spawned":[4],"killed_by":"Gremlin Nob","ascension_level":11}