{"gold_per_floor":[118,38,38,9,26,26,61,61,117,145,145,162,162,178,178,178],"floor_reached":16,"playtime":1772,"items_purged":[],"score":205,"play_id":"03cf8486-f81b-404b-87b5-04bb0916c863","local_time":"20190713151722","is_ascension_mode":true,"campfire_choices":[{"floor":6,"key":"REST"},{"data":"Zap","floor":11,"key":"SMITH"},{"data":"Loop","floor":13,"key":"SMITH"},{"floor":15,"key":"REST"}],"neow_cost":"NONE","seed_source_timestamp":300221446879021,"circlet_count":0,"master_deck":["AscendersBane","Strike_B+1","Strike_B","Strike_B","Strike_B","Defend_B","Defend_B","Defend_B","Defend_B","Zap+1","Dualcast","Undo+1","Loop+1","Coolheaded","Cold Snap","Turbo","Compile Driver","Conserve Battery","Compile Driver","Stack"],"relics":["Cracked Core","Dream Catcher","Orichalcum","Tiny Chest","Calipers"],"potions_floor_usage":[10],"damage_taken":[{"damage":6,"enemies":"Cultist","floor":1,"turns":4},{"damage":0,"enemies":"Small Slimes","floor":5,"turns":3},{"damage":27,"enemies":"Lagavulin","floor":7,"turns":8},{"damage":14,"enemies":"3 Sentries","floor":10,"turns":10},{"damage":6,"enemies":"Jaw Worm","floor":12,"turns":2},{"damage":5,"enemies":"Exordium Wildlife","floor":14,"turns":5},{"damage":50,"enemies":"Hexaghost","floor":16,"turns":18}],"seed_played":"2280146430466824661","potions_obtained":[{"floor":1,"key":"Regen Potion"},{"floor":12,"key":"FairyPotion"}],"is_trial":false,"path_per_floor":["M","$","?","$","M","R","E","?","T","E","R","M","R","M","R","B"],"character_chosen":"DEFECT","items_purchased":["Loop","Coolheaded"],"campfire_rested":2,"item_purchase_floors":[2,4],"current_hp_per_floor":[58,58,37,37,37,58,31,31,31,32,32,26,26,21,42,0],"gold":178,"neow_bonus":"RANDOM_COMMON_RELIC","is_prod":false,"is_daily":false,"chose_seed":false,"campfire_upgraded":2,"win_rate":0,"timestamp":1563056242,"path_taken":["M","$","?","$","M","R","E","?","T","E","R","M","R","M","R","BOSS"],"build_version":"2019-07-05","purchased_purges":0,"victory":false,"max_hp_per_floor":[71,71,71,71,71,71,71,71,71,71,71,71,71,71,71,71],"card_choices":[{"not_picked":["Reprogram","Redo"],"picked":"Undo","floor":1},{"not_picked":["Stack","FTL"],"picked":"Cold Snap","floor":5},{"not_picked":["Rip and Tear","Steam"],"picked":"Turbo","floor":6},{"not_picked":["Rebound","Ball Lightning"],"picked":"Compile Driver","floor":7},{"not_picked":["Turbo","Leap"],"picked":"Conserve Battery","floor":10},{"not_picked":["Ball Lightning","Hello World"],"picked":"Compile Driver","floor":12},{"not_picked":["Rip and Tear","Lockon","Steam Power"],"picked":"SKIP","floor":14},{"not_picked":["Hyperbeam","Rebound"],"picked":"Stack","floor":15}],"player_experience":2070767,"relics_obtained":[{"floor":7,"key":"Orichalcum"},{"floor":9,"key":"Tiny Chest"},{"floor":10,"key":"Calipers"}],"event_choices":[{"damage_healed":0,"gold_gain":0,"player_choice":"Entered Light","damage_taken":21,"max_hp_gain":0,"max_hp_loss":0,"event_name":"Shining Light","floor":3,"gold_loss":0,"cards_upgraded":["Undo","Strike_B"]},{"damage_healed":0,"gold_gain":0,"player_choice":"Ignored","damage_taken":0,"max_hp_gain":0,"max_hp_loss":0,"event_name":"Golden Idol","floor":8,"gold_loss":0}],"is_beta":false,"boss_relics":[],"items_purged_floors":[],"is_endless":false,"potions_floor_spawned":[1,12],"killed_by":"Hexaghost","ascension_level":18}