{"gold_per_floor":[111,131,131,146,164,164,189,209,235,265,279,279,338,355,355,355],"floor_reached":16,"playtime":886,"items_purged":[],"score":120,"play_id":"cb43b26c-298e-4630-b65e-c68111f88211","local_time":"20190906210715","is_ascension_mode":true,"campfire_choices":[{"data":"After Image","floor":6,"key":"SMITH"},{"floor":12,"key":"REST"},{"data":"Neutralize","floor":15,"key":"SMITH"}],"neow_cost":"TEN_PERCENT_HP_LOSS","seed_source_timestamp":81030914367400,"circlet_count":0,"master_deck":["Strike_G","Strike_G","Strike_G","Strike_G","Strike_G","Defend_G","Defend_G","Defend_G","Defend_G","Defend_G","Survivor","Neutralize+1","After Image+1","Dagger Throw","Dagger Spray","Predator","Dash","Burst","Flying Knee","Footwork"],"relics":["Ring of the Snake","Bird Faced Urn","Centennial Puzzle"],"potions_floor_usage":[10,11,16],"damage_taken":[{"damage":0,"enemies":"Small Slimes","floor":1,"turns":4},{"damage":1,"enemies":"2 Louse","floor":2,"turns":3},{"damage":0,"enemies":"Cultist","floor":4,"turns":5},{"damage":6,"enemies":"2 Fungi Beasts","floor":5,"turns":3},{"damage":14,"enemies":"3 Sentries","floor":7,"turns":10},{"damage":7,"enemies":"Blue Slaver","floor":8,"turns":4},{"damage":8,"enemies":"Lagavulin","floor":10,"turns":8},{"damage":1,"enemies":"3 Louse","floor":11,"turns":3},{"damage":0,"enemies":"Large Slime","floor":14,"turns":9},{"damage":56,"enemies":"Hexaghost","floor":16,"turns":18}],"seed_played":"-4637341335502828657","potions_obtained":[{"floor":4,"key":"GhostInAJar"},{"floor":8,"key":"GhostInAJar"},{"floor":10,"key":"Ancient Potion"},{"floor":14,"key":"Block Potion"}],"is_trial":false,"path_per_floor":["M","M","?","M","M","R","E","M","T","E","M","R","?","M","R","B"],"character_chosen":"THE_SILENT","items_purchased":[],"campfire_rested":1,"item_purchase_floors":[],"current_hp_per_floor":[63,62,62,62,56,56,42,37,37,31,32,50,50,52,52,0],"gold":355,"neow_bonus":"THREE_RARE_CARDS","is_prod":false,"is_daily":false,"chose_seed":false,"campfire_upgraded":2,"win_rate":0,"timestamp":1567829235,"path_taken":["M","M","?","M","M","R","E","M","T","E","M","R","?","M","R","BOSS"],"build_version":"2019-08-26","purchased_purges":0,"victory":false,"max_hp_per_floor":[63,63,63,63,63,63,63,63,63,63,63,63,63,63,63,63],"card_choices":[{"not_picked":["Night Terror","Bullet Time"],"picked":"After Image","floor":0},{"not_picked":["Flying Knee","Poisoned Stab"],"picked":"Dagger Throw","floor":1},{"not_picked":["Bane","Acrobatics"],"picked":"Dagger Spray","floor":2},{"not_picked":["Outmaneuver","Calculated Gamble"],"picked":"Predator","floor":4},{"not_picked":["Riddle With Holes","Deadly Poison"],"picked":"Dash","floor":5},{"not_picked":["Finisher","Masterful Stab"],"picked":"Burst","floor":7},{"not_picked":["Predator","Underhanded Strike","Blade Dance"],"picked":"SKIP","floor":8},{"not_picked":["Blade Dance","Reflex","Accuracy"],"picked":"SKIP","floor":10},{"not_picked":["Slice","Dagger Spray"],"picked":"Flying Knee","floor":11},{"not_picked":["Prepared","Backstab"],"picked":"Footwork","floor":14}],"player_experience":1473228,"relics_obtained":[{"floor":7,"key":"Bird Faced Urn"},{"floor":10,"key":"Centennial Puzzle"}],"event_choices":[{"damage_healed":0,"gold_gain":0,"player_choice":"Ignored","damage_taken":0,"max_hp_gain":0,"max_hp_loss":0,"event_name":"Liars Game","floor":3,"gold_loss":0},{"damage_healed":0,"gold_gain":59,"player_choice":"Gained Gold","damage_taken":0,"max_hp_gain":0,"max_hp_loss":0,"event_name":"Golden Wing","floor":13,"gold_loss":0}],"is_beta":true,"boss_relics":[],"items_purged_floors":[],"is_endless":false,"potions_floor_spawned":[4,8,10,14],"killed_by":"Hexaghost","ascension_level":1}