{"gold_per_floor":[20,37,48,66,66,91,91,116,116,126,126,158,2,16,16,88,88,101,113,129,129,54,54,54],"floor_reached":24,"playtime":2329,"items_purged":["Clash"],"score":371,"play_id":"0efce41c-cc7a-4efd-9ef7-36150c9c49e9","local_time":"20190730211857","is_ascension_mode":true,"campfire_choices":[{"floor":7,"key":"REST"},{"floor":11,"key":"REST"},{"floor":15,"key":"REST"},{"floor":23,"key":"REST"}],"neow_cost":"NO_GOLD","seed_source_timestamp":1765614800606070,"circlet_count":0,"master_deck":["AscendersBane","Strike_R+1","Strike_R+1","Strike_R+1","Strike_R+1","Strike_R+1","Defend_R+1","Defend_R+1","Defend_R+1","Defend_R+1","Bash","True Grit","Fire Breathing","Battle Trance","Pommel Strike","Sword Boomerang","Clash","Demon Form","Infernal Blade","Offering","Twin Strike","Disarm","Second Wind+1"],"relics":["Burning Blood","StoneCalendar","Blood Vial","Oddly Smooth Stone","Anchor","Bottled Lightning","Happy Flower","Velvet Choker"],"potions_floor_usage":[16],"damage_taken":[{"damage":0,"enemies":"2 Louse","floor":1,"turns":3},{"damage":7,"enemies":"Jaw Worm","floor":2,"turns":5},{"damage":0,"enemies":"Small Slimes","floor":3,"turns":3},{"damage":5,"enemies":"Blue Slaver","floor":4,"turns":7},{"damage":72,"enemies":"Gremlin Nob","floor":6,"turns":6},{"damage":21,"enemies":"Lagavulin","floor":8,"turns":7},{"damage":0,"enemies":"Red Slaver","floor":10,"turns":3},{"damage":12,"enemies":"3 Sentries","floor":12,"turns":7},{"damage":14,"enemies":"Lots of Slimes","floor":14,"turns":6},{"damage":56,"enemies":"Hexaghost","floor":16,"turns":7},{"damage":20,"enemies":"Spheric Guardian","floor":18,"turns":4},{"damage":24,"enemies":"Shell Parasite","floor":19,"turns":4},{"damage":34,"enemies":"Cultist and Chosen","floor":20,"turns":5},{"damage":39,"enemies":"Slavers","floor":24,"turns":4}],"seed_played":"7784816632657148269","potions_obtained":[{"floor":2,"key":"EntropicBrew"},{"floor":8,"key":"Explosive Potion"},{"floor":12,"key":"Poison Potion"},{"floor":16,"key":"Energy Potion"},{"floor":18,"key":"PowerPotion"}],"is_trial":false,"path_per_floor":["M","M","M","M","?","E","R","E","T","M","R","E","$","M","R","B",null,"M","M","M","?","$","R","E"],"character_chosen":"IRONCLAD","items_purchased":["Happy Flower"],"campfire_rested":4,"item_purchase_floors":[13],"current_hp_per_floor":[74,73,75,75,80,14,38,25,25,33,57,53,53,47,71,23,66,54,38,12,12,12,36,0],"gold":54,"neow_bonus":"ONE_RARE_RELIC","is_prod":false,"is_daily":false,"chose_seed":false,"campfire_upgraded":0,"win_rate":0,"timestamp":1564546737,"path_taken":["M","M","M","M","?","E","R","E","T","M","R","E","$","M","R","BOSS","M","M","M","?","$","R","E"],"build_version":"2019-07-17","purchased_purges":1,"victory":false,"max_hp_per_floor":[75,75,75,75,80,80,80,80,80,80,80,80,80,80,80,80,80,80,80,80,80,80,80,80],"card_choices":[{"not_picked":["Armaments","Thunderclap"],"picked":"True Grit","floor":1},{"not_picked":["Clash","Feel No Pain"],"picked":"Fire Breathing","floor":2},{"not_picked":["Blood for Blood","Havoc"],"picked":"Clash","floor":3},{"not_picked":["Heavy Blade","Havoc"],"picked":"Battle Trance","floor":4},{"not_picked":["Rupture","Uppercut"],"picked":"Pommel Strike","floor":6},{"not_picked":["Second Wind","Entrench"],"picked":"Sword Boomerang","floor":8},{"not_picked":["Flex","Shrug It Off"],"picked":"Clash","floor":10},{"not_picked":["Rupture","Clash"],"picked":"Demon Form","floor":12},{"not_picked":["Warcry","Battle Trance"],"picked":"Infernal Blade","floor":14},{"not_picked":["Dark Embrace","Berserk"],"picked":"Offering","floor":16},{"not_picked":["Bloodletting","Pommel Strike"],"picked":"Twin Strike","floor":18},{"not_picked":["Battle Trance","Entrench"],"picked":"Disarm","floor":19},{"not_picked":["Sentinel","Perfected Strike"],"picked":"Second Wind+1","floor":20}],"player_experience":697377,"relics_obtained":[{"floor":6,"key":"Blood Vial"},{"floor":8,"key":"Oddly Smooth Stone"},{"floor":9,"key":"Anchor"},{"floor":12,"key":"Bottled Lightning"}],"event_choices":[{"damage_healed":0,"gold_gain":0,"player_choice":"Donut","damage_taken":0,"max_hp_gain":5,"max_hp_loss":0,"event_name":"Big Fish","floor":5,"gold_loss":0},{"damage_healed":0,"gold_gain":0,"player_choice":"Simplicity","damage_taken":0,"max_hp_gain":0,"max_hp_loss":0,"event_name":"Back to Basics","floor":21,"gold_loss":0,"cards_upgraded":["Strike_R","Strike_R","Strike_R","Strike_R","Strike_R","Defend_R","Defend_R","Defend_R","Defend_R"]}],"is_beta":false,"boss_relics":[{"not_picked":["Mark of Pain","Runic Cube"],"picked":"Velvet Choker"}],"items_purged_floors":[22],"is_endless":false,"potions_floor_spawned":[2,8,10,12,16,18,20],"killed_by":"Slavers","ascension_level":14}