{"gold_per_floor":[109,109,123,138,150,185,199,199,199,215,279,295,308,321,321,424,424,410,423,423,41,52,52,81,81,105,105,130,145,160,85,85,188,188,200,200,200,211,227,258,258,293,293,309,319,670,670,670,670,670],"floor_reached":50,"playtime":4357,"items_purged":["Writhe"],"score":636,"play_id":"ef0fda02-b5d1-476c-bed0-87df5fde9ad6","local_time":"20190729212706","is_ascension_mode":true,"campfire_choices":[{"data":"Zap","floor":8.0,"key":"SMITH"},{"floor":15,"key":"REST"},{"data":"Creative AI","floor":23,"key":"SMITH"},{"data":"Dualcast","floor":25,"key":"SMITH"},{"floor":27,"key":"RECALL"},{"data":"Glacier","floor":32,"key":"SMITH"},{"floor":47,"key":"REST"},{"floor":49,"key":"DIG"}],"neow_cost":"CURSE","seed_source_timestamp":0,"circlet_count":0,"master_deck":["Strike_B","Strike_B","Defend_B","Defend_B","Defend_B","Defend_B","Zap+1","Dualcast+1","Chill","Skim","Go for the Eyes","Leap","Heatsinks","Leap","Heatsinks","Leap","Heatsinks","Sweeping Beam","Creative AI+1","White Noise+1","Necronomicurse","All For One","Loop+1","Tempest","Glacier+1","Ball Lightning","Thunder Strike","White Noise","Hologram+1","Lockon","BootSequence","Defragment","White Noise+1"],"special_seed":0,"relics":["Cracked Core","Bird Faced Urn","PreservedInsect","Tiny Chest","Sozu","Necronomicon","DataDisk","The Courier","Oddly Smooth Stone","Darkstone Periapt","Orrery","Bronze Scales","Strawberry","Omamori","Shovel","Old Coin","Mango"],"potions_floor_usage":[10,11,16,16,24],"damage_taken":[{"damage":0.0,"enemies":"Small Slimes","floor":1.0,"turns":3.0},{"damage":0.0,"enemies":"Cultist","floor":3.0,"turns":3.0},{"damage":1.0,"enemies":"Jaw Worm","floor":4.0,"turns":4.0},{"damage":0.0,"enemies":"3 Louse","floor":5.0,"turns":4.0},{"damage":20.0,"enemies":"Lagavulin","floor":6.0,"turns":8.0},{"damage":7.0,"enemies":"Looter","floor":7.0,"turns":4.0},{"damage":0,"enemies":"Exordium Thugs","floor":10,"turns":3},{"damage":23,"enemies":"3 Sentries","floor":11,"turns":17},{"damage":6,"enemies":"Exordium Wildlife","floor":12,"turns":6},{"damage":4,"enemies":"Looter","floor":13,"turns":4},{"damage":0,"enemies":"2 Fungi Beasts","floor":14,"turns":5},{"damage":49,"enemies":"Slime Boss","floor":16,"turns":16},{"damage":8,"enemies":"2 Thieves","floor":18,"turns":4},{"damage":19,"enemies":"Shell Parasite","floor":19,"turns":10},{"damage":16,"enemies":"Snecko","floor":22,"turns":5},{"damage":18,"enemies":"Slavers","floor":24,"turns":2},{"damage":31,"enemies":"Gremlin Leader","floor":28,"turns":5},{"damage":19,"enemies":"Cultist and Chosen","floor":29,"turns":9},{"damage":2,"enemies":"Snake Plant","floor":30,"turns":7},{"damage":28,"enemies":"Automaton","floor":33,"turns":10},{"damage":31,"enemies":"3 Shapes","floor":35,"turns":5},{"damage":8,"enemies":"3 Darklings","floor":38,"turns":8},{"damage":0,"enemies":"Jaw Worm Horde","floor":39,"turns":2},{"damage":25,"enemies":"Nemesis","floor":40,"turns":9},{"damage":21,"enemies":"Giant Head","floor":42,"turns":7},{"damage":11,"enemies":"Transient","floor":44,"turns":5},{"damage":28,"enemies":"Writhing Mass","floor":45,"turns":9},{"damage":57,"enemies":"2 Orb Walkers","floor":46,"turns":5},{"damage":94,"enemies":"Awakened One","floor":50,"turns":10}],"seed_played":"-243602422024447974","potions_obtained":[{"floor":1.0,"key":"SteroidPotion"},{"floor":2.0,"key":"LiquidBronze"},{"floor":2.0,"key":"SneckoOil"},{"floor":2.0,"key":"GamblersBrew"},{"floor":3.0,"key":"Explosive Potion"},{"floor":7.0,"key":"Weak Potion"},{"floor":10,"key":"Block Potion"},{"floor":14,"key":"Poison Potion"},{"floor":16,"key":"Explosive Potion"}],"is_trial":false,"path_per_floor":["M","?","M","M","M","E","M","R","T","M","E","M","M","M","R","B",null,"M","M","?","$","M","R","E","R","T","R","E","M","M","?","R","B",null,"M","?","?","M","M","E","T","E","T","M","M","?","R","?","R","B"],"character_chosen":"DEFECT","items_purchased":["DataDisk","All For One"],"campfire_rested":2,"item_purchase_floors":[21,21],"current_hp_per_floor":[75,75,75,74,74,54,49,49,49,49,28,26,24,30,52,9,75,71,75,59,59,59,59,49,49,49,49,42,51,69,69,69,75,75,62,62,62,75,75,75,82,71,71,80,80,31,55,55,69,0],"gold":670,"neow_bonus":"ONE_RARE_RELIC","is_prod":false,"is_daily":false,"chose_seed":false,"campfire_upgraded":4,"win_rate":0,"timestamp":1564460826,"path_taken":["M","?","?","M","M","E","M","R","T","?","E","M","M","M","R","BOSS","M","M","?","$","M","R","E","R","T","R","E","M","M","?","R","BOSS","M","?","?","?","M","E","?","E","T","M","M","?","R","?","R","BOSS"],"build_version":"2019-07-18","purchased_purges":1,"victory":false,"max_hp_per_floor":[75,75,75,75,75,75,75,75,75,75,75,75,75,75,75,75,75,75,75,75,75,75,75,75,75,75,75,75,75,75,75,75,75,75,75,75,75,75,75,75,82,82,82,82,82,82,82,82,96,96],"card_choices":[{"not_picked":["Go for the Eyes","Streamline"],"picked":"Chill","floor":1.0},{"not_picked":["Aggregate","Steam"],"picked":"Skim","floor":3.0},{"not_picked":["Rebound","Redo"],"picked":"Go for the Eyes","floor":4.0},{"not_picked":["Cold Snap","Recycle"],"picked":"Leap","floor":5.0},{"not_picked":["Streamline","Darkness"],"picked":"Heatsinks","floor":6.0},{"not_picked":["Conserve Battery","Rainbow"],"picked":"Leap","floor":7.0},{"not_picked":["Rebound","Steam","Sweeping Beam"],"picked":"SKIP","floor":10},{"not_picked":["Barrage","Recycle"],"picked":"Heatsinks","floor":11},{"not_picked":["Barrage","Gash"],"picked":"Leap","floor":12},{"not_picked":["Go for the Eyes","Rebound"],"picked":"Heatsinks","floor":13},{"not_picked":["Streamline","Gash"],"picked":"Sweeping Beam","floor":14},{"not_picked":["Multi-Cast","Rainbow"],"picked":"Creative AI","floor":16},{"not_picked":["Stack","Double Energy","Rebound+1"],"picked":"SKIP","floor":18},{"not_picked":["Fusion+1","Gash"],"picked":"White Noise+1","floor":19},{"not_picked":["Recycle","Sweeping Beam"],"picked":"Loop+1","floor":22},{"not_picked":["Steam Power+1","Steam"],"picked":"Tempest","floor":24},{"not_picked":["Streamline","Coolheaded"],"picked":"Glacier","floor":28},{"not_picked":["Loop","Barrage"],"picked":"Ball Lightning","floor":29},{"not_picked":["Fusion","Coolheaded","Barrage"],"picked":"SKIP","floor":30},{"not_picked":["Fission","Amplify"],"picked":"Thunder Strike","floor":33},{"not_picked":["Coolheaded","Heatsinks"],"picked":"White Noise","floor":34},{"not_picked":["Conserve Battery","Aggregate+1"],"picked":"Hologram+1","floor":35},{"not_picked":["Ball Lightning+1","Go for the Eyes","Compile Driver"],"picked":"SKIP","floor":38},{"not_picked":["Barrage","Static Discharge"],"picked":"Lockon","floor":39},{"not_picked":["Heatsinks+1","Barrage+1"],"picked":"BootSequence","floor":40},{"not_picked":["Core Surge","Consume+1"],"picked":"Defragment","floor":42},{"not_picked":["Chaos","Redo+1","Conserve Battery"],"picked":"SKIP","floor":44},{"not_picked":["Go for the Eyes+1","Steam+1","Rebound+1"],"picked":"SKIP","floor":45},{"not_picked":["Go for the Eyes+1","Streamline"],"picked":"White Noise+1","floor":46}],"player_experience":1341396,"relics_obtained":[{"floor":6.0,"key":"PreservedInsect"},{"floor":11,"key":"Tiny Chest"},{"floor":20,"key":"Necronomicon"},{"floor":24,"key":"The Courier"},{"floor":26,"key":"Oddly Smooth Stone"},{"floor":28,"key":"Darkstone Periapt"},{"floor":40,"key":"Bronze Scales"},{"floor":41,"key":"Strawberry"},{"floor":42,"key":"Omamori"},{"floor":43,"key":"Shovel"},{"floor":46,"key":"Old Coin"},{"floor":49,"key":"Mango"}],"event_choices":[{"damage_healed":0.0,"max_hp_gain":0.0,"max_hp_loss":0.0,"gold_gain":0.0,"event_name":"Lab","player_choice":"Got Potions","floor":2.0,"gold_loss":0.0,"damage_taken":0.0},{"damage_healed":0,"gold_gain":0,"player_choice":"Obtained Book","damage_taken":16,"max_hp_gain":0,"max_hp_loss":0,"event_name":"Cursed Tome","floor":20,"gold_loss":0},{"cards_removed":["Strike_B"],"damage_healed":0,"gold_gain":0,"player_choice":"Gave Gold","damage_taken":0,"max_hp_gain":0,"max_hp_loss":0,"event_name":"Beggar","floor":31,"gold_loss":75},{"damage_healed":0,"gold_gain":0,"player_choice":"Memory 1","damage_taken":0,"max_hp_gain":0,"max_hp_loss":0,"event_name":"SensoryStone","floor":36,"gold_loss":0},{"cards_removed":["Strike_B"],"damage_healed":0,"gold_gain":0,"player_choice":"Offered Basic","damage_taken":0,"max_hp_gain":0,"max_hp_loss":0,"event_name":"Bonfire Elementals","floor":37,"gold_loss":0},{"damage_healed":0,"gold_gain":0,"player_choice":"Fight","damage_taken":0,"max_hp_gain":0,"max_hp_loss":0,"event_name":"Mysterious Sphere","floor":46,"gold_loss":0},{"damage_healed":0,"gold_gain":0,"player_choice":"Ignored","damage_taken":0,"max_hp_gain":0,"max_hp_loss":0,"event_name":"Tomb of Lord Red Mask","floor":48,"gold_loss":0}],"is_beta":true,"boss_relics":[{"not_picked":["Velvet Choker","Tiny House"],"picked":"Sozu"},{"not_picked":["Black Star","Pandora\u0027s Box"],"picked":"Orrery"}],"items_purged_floors":[21],"is_endless":false,"potions_floor_spawned":[1,3,7,10,14,16,24,28,30,33,35,39],"killed_by":"Awakened One","ascension_level":1}