{"gold_per_floor":[118,135,135,135,150,180,196,209,263,277,294,41,55,55,55,159,159,174,48,48,48,48,48,65,65,65,79,93,14,92,92,92,92],"floor_reached":33,"playtime":3153,"items_purged":["Strike_G"],"score":274,"play_id":"3fe599bb-15ad-4a1f-9a15-6132b83e0341","local_time":"20191005225100","is_ascension_mode":false,"campfire_choices":[{"floor":15,"key":"REST"},{"data":"Infinite Blades","floor":23,"key":"SMITH"},{"floor":25,"key":"REST"},{"floor":32,"key":"REST"}],"neow_cost":"NONE","seed_source_timestamp":161113170613900,"circlet_count":0,"master_deck":["Defend_G","Defend_G","Defend_G","Defend_G","Defend_G","Survivor","Neutralize","Dagger Throw","Deadly Poison","Cloak And Dagger","Backflip","Underhanded Strike","Escape Plan","Poisoned Stab","Slice","Bullet Time","Accuracy","Deadly Poison","Corpse Explosion","Blade Dance","Infinite Blades+1","Poisoned Stab","Necronomicurse","Bite","Bite","Bite","Bite","Bite","Blade Dance","Deadly Poison","Eviscerate","Envenom"],"relics":["Philosopher\u0027s Stone","Boot","Centennial Puzzle","Sozu","Necronomicon","Incense Burner","Molten Egg 2"],"potions_floor_usage":[16,16,16],"damage_taken":[{"damage":2,"enemies":"Jaw Worm","floor":1,"turns":5},{"damage":1,"enemies":"Small Slimes","floor":2,"turns":5},{"damage":0,"enemies":"Cultist","floor":5,"turns":4},{"damage":23,"enemies":"Lagavulin","floor":6,"turns":6},{"damage":0,"enemies":"Red Slaver","floor":7,"turns":4},{"damage":0,"enemies":"3 Louse","floor":8,"turns":3},{"damage":0,"enemies":"2 Fungi Beasts","floor":10,"turns":3},{"damage":12,"enemies":"Exordium Wildlife","floor":11,"turns":4},{"damage":0,"enemies":"Blue Slaver","floor":13,"turns":4},{"damage":41,"enemies":"The Guardian","floor":16,"turns":9},{"damage":19,"enemies":"3 Byrds","floor":18,"turns":4},{"damage":15,"enemies":"Shell Parasite","floor":24,"turns":6},{"damage":21,"enemies":"Snake Plant","floor":27,"turns":3},{"damage":12,"enemies":"Sentry and Sphere","floor":28,"turns":5},{"damage":54,"enemies":"Collector","floor":33,"turns":6}],"seed_played":"-2938894772175036649","potions_obtained":[{"floor":1,"key":"Dexterity Potion"},{"floor":2,"key":"SneckoOil"},{"floor":6,"key":"PowerPotion"}],"is_trial":false,"path_per_floor":["M","M","?","?","M","E","M","M","T","M","M","$","M","$","R","B",null,"M","$","?","$","?","R","M","R","T","M","M","$","T","?","R","B"],"character_chosen":"THE_SILENT","items_purchased":["Bullet Time","Accuracy","Infinite Blades","Poisoned Stab","Envenom"],"campfire_rested":3,"item_purchase_floors":[12,12,19,19,29],"current_hp_per_floor":[68,67,67,67,67,44,44,44,44,44,32,32,32,32,53,12,70,51,51,35,35,35,35,28,42,42,27,21,21,21,21,35,0],"gold":92,"neow_bonus":"BOSS_RELIC","is_prod":false,"is_daily":false,"chose_seed":false,"campfire_upgraded":1,"win_rate":0.0,"timestamp":1570333860,"path_taken":["M","M","?","?","?","E","M","M","T","M","M","?","M","$","R","BOSS","M","$","?","$","?","R","M","R","T","M","M","?","?","?","R","BOSS"],"build_version":"2019-07-17","purchased_purges":1,"victory":false,"max_hp_per_floor":[70,70,70,70,70,70,70,70,70,70,70,70,70,70,70,70,70,70,70,70,70,49,49,49,49,49,49,49,49,49,49,49,49],"card_choices":[{"not_picked":["All Out Attack","Bane"],"picked":"Dagger Throw","floor":1},{"not_picked":["Prepared","Flying Knee"],"picked":"Deadly Poison","floor":2},{"not_picked":["Quick Slash","Deflect"],"picked":"Cloak And Dagger","floor":5},{"not_picked":["Skewer","Reflex"],"picked":"Backflip","floor":6},{"not_picked":["Expertise","Reflex"],"picked":"Underhanded Strike","floor":7},{"not_picked":["Quick Slash","Night Terror"],"picked":"Escape Plan","floor":8},{"not_picked":["Skewer","Riddle With Holes"],"picked":"Poisoned Stab","floor":10},{"not_picked":["Accuracy","Deflect"],"picked":"Slice","floor":11},{"not_picked":["Leg Sweep","Skewer"],"picked":"Deadly Poison","floor":13},{"not_picked":["Storm of Steel","Unload"],"picked":"Corpse Explosion","floor":16},{"not_picked":["Outmaneuver","Underhanded Strike"],"picked":"Blade Dance","floor":18},{"not_picked":["Bullet Time","Eviscerate"],"picked":"Blade Dance","floor":24},{"not_picked":["Acrobatics","Poisoned Stab"],"picked":"Deadly Poison","floor":27},{"not_picked":["Deadly Poison","Slice"],"picked":"Eviscerate","floor":28}],"player_experience":65104,"relics_obtained":[{"floor":6,"key":"Boot"},{"floor":9,"key":"Centennial Puzzle"},{"floor":20,"key":"Necronomicon"},{"floor":26,"key":"Incense Burner"},{"floor":30,"key":"Molten Egg 2"}],"event_choices":[{"damage_healed":0,"gold_gain":0,"player_choice":"Ignored","damage_taken":0,"max_hp_gain":0,"max_hp_loss":0,"event_name":"Liars Game","floor":3,"gold_loss":0},{"cards_removed":["Strike_G"],"damage_healed":0,"gold_gain":0,"player_choice":"Offered Basic","damage_taken":0,"max_hp_gain":0,"max_hp_loss":0,"event_name":"Bonfire Elementals","floor":4,"gold_loss":0},{"damage_healed":0,"gold_gain":0,"player_choice":"Obtained Book","damage_taken":16,"max_hp_gain":0,"max_hp_loss":0,"event_name":"Cursed Tome","floor":20,"gold_loss":0},{"damage_healed":0,"gold_gain":0,"player_choice":"Became a vampire","damage_taken":0,"max_hp_gain":0,"max_hp_loss":21,"event_name":"Vampires","floor":22,"gold_loss":0,"cards_obtained":["Bite","Bite","Bite","Bite","Bite"]},{"damage_healed":0,"gold_gain":0,"player_choice":"Got Potions","damage_taken":0,"max_hp_gain":0,"max_hp_loss":0,"event_name":"Lab","floor":31,"gold_loss":0}],"is_beta":false,"boss_relics":[{"not_picked":["Ectoplasm","White Beast Statue"],"picked":"Sozu"}],"items_purged_floors":[12],"is_endless":false,"potions_floor_spawned":[1,2,6,11,13,18],"killed_by":"Collector","ascension_level":0}