{"gold_per_floor":[115,115,125,125,137,170,184,210,258,284,284,121,131,144,144,244,244,256,276,296,314,35,63,79,79,125,139,168,168,168,368,368,473,473,484,500,173,184,195,220,220,232,255,255,267,293,313,21,21,21],"floor_reached":50,"playtime":4835,"items_purged":["Strike_G"],"score":677,"play_id":"5061c8f8-985c-4a21-b397-5719adb4f54a","local_time":"20180830235510","is_ascension_mode":true,"campfire_choices":[{"data":"Dagger Spray","floor":11.0,"key":"SMITH"},{"data":"Skewer","floor":15.0,"key":"SMITH"},{"floor":25,"key":"REST"},{"data":"Tactician","floor":29,"key":"SMITH"},{"data":"Doppelganger","floor":32,"key":"SMITH"},{"data":"Malaise","floor":41,"key":"SMITH"},{"data":"All Out Attack","floor":44,"key":"SMITH"},{"data":"Crippling Poison","floor":49,"key":"SMITH"}],"neow_cost":"NONE","seed_source_timestamp":0,"circlet_count":0,"master_deck":["Defend_G","Defend_G","Defend_G","Defend_G","Defend_G","Strike_G","Strike_G","Strike_G","Strike_G","Survivor","Neutralize+1","Dagger Spray+1","Skewer+1","Cloak And Dagger","Acrobatics","Underhanded Strike","Terror","Dagger Throw","Malaise+1","Underhanded Strike","Dagger Throw","Doppelganger+1","Backflip+1","Tactician+1","Acrobatics+1","Master of Strategy","Prepared+1","All Out Attack+1","Dramatic Entrance","Leg Sweep","Dagger Throw+1","Endless Agony","Crippling Poison+1"],"special_seed":0,"relics":["Ring of the Snake","Oddly Smooth Stone","Bronze Scales","Bottled Lightning","Lantern","Ancient Tea Set","Busted Crown","Dodecahedron","Art of War","Juzu Bracelet","MutagenicStrength","Cursed Key","Omamori","Regal Pillow","Blood Vial","Dream Catcher","Lee\u0027s Waffle"],"potions_floor_usage":[24,33,33,36,42,47,47,50,50],"damage_taken":[{"damage":0.0,"enemies":"Jaw Worm","floor":1.0,"turns":5.0},{"damage":0.0,"enemies":"Small Slimes","floor":3.0,"turns":3.0},{"damage":0.0,"enemies":"2 Louse","floor":5.0,"turns":2.0},{"damage":11.0,"enemies":"3 Sentries","floor":6.0,"turns":10.0},{"damage":4.0,"enemies":"Looter","floor":7.0,"turns":3.0},{"damage":14.0,"enemies":"Gremlin Nob","floor":8.0,"turns":4.0},{"damage":5.0,"enemies":"3 Sentries","floor":10.0,"turns":7.0},{"damage":0.0,"enemies":"Exordium Wildlife","floor":13.0,"turns":2.0},{"damage":0.0,"enemies":"2 Fungi Beasts","floor":14.0,"turns":2.0},{"damage":10.0,"enemies":"Slime Boss","floor":16.0,"turns":7.0},{"damage":1,"enemies":"Shell Parasite","floor":18,"turns":2},{"damage":0,"enemies":"Chosen","floor":19,"turns":3},{"damage":8,"enemies":"Centurion and Healer","floor":20,"turns":4},{"damage":6,"enemies":"Snake Plant","floor":21,"turns":3},{"damage":0,"enemies":"Gremlin Leader","floor":23,"turns":6},{"damage":6,"enemies":"Cultist and Chosen","floor":24,"turns":6},{"damage":0,"enemies":"Shelled Parasite and Fungi","floor":27,"turns":2},{"damage":6,"enemies":"Book of Stabbing","floor":28,"turns":4},{"damage":60,"enemies":"Automaton","floor":33,"turns":11},{"damage":0,"enemies":"Orb Walker","floor":35,"turns":2},{"damage":4,"enemies":"3 Shapes","floor":36,"turns":4},{"damage":0,"enemies":"Sphere and 2 Shapes","floor":38,"turns":1},{"damage":0,"enemies":"3 Darklings","floor":39,"turns":2},{"damage":10,"enemies":"2 Orb Walkers","floor":40,"turns":5},{"damage":1,"enemies":"Maw","floor":42,"turns":8},{"damage":0,"enemies":"Reptomancer","floor":45,"turns":2},{"damage":3,"enemies":"Nemesis","floor":46,"turns":7},{"damage":24,"enemies":"Spire Growth","floor":47,"turns":4},{"damage":86,"enemies":"Donu and Deca","floor":50,"turns":12}],"seed_played":"-8710676127867346697","potions_obtained":[{"floor":3.0,"key":"SmokeBomb"},{"floor":6.0,"key":"Regen Potion"},{"floor":8.0,"key":"Dexterity Potion"},{"floor":14.0,"key":"Energy Potion"},{"floor":18,"key":"LiquidBronze"},{"floor":27,"key":"PowerPotion"},{"floor":33,"key":"SkillPotion"},{"floor":36,"key":"SkillPotion"},{"floor":38,"key":"PowerPotion"},{"floor":46,"key":"Fruit Juice"},{"floor":47,"key":"SmokeBomb"}],"is_trial":false,"path_per_floor":["M","?","M","?","M","E","M","E","T","E","R","$","M","M","R","B",null,"M","M","M","M","$","E","M","R","T","M","E","R","?","?","R","B",null,"M","M","$","M","M","E","R","M","T","R","M","E","M","$","R"],"character_chosen":"THE_SILENT","items_purchased":["Malaise","Master of Strategy","All Out Attack","Omamori","Dramatic Entrance","Lee\u0027s Waffle","Dexterity Potion","Poison Potion"],"campfire_rested":1,"item_purchase_floors":[12,22,37,37,37,48,48,48],"current_hp_per_floor":[70,70,70,70,70,59,55,50,50,45,45,45,45,45,45,35,70,69,69,61,55,55,55,49,70,70,70,64,64,64,64,64,4,70,70,66,66,66,66,56,56,55,55,55,57,56,39,82,82,0],"gold":21,"neow_bonus":"RANDOM_COMMON_RELIC","is_prod":false,"is_daily":false,"chose_seed":false,"campfire_upgraded":7,"win_rate":0,"timestamp":1535698510,"path_taken":["M","?","M","?","M","E","M","E","T","E","R","?","M","M","R","BOSS","M","M","M","M","$","E","M","R","T","M","E","R","?","?","R","BOSS","M","M","$","M","M","E","R","M","T","R","M","E","M","$","R","BOSS"],"build_version":"2018-08-30","purchased_purges":1,"victory":false,"max_hp_per_floor":[70,70,70,70,70,70,70,70,70,70,70,70,70,70,70,70,70,70,70,70,70,70,70,70,70,70,70,70,70,70,70,70,70,70,70,70,70,70,70,70,70,70,70,70,70,70,75,82,82,82],"card_choices":[{"not_picked":["Slice","Flying Knee"],"picked":"Dagger Spray","floor":1.0},{"not_picked":["Catalyst","PiercingWail"],"picked":"Skewer","floor":3.0},{"not_picked":["Bane","Deflect"],"picked":"Cloak And Dagger","floor":5.0},{"not_picked":["Expertise","Calculated Gamble"],"picked":"Acrobatics","floor":6.0},{"not_picked":["Endless Agony","Distraction"],"picked":"Underhanded Strike","floor":7.0},{"not_picked":["PiercingWail","Leg Sweep"],"picked":"Terror","floor":8.0},{"not_picked":["Calculated Gamble","Dash"],"picked":"Dagger Throw","floor":10.0},{"not_picked":["Dash","Dagger Spray"],"picked":"Underhanded Strike","floor":13.0},{"not_picked":["Backflip","Reflex"],"picked":"Dagger Throw","floor":14.0},{"not_picked":["Phantasmal Killer","A Thousand Cuts"],"picked":"Doppelganger","floor":16.0},{"not_picked":[],"picked":"Backflip+1","floor":18},{"not_picked":[],"picked":"Tactician","floor":19},{"not_picked":["Cloak And Dagger"],"picked":"SKIP","floor":20},{"not_picked":[],"picked":"Acrobatics+1","floor":21},{"not_picked":["Acrobatics"],"picked":"SKIP","floor":23},{"not_picked":["Blade Dance"],"picked":"SKIP","floor":24},{"not_picked":["Bane"],"picked":"SKIP","floor":27},{"not_picked":["Blade Dance"],"picked":"SKIP","floor":28},{"not_picked":["Blur"],"picked":"SKIP","floor":35},{"not_picked":[],"picked":"Prepared+1","floor":36},{"not_picked":[],"picked":"Leg Sweep","floor":38},{"not_picked":[],"picked":"Dagger Throw+1","floor":39},{"not_picked":["Blade Dance+1"],"picked":"SKIP","floor":40},{"not_picked":["Flying Knee"],"picked":"SKIP","floor":42},{"not_picked":[],"picked":"Endless Agony","floor":45},{"not_picked":[],"picked":"Crippling Poison","floor":46},{"not_picked":["Crippling Poison"],"picked":"SKIP","floor":47}],"player_experience":321008,"relics_obtained":[{"floor":6.0,"key":"Bronze Scales"},{"floor":8.0,"key":"Bottled Lightning"},{"floor":9.0,"key":"Lantern"},{"floor":10.0,"key":"Ancient Tea Set"},{"floor":23,"key":"Dodecahedron"},{"floor":26,"key":"Art of War"},{"floor":28,"key":"Juzu Bracelet"},{"floor":40,"key":"Regal Pillow"},{"floor":43,"key":"Blood Vial"},{"floor":46,"key":"Dream Catcher"}],"event_choices":[{"event_name":"Shining Light","player_choice":"Ignored","floor":2.0,"damage_taken":0.0},{"event_name":"Living Wall","player_choice":"Grow","floor":4.0,"damage_taken":0.0},{"event_name":"Drug Dealer","player_choice":"Inject Mutagens","floor":30,"damage_taken":0},{"event_name":"The Joust","player_choice":"Bet on Owner","floor":31,"damage_taken":0}],"is_beta":false,"boss_relics":[{"not_picked":["Velvet Choker","Runic Dome"],"picked":"Busted Crown"},{"not_picked":["HoveringKite","Coffee Dripper"],"picked":"Cursed Key"}],"items_purged_floors":[22],"is_endless":false,"potions_floor_spawned":[3,6,8,14,18,27,33,36,38,39,46,47],"killed_by":"Donu and Deca","ascension_level":2}