{"gold_per_floor":[113,113,125,174,349,383,7,33,33,33,47,59,59,9,9,110,110,126,576,235,251,92,124,23,40,40,40,0,25,25,41,41,136,136,152,23,33,50,104,104,133,133,160,188,202,302,332,342,342,342],"floor_reached":51,"playtime":4068,"items_purged":["Doubt","Strike_B","Strike_B"],"score":836,"play_id":"fe586d34-825d-446f-91d3-c5d3e3217f6e","local_time":"20191015005201","is_ascension_mode":false,"campfire_choices":[{"floor":10.0,"key":"REST"},{"data":"Consume","floor":13.0,"key":"SMITH"},{"data":"Reprogram","floor":15.0,"key":"SMITH"},{"floor":30.0,"key":"REST"},{"floor":32.0,"key":"REST"},{"floor":40.0,"key":"REST"},{"floor":42.0,"key":"REST"},{"floor":49,"key":"REST"}],"neow_cost":"NONE","seed_source_timestamp":176814723573900,"circlet_count":0,"master_deck":["Strike_B","Strike_B","Defend_B","Defend_B","Defend_B","Defend_B","Zap","Dualcast","Leap","Electrodynamics","Force Field","Reprogram+1","Sweeping Beam+1","Consume+1","Amplify","Self Repair","Streamline+1","Loop","Storm","Hologram","Self Repair","Defragment+1","Buffer","Ball Lightning+1","Auto Shields","Capacitor","Reinforced Body+1","Ball Lightning+1","Barrage+1","Tempest+1","Fusion","Conserve Battery"],"special_seed":0,"relics":["Cracked Core","NeowsBlessing","Bronze Scales","Pear","Membership Card","Molten Egg 2","Vajra","Mercury Hourglass","Velvet Choker","Bottled Flame","Toy Ornithopter","PreservedInsect","Dodecahedron","DollysMirror","Bottled Lightning","Regal Pillow","Black Star","Medical Kit","Calipers","Kunai","Strawberry","Oddly Smooth Stone","Girya","Smiling Mask","Peace Pipe","Anchor","Juzu Bracelet"],"potions_floor_usage":[48,48,50,50],"damage_taken":[{"damage":0.0,"enemies":"Cultist","floor":1.0,"turns":1.0},{"damage":0.0,"enemies":"Small Slimes","floor":3.0,"turns":1.0},{"damage":0.0,"enemies":"Lagavulin","floor":6.0,"turns":2.0},{"damage":45.0,"enemies":"Gremlin Nob","floor":8.0,"turns":5.0},{"damage":1.0,"enemies":"Jaw Worm","floor":11.0,"turns":3.0},{"damage":8.0,"enemies":"Lots of Slimes","floor":12.0,"turns":2.0},{"damage":59.0,"enemies":"The Guardian","floor":16.0,"turns":10.0},{"damage":10.0,"enemies":"Shell Parasite","floor":18.0,"turns":6.0},{"damage":0.0,"enemies":"Chosen","floor":21.0,"turns":4.0},{"damage":16.0,"enemies":"Book of Stabbing","floor":23.0,"turns":4.0},{"damage":7.0,"enemies":"Centurion and Healer","floor":25.0,"turns":4.0},{"damage":36.0,"enemies":"Shelled Parasite and Fungi","floor":31.0,"turns":5.0},{"damage":65.0,"enemies":"Collector","floor":33.0,"turns":7.0},{"damage":13.0,"enemies":"Orb Walker","floor":35.0,"turns":4.0},{"damage":17.0,"enemies":"3 Darklings","floor":37.0,"turns":2.0},{"damage":33.0,"enemies":"Jaw Worm Horde","floor":38.0,"turns":3.0},{"damage":58.0,"enemies":"2 Orb Walkers","floor":39.0,"turns":4.0},{"damage":62.0,"enemies":"Giant Head","floor":41.0,"turns":9.0},{"damage":30.0,"enemies":"Nemesis","floor":44.0,"turns":6.0},{"damage":9.0,"enemies":"4 Shapes","floor":45.0,"turns":5.0},{"damage":19.0,"enemies":"Mind Bloom Boss Battle","floor":46.0,"turns":8.0},{"damage":64.0,"enemies":"Giant Head","floor":47.0,"turns":8.0},{"damage":15,"enemies":"Writhing Mass","floor":48,"turns":7},{"damage":65,"enemies":"Time Eater","floor":50,"turns":11}],"seed_played":"-6561602276511952353","potions_obtained":[{"floor":1.0,"key":"FocusPotion"},{"floor":3.0,"key":"Fruit Juice"},{"floor":12.0,"key":"Energy Potion"},{"floor":16.0,"key":"Dexterity Potion"},{"floor":18.0,"key":"FocusPotion"},{"floor":23.0,"key":"GamblersBrew"},{"floor":25.0,"key":"Swift Potion"},{"floor":33.0,"key":"Ancient Potion"},{"floor":45.0,"key":"FocusPotion"},{"floor":46.0,"key":"EssenceOfSteel"},{"floor":48,"key":"FocusPotion"}],"is_trial":false,"path_per_floor":["M","?","M","T","?","E","$","E","T","R","M","M","R","$","R","B",null,"M","?","$","M","$","E","$","M","T","?","?","T","R","M","R","B",null,"M","$","M","M","?","R","E","R","T","E","M","?","E","M","R","B",null],"character_chosen":"DEFECT","items_purchased":["Membership Card","Molten Egg 2","Self Repair","Streamline+1","Bottled Flame","Toy Ornithopter","PreservedInsect","FairyPotion","Storm","DollysMirror","Medical Kit","PowerPotion"],"campfire_rested":6,"item_purchase_floors":[7,7,20,20,20,20,22,22,22,24,36,36],"current_hp_per_floor":[75,75,75,75,75,90,90,45,45,72,71,63,63,63,63,4,90,80,26,26,38,38,39,39,46,46,28,28,28,71,56,95,44,95,95,95,78,59,8,51,35,80,80,71,69,71,21,37,82,27],"gold":342,"neow_bonus":"THREE_ENEMY_KILL","is_prod":false,"is_daily":false,"chose_seed":false,"campfire_upgraded":2,"win_rate":0.0,"timestamp":1571093521,"path_taken":["M","?","?","?","?","E","?","E","T","R","M","?","R","$","R","BOSS","M","?","$","M","$","E","?","M","T","?","?","?","R","M","R","BOSS","M","$","M","M","?","R","E","R","T","E","M","?","E","M","R","BOSS"],"build_version":"2019-07-17","purchased_purges":3,"victory":true,"max_hp_per_floor":[75,75,75,75,75,90,90,90,90,90,90,90,90,90,90,90,90,90,90,90,90,90,90,90,90,90,95,95,95,95,95,95,95,95,95,95,95,95,95,95,102,102,102,102,102,102,102,102,102,102],"card_choices":[{"not_picked":["Steam Power","Hologram","Coolheaded"],"picked":"SKIP","floor":1.0},{"not_picked":["Beam Cell","FTL"],"picked":"Force Field","floor":3.0},{"not_picked":["Steam","Steam Power"],"picked":"Reprogram","floor":6.0},{"not_picked":["Cold Snap+1","Conserve Battery"],"picked":"Sweeping Beam+1","floor":8.0},{"not_picked":["Compile Driver+1","Stack","Darkness"],"picked":"SKIP","floor":11.0},{"not_picked":["Go for the Eyes+1","Steam"],"picked":"Consume","floor":12.0},{"not_picked":["Thunder Strike+1","Fission"],"picked":"Amplify","floor":16.0},{"not_picked":["Coolheaded","Fusion+1","Darkness"],"picked":"SKIP","floor":18.0},{"not_picked":["Sweeping Beam+1","Conserve Battery+1"],"picked":"Loop","floor":21.0},{"not_picked":["Beam Cell+1","Skim"],"picked":"Hologram","floor":23.0},{"not_picked":["Compile Driver+1","Steam Power","Go for the Eyes+1"],"picked":"SKIP","floor":25.0},{"not_picked":["Heatsinks","Streamline+1"],"picked":"Defragment+1","floor":31.0},{"not_picked":["Multi-Cast","Rainbow"],"picked":"Buffer","floor":33.0},{"not_picked":["Sweeping Beam+1","Beam Cell+1"],"picked":"Ball Lightning+1","floor":35.0},{"not_picked":["Rip and Tear+1","Gash+1"],"picked":"Auto Shields","floor":37.0},{"not_picked":["Leap+1","Electrodynamics"],"picked":"Capacitor","floor":38.0},{"not_picked":["Storm+1","Auto Shields"],"picked":"Reinforced Body+1","floor":39.0},{"not_picked":["Cold Snap+1","Compile Driver+1"],"picked":"Ball Lightning+1","floor":41.0},{"not_picked":["Go for the Eyes+1","All For One+1"],"picked":"Barrage+1","floor":44.0},{"not_picked":["Aggregate","Streamline+1"],"picked":"Tempest+1","floor":45.0},{"not_picked":["Chill","Skim+1"],"picked":"Fusion","floor":47.0},{"not_picked":["Go for the Eyes+1","Streamline+1"],"picked":"Conserve Battery","floor":48}],"player_experience":17567,"relics_obtained":[{"floor":4.0,"key":"Bronze Scales"},{"floor":6.0,"key":"Pear"},{"floor":8.0,"key":"Vajra"},{"floor":9.0,"key":"Mercury Hourglass"},{"floor":23.0,"key":"Dodecahedron"},{"floor":26.0,"key":"Bottled Lightning"},{"floor":29.0,"key":"Regal Pillow"},{"floor":39.0,"key":"Calipers"},{"floor":41.0,"key":"Kunai"},{"floor":41.0,"key":"Strawberry"},{"floor":43.0,"key":"Oddly Smooth Stone"},{"floor":44.0,"key":"Girya"},{"floor":44.0,"key":"Smiling Mask"},{"floor":46.0,"key":"Peace Pipe"},{"floor":47.0,"key":"Anchor"},{"floor":47.0,"key":"Juzu Bracelet"}],"event_choices":[{"damage_healed":0.0,"max_hp_gain":0.0,"max_hp_loss":0.0,"gold_gain":0.0,"event_name":"Match and Keep!","player_choice":"2 cards matched","floor":2.0,"gold_loss":0.0,"damage_taken":0.0,"cards_obtained":["Leap","Electrodynamics"]},{"damage_healed":0.0,"max_hp_gain":0.0,"max_hp_loss":0.0,"gold_gain":175.0,"event_name":"Liars Game","player_choice":"AGREE","floor":5.0,"gold_loss":0.0,"damage_taken":0.0,"cards_obtained":["Doubt"]},{"damage_healed":0.0,"max_hp_gain":0.0,"max_hp_loss":0.0,"gold_gain":450.0,"event_name":"Knowing Skull","player_choice":"GOLD GOLD GOLD GOLD GOLD ","floor":19.0,"potions_obtained":[],"gold_loss":0.0,"damage_taken":54.0,"cards_obtained":[]},{"damage_healed":0.0,"max_hp_gain":5.0,"max_hp_loss":0.0,"gold_gain":0.0,"event_name":"Forgotten Altar","player_choice":"Shed Blood","floor":27.0,"gold_loss":0.0,"damage_taken":23.0},{"damage_healed":0.0,"max_hp_gain":0.0,"max_hp_loss":0.0,"gold_gain":0.0,"event_name":"Masked Bandits","player_choice":"Paid Fearfully","floor":28.0,"gold_loss":40.0,"damage_taken":0.0},{"damage_healed":0.0,"max_hp_gain":0.0,"max_hp_loss":0.0,"gold_gain":0.0,"event_name":"Mysterious Sphere","player_choice":"Fight","floor":39.0,"gold_loss":0.0,"damage_taken":0.0},{"damage_healed":0.0,"max_hp_gain":0.0,"max_hp_loss":0.0,"gold_gain":0.0,"event_name":"MindBloom","player_choice":"Fight","floor":46.0,"gold_loss":0.0,"damage_taken":0.0}],"is_beta":false,"boss_relics":[{"not_picked":["Cursed Key","White Beast Statue"],"picked":"Velvet Choker"},{"not_picked":["Calling Bell","Nuclear Battery"],"picked":"Black Star"}],"items_purged_floors":[7,14,20],"is_endless":false,"potions_floor_spawned":[1,3,12,16,18,23,25,33,37,45,46,48],"ascension_level":0}