{"gold_per_floor":[111,111,126,140,152,185,185,214,241,259,259,259,23,33,33,110,110,124,135,150,150],"floor_reached":21,"playtime":2514,"items_purged":["Strike_B"],"score":371,"play_id":"be0fe867-7f64-4a1d-9e2f-1740f81a462d","local_time":"20190721221846","is_ascension_mode":true,"campfire_choices":[{"floor":7,"key":"REST"},{"floor":11,"key":"REST"},{"floor":15,"key":"REST"}],"neow_cost":"NONE","seed_source_timestamp":0,"circlet_count":0,"master_deck":["AscendersBane","Strike_B+1","Strike_B","Strike_B","Defend_B","Defend_B","Defend_B","Defend_B","Zap+1","Dualcast","Cold Snap","Streamline+1","Skim","Leap","Self Repair","White Noise","Self Repair","Machine Learning","Glacier","Conserve Battery","Cold Snap"],"special_seed":0,"relics":["Cracked Core","Oddly Smooth Stone","Bag of Marbles","Centennial Puzzle","Whetstone","Philosopher\u0027s Stone"],"potions_floor_usage":[6,6,12,19],"damage_taken":[{"damage":4.0,"enemies":"Jaw Worm","floor":1.0,"turns":3.0},{"damage":0.0,"enemies":"Cultist","floor":3.0,"turns":3.0},{"damage":3.0,"enemies":"2 Louse","floor":4.0,"turns":2.0},{"damage":11.0,"enemies":"Looter","floor":5.0,"turns":2.0},{"damage":17,"enemies":"Lagavulin","floor":6,"turns":6},{"damage":50,"enemies":"Gremlin Nob","floor":8,"turns":5},{"damage":9,"enemies":"3 Louse","floor":10,"turns":2},{"damage":0,"enemies":"Gremlin Gang","floor":12,"turns":1},{"damage":8,"enemies":"Exordium Thugs","floor":14,"turns":3},{"damage":31,"enemies":"Slime Boss","floor":16,"turns":10},{"damage":41,"enemies":"2 Thieves","floor":18,"turns":5},{"damage":12,"enemies":"Shell Parasite","floor":19,"turns":6},{"damage":14,"enemies":"3 Cultists","floor":20,"turns":5},{"damage":31,"enemies":"Snake Plant","floor":21,"turns":4}],"seed_played":"3304756343262320746","potions_obtained":[{"floor":2.0,"key":"SneckoOil"},{"floor":2.0,"key":"Fruit Juice"},{"floor":4.0,"key":"Energy Potion"},{"floor":5.0,"key":"SkillPotion"},{"floor":8,"key":"SmokeBomb"},{"floor":16,"key":"Strength Potion"},{"floor":18,"key":"Swift Potion"}],"is_trial":false,"path_per_floor":["M","?","M","M","M","E","R","E","T","M","R","M","$","M","R","B",null,"M","M","M","M"],"character_chosen":"DEFECT","items_purchased":["Whetstone"],"campfire_rested":3,"item_purchase_floors":[13],"current_hp_per_floor":[60,60,60,62,51,34,56,13,13,4,26,26,26,18,40,23,63,29,24,24,0],"gold":150,"neow_bonus":"UPGRADE_CARD","is_prod":false,"is_daily":false,"chose_seed":false,"campfire_upgraded":0,"win_rate":0,"timestamp":1563772726,"path_taken":["M","?","?","M","M","E","R","E","T","M","R","M","$","M","R","BOSS","M","M","M","M"],"build_version":"2019-07-17","purchased_purges":1,"victory":false,"max_hp_per_floor":[71,71,71,76,76,76,76,76,76,76,76,76,76,76,76,76,76,76,76,76,76],"card_choices":[{"not_picked":["Stack","Beam Cell"],"picked":"Cold Snap","floor":1.0},{"not_picked":["Hologram","Stack"],"picked":"Streamline","floor":3.0},{"not_picked":["Rip and Tear","Heatsinks"],"picked":"Skim","floor":4.0},{"not_picked":["Rip and Tear","Turbo"],"picked":"Leap","floor":5.0},{"not_picked":["Static Discharge","Sweeping Beam"],"picked":"Self Repair","floor":6},{"not_picked":["Lockon","Skim"],"picked":"White Noise","floor":8},{"not_picked":["Reinforced Body","Recycle"],"picked":"Self Repair","floor":10},{"not_picked":["Rip and Tear","Steam Power","Redo"],"picked":"SKIP","floor":14},{"not_picked":["Buffer","Multi-Cast"],"picked":"Machine Learning","floor":16},{"not_picked":["Barrage","Hologram"],"picked":"Glacier","floor":18},{"not_picked":["Gash","Coolheaded"],"picked":"Conserve Battery","floor":19},{"not_picked":["Beam Cell","Reinforced Body"],"picked":"Cold Snap","floor":20}],"player_experience":2289555,"relics_obtained":[{"floor":6,"key":"Oddly Smooth Stone"},{"floor":8,"key":"Bag of Marbles"},{"floor":9,"key":"Centennial Puzzle"}],"event_choices":[{"damage_healed":0.0,"max_hp_gain":0.0,"max_hp_loss":0.0,"gold_gain":0.0,"event_name":"Lab","player_choice":"Got Potions","floor":2.0,"gold_loss":0.0,"damage_taken":0.0}],"is_beta":false,"boss_relics":[{"not_picked":["Busted Crown","FrozenCore"],"picked":"Philosopher\u0027s Stone"}],"items_purged_floors":[13],"is_endless":false,"potions_floor_spawned":[4,5,8,12,16,18],"killed_by":"Snake Plant","ascension_level":18}