{"gold_per_floor":[117,117,117,117,39,39,51,51,51,51,68,68,87,87,87,164,164,174,188,31,31,31,31,46,46,116,116,38,57,57,57],"floor_reached":31,"playtime":1774,"items_purged":["Dualcast"],"score":390,"play_id":"0846140a-15db-403c-a763-d60a50885fd5","local_time":"20190530193203","is_ascension_mode":true,"campfire_choices":[{"data":"Zap","floor":6.0,"key":"SMITH"},{"data":"Coolheaded","floor":10,"key":"SMITH"},{"data":"Blizzard","floor":12,"key":"SMITH"},{"floor":15,"key":"REST"},{"data":"Capacitor","floor":23,"key":"SMITH"},{"data":"Capacitor","floor":25,"key":"SMITH"},{"data":"Reboot","floor":27,"key":"SMITH"},{"floor":30,"key":"REST"}],"neow_cost":"NONE","seed_source_timestamp":0,"circlet_count":0,"master_deck":["AscendersBane","Strike_B","Strike_B","Strike_B","Strike_B","Defend_B","Defend_B","Defend_B","Defend_B","Zap+1","Chill","Blizzard+1","Coolheaded+1","Cold Snap","Capacitor+1","Reboot+1","Streamline","Gash","Flash of Steel","Capacitor+1","Glacier"],"special_seed":0,"relics":["Cracked Core","Pen Nib","WingedGreaves","Bottled Flame","Runic Pyramid","Singing Bowl"],"potions_floor_usage":[11,14,19],"damage_taken":[{"damage":1.0,"enemies":"Jaw Worm","floor":1.0,"turns":4.0},{"damage":0.0,"enemies":"Small Slimes","floor":7.0,"turns":3.0},{"damage":0,"enemies":"2 Louse","floor":11,"turns":3},{"damage":9,"enemies":"Blue Slaver","floor":13,"turns":3},{"damage":1,"enemies":"Gremlin Gang","floor":14,"turns":2},{"damage":27,"enemies":"The Guardian","floor":16,"turns":12},{"damage":13,"enemies":"Spheric Guardian","floor":18,"turns":6},{"damage":0,"enemies":"Shell Parasite","floor":19,"turns":10},{"damage":5,"enemies":"Centurion and Healer","floor":24,"turns":6},{"damage":30,"enemies":"Snake Plant","floor":29,"turns":6},{"damage":38,"enemies":"Snecko","floor":31,"turns":9}],"seed_played":"-3510359978346687038","potions_obtained":[{"floor":1.0,"key":"Swift Potion"},{"floor":11,"key":"AttackPotion"},{"floor":16,"key":"Ancient Potion"},{"floor":18,"key":"Block Potion"},{"floor":29,"key":"Dexterity Potion"}],"is_trial":false,"path_per_floor":["M","?","?","?","$","R","M","?","T","R","M","R","M","M","R","B",null,"M","M","$","?","?","R","M","R","T","R","$","M","R","M"],"character_chosen":"DEFECT","items_purchased":["Blizzard","Flash of Steel","Glacier"],"campfire_rested":2,"item_purchase_floors":[5,20,28],"current_hp_per_floor":[63,68,23,23,23,23,23,23,23,23,23,23,14,13,35,8,59,46,46,46,46,46,46,41,41,41,41,41,13,36,0],"gold":57,"neow_bonus":"RANDOM_COMMON_RELIC","is_prod":false,"is_daily":false,"chose_seed":false,"campfire_upgraded":6,"win_rate":0,"timestamp":1559269923,"path_taken":["M","?","?","?","?","R","?","?","T","R","?","R","M","M","R","BOSS","M","M","$","?","?","R","?","R","T","R","?","M","R","M"],"build_version":"2019-01-23","purchased_purges":1,"victory":false,"max_hp_per_floor":[71,76,76,76,76,76,76,76,76,76,76,76,76,76,76,76,76,76,76,76,76,76,76,76,76,76,76,76,78,78,78],"card_choices":[{"not_picked":["Steam Power","Steam"],"picked":"Chill","floor":1.0},{"not_picked":["Leap","Genetic Algorithm"],"picked":"Coolheaded","floor":7.0},{"not_picked":["Redo","Steam"],"picked":"Cold Snap","floor":11},{"not_picked":["Double Energy","Loop"],"picked":"Capacitor","floor":13},{"not_picked":["Beam Cell","Lockon","Storm"],"picked":"SKIP","floor":14},{"not_picked":["All For One","Rainbow"],"picked":"Reboot","floor":16},{"not_picked":["Sweeping Beam","Beam Cell"],"picked":"Streamline","floor":18},{"not_picked":["Compile Driver","Go for the Eyes"],"picked":"Gash","floor":19},{"not_picked":["Recycle","Compile Driver","Leap"],"picked":"SKIP","floor":24},{"not_picked":["White Noise","Consume","Biased Cognition"],"picked":"Singing Bowl","floor":29}],"player_experience":1216377,"relics_obtained":[{"floor":9,"key":"Bottled Flame"},{"floor":26,"key":"Singing Bowl"}],"event_choices":[{"damage_healed":0.0,"max_hp_gain":5.0,"max_hp_loss":0.0,"gold_gain":0.0,"event_name":"Big Fish","player_choice":"Donut","floor":2.0,"gold_loss":0.0,"damage_taken":0.0},{"damage_healed":0.0,"max_hp_gain":0.0,"max_hp_loss":0.0,"gold_gain":0.0,"event_name":"Scrap Ooze","player_choice":"Success","floor":3.0,"gold_loss":0.0,"damage_taken":45.0,"relics_obtained":["WingedGreaves"]},{"damage_healed":0.0,"max_hp_gain":0.0,"max_hp_loss":0.0,"gold_gain":0.0,"event_name":"Golden Idol","player_choice":"Ignored","floor":4.0,"gold_loss":0.0,"damage_taken":0.0},{"damage_healed":0,"gold_gain":0,"player_choice":"Ignored","damage_taken":0,"max_hp_gain":0,"max_hp_loss":0,"event_name":"Transmorgrifier","floor":8,"gold_loss":0},{"damage_healed":0,"gold_gain":0,"player_choice":"Copied","damage_taken":0,"max_hp_gain":0,"max_hp_loss":0,"event_name":"Duplicator","floor":22,"gold_loss":0,"cards_obtained":["Capacitor"]}],"is_beta":false,"boss_relics":[{"not_picked":["Busted Crown","FrozenCore"],"picked":"Runic Pyramid"}],"items_purged_floors":[20],"is_endless":false,"potions_floor_spawned":[1,11,16,18,29],"killed_by":"Snecko","ascension_level":15}