{"gold_per_floor":[115,190,200,200,225,263,263,282,282,320,320,343,343,343,343,466,466,436,456,112,112],"floor_reached":21,"playtime":1041,"items_purged":[],"score":198,"play_id":"ba069148-ce63-4279-a159-c5824e6ec9b2","local_time":"20190823174711","is_ascension_mode":true,"campfire_choices":[{"floor":7,"key":"REST"},{"floor":15,"key":"REST"}],"neow_cost":"NONE","seed_source_timestamp":70839610584700,"circlet_count":0,"master_deck":["Strike_G","Strike_G","Strike_G","Strike_G","Strike_G","Defend_G","Defend_G","Defend_G","Defend_G","Defend_G","Survivor","Neutralize","Glass Knife","PiercingWail","Deadly Poison","Backflip","Dagger Spray","Dagger Throw","Deadly Poison","Tools of the Trade","Backflip","Catalyst","Cloak And Dagger","Noxious Fumes"],"relics":["Ring of the Snake","Golden Idol","Strawberry","Juzu Bracelet","Pantograph","Orrery","Medical Kit","Ancient Tea Set"],"potions_floor_usage":[6,6,16,21],"damage_taken":[{"damage":0,"enemies":"Cultist","floor":1,"turns":3},{"damage":0,"enemies":"Small Slimes","floor":3,"turns":3},{"damage":0,"enemies":"2 Louse","floor":5,"turns":3},{"damage":36,"enemies":"3 Sentries","floor":6,"turns":7},{"damage":1,"enemies":"2 Fungi Beasts","floor":8,"turns":3},{"damage":20,"enemies":"Gremlin Nob","floor":10,"turns":4},{"damage":13,"enemies":"Large Slime","floor":12,"turns":7},{"damage":32,"enemies":"Hexaghost","floor":16,"turns":10},{"damage":30,"enemies":"2 Thieves","floor":18,"turns":5},{"damage":8,"enemies":"3 Byrds","floor":19,"turns":5},{"damage":41,"enemies":"3 Cultists","floor":21,"turns":5}],"seed_played":"1694323729709077807","potions_obtained":[{"floor":3,"key":"Weak Potion"},{"floor":5,"key":"AttackPotion"},{"floor":12,"key":"GhostInAJar"},{"floor":16,"key":"Strength Potion"}],"is_trial":false,"path_per_floor":["M","?","M","?","M","E","R","M","T","E","?","M","?","?","R","B",null,"M","M","$","M"],"character_chosen":"THE_SILENT","items_purchased":["Medical Kit","Ancient Tea Set"],"campfire_rested":2,"item_purchase_floors":[20,20],"current_hp_per_floor":[70,59,59,42,42,13,36,35,35,15,15,2,2,2,25,18,77,47,39,39,0],"gold":112,"neow_bonus":"ONE_RANDOM_RARE_CARD","is_prod":false,"is_daily":false,"chose_seed":false,"campfire_upgraded":0,"win_rate":0,"timestamp":1566607631,"path_taken":["M","?","M","?","M","E","R","M","T","E","?","M","?","?","R","BOSS","M","M","$","M"],"build_version":"2019-08-15","purchased_purges":0,"victory":false,"max_hp_per_floor":[70,70,70,70,70,77,77,77,77,77,77,77,77,77,77,77,77,77,77,77,77],"card_choices":[{"not_picked":["Acrobatics","All Out Attack"],"picked":"PiercingWail","floor":1},{"not_picked":["Acrobatics","Slice"],"picked":"Deadly Poison","floor":3},{"not_picked":["Dagger Throw","Quick Slash"],"picked":"Backflip","floor":5},{"not_picked":["Outmaneuver","Blur"],"picked":"Dagger Spray","floor":6},{"not_picked":["Bane","Acrobatics"],"picked":"Dagger Throw","floor":8},{"not_picked":["Slice","Heel Hook"],"picked":"Deadly Poison","floor":10},{"not_picked":["Phantasmal Killer","Dodge and Roll","Slice"],"picked":"SKIP","floor":12},{"not_picked":["A Thousand Cuts","Storm of Steel"],"picked":"Tools of the Trade","floor":16},{"not_picked":["Poisoned Stab","Prepared"],"picked":"Backflip","floor":17},{"not_picked":["Well Laid Plans","Concentrate"],"picked":"Catalyst","floor":17},{"not_picked":["Predator","Slice"],"picked":"Cloak And Dagger","floor":17},{"not_picked":["Dodge and Roll","Terror"],"picked":"Noxious Fumes","floor":17},{"not_picked":["Slice","Deadly Poison","Distraction+1"],"picked":"SKIP","floor":18},{"not_picked":["Flying Knee","Acrobatics","Reflex"],"picked":"SKIP","floor":19}],"player_experience":1416397,"relics_obtained":[{"floor":6,"key":"Strawberry"},{"floor":9,"key":"Juzu Bracelet"},{"floor":10,"key":"Pantograph"}],"event_choices":[{"damage_healed":0,"gold_gain":75,"player_choice":"Gather Gold","damage_taken":11,"max_hp_gain":0,"max_hp_loss":0,"event_name":"World of Goop","floor":2,"gold_loss":0},{"damage_healed":0,"gold_gain":0,"player_choice":"Take Damage","damage_taken":17,"relics_obtained":["Golden Idol"],"max_hp_gain":0,"max_hp_loss":0,"event_name":"Golden Idol","floor":4,"gold_loss":0},{"damage_healed":0,"gold_gain":0,"player_choice":"Ignored","damage_taken":0,"max_hp_gain":0,"max_hp_loss":0,"event_name":"Golden Wing","floor":11,"gold_loss":0},{"damage_healed":0,"gold_gain":0,"player_choice":"Fled","damage_taken":0,"max_hp_gain":0,"max_hp_loss":0,"event_name":"Scrap Ooze","floor":13,"gold_loss":0},{"damage_healed":0,"gold_gain":0,"player_choice":"Ignored","damage_taken":0,"max_hp_gain":0,"max_hp_loss":0,"event_name":"Liars Game","floor":14,"gold_loss":0}],"is_beta":true,"boss_relics":[{"not_picked":["Empty Cage","Coffee Dripper"],"picked":"Orrery"}],"items_purged_floors":[],"is_endless":false,"potions_floor_spawned":[3,5,12,16],"killed_by":"3 Cultists","ascension_level":1}