{"gold_per_floor":[118,133,133,17,31,31,58,58,84,125,137,167,179,205,217,306,318,349,67,86,12,12,12,12,12,12,26,43,43,43,57,57,131,131,144,54,54],"floor_reached":37,"playtime":8475,"items_purged":[],"score":760,"play_id":"1707cf02-71c8-442c-af4e-02132735a74a","local_time":"20190802170100","is_ascension_mode":true,"campfire_choices":[{"data":"Defragment","floor":6.0,"key":"SMITH"},{"data":"Sweeping Beam","floor":8.0,"key":"SMITH"},{"data":"Barrage","floor":11.0,"key":"SMITH"},{"floor":15.0,"key":"REST"},{"floor":23.0,"key":"REST"},{"floor":25.0,"key":"REST"},{"data":"Defragment","floor":30.0,"key":"SMITH"},{"floor":32.0,"key":"REST"}],"neow_cost":"NONE","seed_source_timestamp":0,"circlet_count":0,"master_deck":["AscendersBane","Strike_B+1","Strike_B+1","Strike_B+1","Strike_B+1","Defend_B+1","Defend_B+1","Defend_B+1","Defend_B+1","Zap+1","Dualcast","Ball Lightning","Barrage+1","Defragment+1","Sweeping Beam+1","Compile Driver","Hello World","Rebound","Conserve Battery","Turbo","Machine Learning","Coolheaded","Defragment+1","Sunder","Defragment","Sunder","White Noise","Capacitor","Turbo+1","Creative AI","Chaos","White Noise"],"special_seed":0,"relics":["Cracked Core","NeowsBlessing","Strawberry","MawBank","Du-Vu Doll","Runic Pyramid","Happy Flower","Mango","Eternal Feather"],"potions_floor_usage":[],"damage_taken":[{"damage":0.0,"enemies":"2 Louse","floor":1.0,"turns":1.0},{"damage":0.0,"enemies":"Small Slimes","floor":2.0,"turns":1.0},{"damage":0.0,"enemies":"Cultist","floor":5.0,"turns":1.0},{"damage":26.0,"enemies":"3 Sentries","floor":7.0,"turns":5.0},{"damage":8.0,"enemies":"Gremlin Nob","floor":10.0,"turns":3.0},{"damage":7.0,"enemies":"Gremlin Gang","floor":12.0,"turns":2.0},{"damage":2.0,"enemies":"2 Fungi Beasts","floor":14.0,"turns":3.0},{"damage":18.0,"enemies":"Slime Boss","floor":16.0,"turns":8.0},{"damage":26.0,"enemies":"Chosen","floor":18.0,"turns":5.0},{"damage":21.0,"enemies":"2 Thieves","floor":20.0,"turns":3.0},{"damage":15.0,"enemies":"Snake Plant","floor":27.0,"turns":4.0},{"damage":3.0,"enemies":"Chosen and Byrds","floor":28.0,"turns":5.0},{"damage":27.0,"enemies":"3 Cultists","floor":31.0,"turns":4.0},{"damage":72.0,"enemies":"Collector","floor":33.0,"turns":11.0},{"damage":22.0,"enemies":"3 Shapes","floor":35.0,"turns":3.0},{"damage":52,"enemies":"3 Darklings","floor":37,"turns":4}],"seed_played":"-27837382159143716","potions_obtained":[{"floor":1.0,"key":"SkillPotion"},{"floor":7.0,"key":"FairyPotion"},{"floor":12.0,"key":"SkillPotion"},{"floor":16.0,"key":"Ancient Potion"},{"floor":18.0,"key":"FearPotion"},{"floor":35.0,"key":"GamblersBrew"}],"is_trial":false,"path_per_floor":["M","M","?","$","M","R","E","R","T","E","R","M","?","M","R","B",null,"M","$","M","$","?","R","$","R","T","M","M","?","R","M","R","B",null,"M","$","M"],"character_chosen":"DEFECT","items_purchased":["Defragment","Sweeping Beam","Defragment","Happy Flower","Sunder","Defragment","White Noise"],"campfire_rested":4,"item_purchase_floors":[4,4,19,19,19,21,36],"current_hp_per_floor":[64,64,64,64,64,64,45,45,45,37,37,30,30,28,51,33,67,41,41,20,20,20,43,43,66,80,65,62,62,62,35,62,9,71,49,49,0],"gold":54,"neow_bonus":"THREE_ENEMY_KILL","is_prod":false,"is_daily":false,"chose_seed":false,"campfire_upgraded":4,"win_rate":0,"timestamp":1564790460,"path_taken":["M","M","?","$","M","R","E","R","T","E","R","M","?","?","R","BOSS","M","$","?","$","?","R","?","R","T","M","M","?","R","M","R","BOSS","M","$","M"],"build_version":"2019-07-17","purchased_purges":0,"victory":false,"max_hp_per_floor":[71,71,71,71,71,71,78,78,78,78,78,78,78,78,78,78,78,78,78,78,78,78,78,78,78,92,92,92,92,92,92,92,92,92,92,92,92],"card_choices":[{"not_picked":["Double Energy","FTL"],"picked":"Ball Lightning","floor":1.0},{"not_picked":["Turbo","Conserve Battery"],"picked":"Barrage","floor":2.0},{"not_picked":["Ball Lightning","Leap"],"picked":"Compile Driver","floor":5.0},{"not_picked":["Barrage","Leap"],"picked":"Hello World","floor":7.0},{"not_picked":["Hologram","Undo"],"picked":"Rebound","floor":10.0},{"not_picked":["Double Energy","Leap"],"picked":"Conserve Battery","floor":12.0},{"not_picked":["Steam","FTL"],"picked":"Turbo","floor":14.0},{"not_picked":["Hyperbeam","Core Surge"],"picked":"Machine Learning","floor":16.0},{"not_picked":["Rebound","Stack"],"picked":"Coolheaded","floor":18.0},{"not_picked":["Barrage","Reinforced Body","Turbo"],"picked":"SKIP","floor":20.0},{"not_picked":["Conserve Battery","Cold Snap"],"picked":"Sunder","floor":27.0},{"not_picked":["Leap","Amplify"],"picked":"White Noise","floor":28.0},{"not_picked":["Steam","Darkness"],"picked":"Turbo+1","floor":31.0},{"not_picked":["Rainbow","Multi-Cast"],"picked":"Creative AI","floor":33.0},{"not_picked":["Streamline","Steam+1"],"picked":"Chaos","floor":35.0}],"player_experience":2419815,"relics_obtained":[{"floor":7.0,"key":"Strawberry"},{"floor":9.0,"key":"MawBank"},{"floor":10.0,"key":"Du-Vu Doll"},{"floor":26.0,"key":"Mango"}],"event_choices":[{"damage_healed":0.0,"max_hp_gain":0.0,"max_hp_loss":0.0,"gold_gain":0.0,"event_name":"Living Wall","player_choice":"Grow","floor":3.0,"gold_loss":0.0,"damage_taken":0.0,"cards_upgraded":["Zap"]},{"damage_healed":0.0,"max_hp_gain":0.0,"max_hp_loss":0.0,"gold_gain":0.0,"event_name":"Lab","player_choice":"Got Potions","floor":13.0,"gold_loss":0.0,"damage_taken":0.0},{"damage_healed":0.0,"max_hp_gain":0.0,"max_hp_loss":0.0,"gold_gain":0.0,"event_name":"Back to Basics","player_choice":"Simplicity","floor":22.0,"gold_loss":0.0,"damage_taken":0.0,"cards_upgraded":["Strike_B","Strike_B","Strike_B","Strike_B","Defend_B","Defend_B","Defend_B","Defend_B"]},{"damage_healed":0.0,"max_hp_gain":0.0,"max_hp_loss":0.0,"gold_gain":0.0,"event_name":"The Library","player_choice":"Read","floor":29.0,"gold_loss":0.0,"damage_taken":0.0,"cards_obtained":["Capacitor"]}],"is_beta":false,"boss_relics":[{"not_picked":["Tiny House","Lizard Tail"],"picked":"Runic Pyramid"},{"not_picked":["White Beast Statue","Philosopher\u0027s Stone"],"picked":"Eternal Feather"}],"items_purged_floors":[],"is_endless":false,"potions_floor_spawned":[1,7,12,16,18,35],"killed_by":"3 Darklings","ascension_level":19}