{"gold_per_floor":[169,184,194,213,230,262,65,65,65,99,99,115,128,141,141,246,246,260,278,278,75,85,116,116,40,40,71,71,81,81,81,81,176,176,196,209,209,209],"floor_reached":38,"playtime":4511,"items_purged":["Defend_B"],"score":535,"play_id":"c1d7cd64-fcd5-4975-829b-79081f57b686","local_time":"20190531223924","is_ascension_mode":true,"campfire_choices":[{"floor":8.0,"key":"REST"},{"floor":15.0,"key":"REST"},{"data":"Barrage","floor":24,"key":"SMITH"},{"floor":28,"key":"REST"},{"data":"Defragment","floor":32,"key":"SMITH"}],"neow_cost":"NONE","seed_source_timestamp":0,"circlet_count":0,"master_deck":["Strike_B","Strike_B","Strike_B","Strike_B","Defend_B+1","Defend_B","Defend_B","Zap","Dualcast","Cold Snap","Compile Driver","Cold Snap","Coolheaded","Echo Form","Doom and Gloom","Stack","Self Repair","Machine Learning","BootSequence+1","Barrage+1","Hello World","Reboot+1","Sweeping Beam+1","Aggregate+1","Glacier+1","Redo+1","Redo+1","Amplify+1","Defragment+1","Capacitor","White Noise+1","Reboot+1"],"special_seed":0,"relics":["Tiny House","Letter Opener","Pantograph","Toxic Egg 2","Cursed Key","Art of War","Blood Vial","Gambling Chip","Potion Belt","Sundial","Empty Cage"],"potions_floor_usage":[18,22,22,27,38],"damage_taken":[{"damage":1.0,"enemies":"Cultist","floor":1.0,"turns":4.0},{"damage":0.0,"enemies":"Small Slimes","floor":2.0,"turns":3.0},{"damage":5.0,"enemies":"Jaw Worm","floor":3.0,"turns":3.0},{"damage":16.0,"enemies":"Exordium Wildlife","floor":4.0,"turns":3.0},{"damage":1.0,"enemies":"Blue Slaver","floor":5.0,"turns":4.0},{"damage":21.0,"enemies":"3 Sentries","floor":6.0,"turns":9.0},{"damage":20.0,"enemies":"Gremlin Nob","floor":10.0,"turns":4.0},{"damage":2.0,"enemies":"Large Slime","floor":12.0,"turns":4.0},{"damage":6.0,"enemies":"Exordium Thugs","floor":13.0,"turns":5.0},{"damage":1.0,"enemies":"Lots of Slimes","floor":14.0,"turns":2.0},{"damage":21,"enemies":"The Guardian","floor":16,"turns":11},{"damage":7,"enemies":"Chosen","floor":18,"turns":7},{"damage":5,"enemies":"3 Byrds","floor":19,"turns":6},{"damage":9,"enemies":"Centurion and Healer","floor":22,"turns":6},{"damage":25,"enemies":"Gremlin Leader","floor":23,"turns":8},{"damage":18,"enemies":"Book of Stabbing","floor":27,"turns":8},{"damage":11,"enemies":"Shelled Parasite and Fungi","floor":29,"turns":9},{"damage":40,"enemies":"Colosseum Slavers","floor":30,"turns":6},{"damage":10,"enemies":"Champ","floor":33,"turns":11},{"damage":34,"enemies":"3 Darklings","floor":35,"turns":5},{"damage":16,"enemies":"3 Shapes","floor":36,"turns":5},{"damage":55,"enemies":"Writhing Mass","floor":38,"turns":7}],"seed_played":"-3010331866599223999","potions_obtained":[{"floor":0.0,"key":"SkillPotion"},{"floor":3.0,"key":"Strength Potion"},{"floor":4.0,"key":"FearPotion"},{"floor":12.0,"key":"GamblersBrew"},{"floor":16,"key":"Swift Potion"},{"floor":18,"key":"Poison Potion"},{"floor":19,"key":"Weak Potion"},{"floor":23,"key":"LiquidBronze"},{"floor":33,"key":"SpeedPotion"},{"floor":35,"key":"AttackPotion"}],"is_trial":false,"path_per_floor":["M","M","M","M","M","E","$","R","T","E","?","M","M","M","R","B",null,"M","M","?","$","M","E","R","$","T","E","R","M","?","T","R","B",null,"M","M","?","M"],"character_chosen":"DEFECT","items_purchased":["Stack","Self Repair","Redo+1","Art of War","Defragment"],"campfire_rested":3,"item_purchase_floors":[7,7,21,21,25],"current_hp_per_floor":[79,79,74,58,57,36,36,60,60,47,47,59,60,59,80,66,77,77,79,79,79,77,59,59,59,59,57,80,76,52,52,52,76,79,46,32,32,0],"gold":209,"neow_bonus":"BOSS_RELIC","is_prod":false,"is_daily":false,"chose_seed":false,"campfire_upgraded":2,"win_rate":0,"timestamp":1559367564,"path_taken":["M","M","M","M","M","E","?","R","T","E","?","M","M","M","R","BOSS","M","M","?","$","M","E","R","$","T","E","R","M","?","?","R","BOSS","M","M","?","M"],"build_version":"2019-01-23","purchased_purges":1,"victory":false,"max_hp_per_floor":[80,80,80,80,80,80,80,80,80,80,80,80,80,80,80,80,80,80,80,80,80,80,80,80,80,80,80,80,80,80,80,80,80,80,80,80,80,80],"card_choices":[{"not_picked":["Redo","Turbo"],"picked":"Cold Snap","floor":0.0},{"not_picked":["Fission","Steam"],"picked":"Compile Driver","floor":1.0},{"not_picked":["Hologram","Darkness"],"picked":"Cold Snap","floor":2.0},{"not_picked":["Streamline","Beam Cell"],"picked":"Coolheaded","floor":3.0},{"not_picked":["Loop","Redo"],"picked":"Echo Form","floor":4.0},{"not_picked":["Coolheaded","Storm"],"picked":"Doom and Gloom","floor":5.0},{"not_picked":["Hologram","Lockon","Beam Cell"],"picked":"SKIP","floor":6.0},{"not_picked":["Leap","Beam Cell"],"picked":"Machine Learning","floor":10.0},{"not_picked":["Loop","Capacitor"],"picked":"BootSequence+1","floor":12.0},{"not_picked":["Fusion+1","Genetic Algorithm+1"],"picked":"Barrage","floor":13.0},{"not_picked":["Beam Cell","Streamline"],"picked":"Hello World","floor":14.0},{"not_picked":["Electrodynamics","All For One"],"picked":"Reboot+1","floor":16},{"not_picked":["Conserve Battery+1","Go for the Eyes+1"],"picked":"Sweeping Beam+1","floor":18},{"not_picked":["Barrage+1","Doom and Gloom"],"picked":"Aggregate+1","floor":19},{"not_picked":["Undo+1","Hologram+1"],"picked":"Redo+1","floor":22},{"not_picked":["Fusion+1","Leap+1"],"picked":"Amplify+1","floor":23},{"not_picked":["Auto Shields+1","Beam Cell"],"picked":"Capacitor","floor":27},{"not_picked":["Rebound","Ball Lightning+1"],"picked":"White Noise+1","floor":29},{"not_picked":["Machine Learning","Multi-Cast+1"],"picked":"Reboot+1","floor":33},{"not_picked":["Rebound","Stack+1","Gash+1"],"picked":"SKIP","floor":35},{"not_picked":["Coolheaded+1","Tempest+1","Conserve Battery+1"],"picked":"SKIP","floor":36}],"player_experience":621003,"relics_obtained":[{"floor":6.0,"key":"Letter Opener"},{"floor":9.0,"key":"Pantograph"},{"floor":10.0,"key":"Toxic Egg 2"},{"floor":23,"key":"Blood Vial"},{"floor":26,"key":"Gambling Chip"},{"floor":27,"key":"Potion Belt"},{"floor":31,"key":"Sundial"}],"event_choices":[{"damage_healed":0.0,"max_hp_gain":0.0,"max_hp_loss":0.0,"gold_gain":0.0,"event_name":"Scrap Ooze","player_choice":"Fled","floor":11.0,"gold_loss":0.0,"damage_taken":0.0},{"damage_healed":0,"gold_gain":0,"player_choice":"Read","damage_taken":0,"max_hp_gain":0,"max_hp_loss":0,"event_name":"The Library","floor":20,"gold_loss":0,"cards_obtained":["Glacier"]},{"damage_healed":0,"gold_gain":0,"player_choice":"Fight","damage_taken":0,"max_hp_gain":0,"max_hp_loss":0,"event_name":"Colosseum","floor":30,"gold_loss":0},{"damage_healed":0,"gold_gain":0,"player_choice":"Fled From Nobs","damage_taken":0,"max_hp_gain":0,"max_hp_loss":0,"event_name":"Colosseum","floor":30,"gold_loss":0},{"damage_healed":0,"gold_gain":0,"player_choice":"Ignored","damage_taken":0,"max_hp_gain":0,"max_hp_loss":0,"event_name":"Tomb of Lord Red Mask","floor":37,"gold_loss":0}],"is_beta":false,"boss_relics":[{"not_picked":["Philosopher\u0027s Stone","Astrolabe"],"picked":"Cursed Key"},{"not_picked":["Pandora\u0027s Box","Eternal Feather"],"picked":"Empty Cage"}],"items_purged_floors":[7],"is_endless":false,"potions_floor_spawned":[3,4,12,16,18,19,23,33,35],"killed_by":"Writhing Mass","ascension_level":5}