{"gold_per_floor":[115,115,134,154,172,202,202,218,271,324,324,337,348,348,348,348],"floor_reached":16,"playtime":641,"items_purged":[],"score":166,"play_id":"ba861594-3734-4c4a-9822-5546486015d1","local_time":"20190105111635","is_ascension_mode":true,"campfire_choices":[{"data":"Clothesline","floor":11,"key":"SMITH"},{"data":"Ghostly Armor","floor":15,"key":"SMITH"}],"neow_cost":"NONE","seed_source_timestamp":1358601369048668,"circlet_count":0,"master_deck":["AscendersBane","Strike_R","Strike_R","Strike_R","Strike_R","Strike_R","Defend_R","Defend_R","Defend_R","Defend_R","Bash","Twin Strike","Clothesline+1","Headbutt","Ghostly Armor+1"],"relics":["Coffee Dripper","Lantern","Omamori"],"potions_floor_usage":[6,16],"damage_taken":[{"damage":7,"enemies":"Jaw Worm","floor":1,"turns":3},{"damage":4,"enemies":"Small Slimes","floor":3,"turns":3},{"damage":3,"enemies":"2 Louse","floor":4,"turns":2},{"damage":11,"enemies":"2 Fungi Beasts","floor":5,"turns":3},{"damage":8,"enemies":"Gremlin Nob","floor":6,"turns":3},{"damage":16,"enemies":"Lots of Slimes","floor":8,"turns":4},{"damage":0,"enemies":"Blue Slaver","floor":12,"turns":2},{"damage":3,"enemies":"3 Louse","floor":13,"turns":2},{"damage":21,"enemies":"Hexaghost","floor":16,"turns":14}],"seed_played":"-3751288045504067153","potions_obtained":[{"floor":3,"key":"Weak Potion"},{"floor":5,"key":"Poison Potion"},{"floor":6,"key":"Block Potion"}],"is_trial":false,"path_per_floor":["M","$","M","M","M","E","?","M","T","?","R","M","M","?","R","B"],"character_chosen":"IRONCLAD","items_purchased":[],"campfire_rested":0,"item_purchase_floors":[],"current_hp_per_floor":[65,65,61,58,47,39,39,23,23,23,23,23,20,20,20,0],"gold":348,"neow_bonus":"BOSS_RELIC","is_prod":false,"is_daily":false,"chose_seed":false,"campfire_upgraded":2,"win_rate":0,"timestamp":1546715795,"path_taken":["M","$","M","M","M","E","?","M","T","?","R","M","M","?","R","BOSS"],"build_version":"2019-01-03v4","purchased_purges":0,"victory":false,"max_hp_per_floor":[80,80,80,80,80,80,80,80,80,80,80,80,80,80,80,80],"card_choices":[{"not_picked":["Havoc","Searing Blow"],"picked":"Twin Strike","floor":1},{"not_picked":["Whirlwind","Heavy Blade"],"picked":"Clothesline","floor":3},{"not_picked":["Heavy Blade","Offering"],"picked":"Headbutt","floor":4},{"not_picked":["Bloodletting","Clothesline","Anger"],"picked":"SKIP","floor":5},{"not_picked":["Rampage","Pummel","Thunderclap"],"picked":"SKIP","floor":6},{"not_picked":["Pummel","Dual Wield","Clash"],"picked":"SKIP","floor":8},{"not_picked":["Warcry","Twin Strike"],"picked":"Ghostly Armor","floor":12},{"not_picked":["Clothesline","Brutality","Searing Blow"],"picked":"SKIP","floor":13}],"player_experience":592599,"relics_obtained":[{"floor":6,"key":"Lantern"},{"floor":9,"key":"Omamori"}],"event_choices":[{"damage_healed":0,"gold_gain":0,"player_choice":"Ignored","damage_taken":0,"max_hp_gain":0,"max_hp_loss":0,"event_name":"Shining Light","floor":7,"gold_loss":0},{"damage_healed":0,"gold_gain":53,"player_choice":"Gained Gold","damage_taken":0,"max_hp_gain":0,"max_hp_loss":0,"event_name":"Golden Wing","floor":10,"gold_loss":0},{"damage_healed":0,"gold_gain":0,"player_choice":"Ignored","damage_taken":0,"max_hp_gain":0,"max_hp_loss":0,"event_name":"Golden Idol","floor":14,"gold_loss":0}],"is_beta":false,"boss_relics":[],"items_purged_floors":[],"is_endless":false,"potions_floor_spawned":[3,5,6,13],"killed_by":"Hexaghost","ascension_level":12}