{"gold_per_floor":[117,117,127,127,127,127,153,163,187,203,223,223,72,72,72,170,170,180,197,2,2,2,2,12,30,30,30,65,75,94,94,94,191,241,252,269,283,4,4,4,29,47,73,87,87,99,99],"floor_reached":47,"playtime":2822,"items_purged":["Strike_G","Writhe"],"score":781,"play_id":"feb026a0-ee2e-4d35-902a-69a29fb1ee0e","local_time":"20190817221653","is_ascension_mode":true,"campfire_choices":[{"data":"Predator","floor":6,"key":"SMITH"},{"data":"Dash","floor":12,"key":"SMITH"},{"data":"Noxious Fumes","floor":15,"key":"SMITH"},{"data":"Adrenaline","floor":23,"key":"SMITH"},{"floor":27,"key":"REST"},{"floor":32,"key":"REST"},{"data":"Defend_G","floor":40,"key":"SMITH"},{"floor":45,"key":"REST"}],"neow_cost":"NONE","seed_source_timestamp":328933181270087,"circlet_count":0,"master_deck":["AscendersBane","Strike_G+1","Strike_G","Strike_G","Defend_G+1","Defend_G","Defend_G","Defend_G","Defend_G","Survivor","Neutralize","Cloak And Dagger+1","Predator+1","Dash+1","Adrenaline+1","Noxious Fumes+1","PiercingWail","Well Laid Plans+1","Bullet Time","Dagger Throw","Master of Strategy","Crippling Poison","Acrobatics","Corpse Explosion","Poisoned Stab","Panache","Wraith Form v2"],"relics":["Ring of the Snake","NeowsBlessing","Turnip","Juzu Bracelet","Snake Skull","Busted Crown","Blood Vial","Mummified Hand","Bronze Scales","Tiny House","Letter Opener","Lantern"],"potions_floor_usage":[10,16,28,29,41,41,47],"damage_taken":[{"damage":0,"enemies":"Jaw Worm","floor":1,"turns":1},{"damage":0,"enemies":"Cultist","floor":3,"turns":1},{"damage":0,"enemies":"3 Sentries","floor":7,"turns":2},{"damage":0,"enemies":"2 Louse","floor":8,"turns":2},{"damage":2,"enemies":"Lots of Slimes","floor":10,"turns":5},{"damage":4,"enemies":"Exordium Wildlife","floor":11,"turns":4},{"damage":11,"enemies":"Slime Boss","floor":16,"turns":10},{"damage":5,"enemies":"Spheric Guardian","floor":18,"turns":5},{"damage":0,"enemies":"3 Byrds","floor":19,"turns":5},{"damage":4,"enemies":"Centurion and Healer","floor":24,"turns":6},{"damage":5,"enemies":"Cultist and Chosen","floor":25,"turns":6},{"damage":31,"enemies":"Book of Stabbing","floor":28,"turns":7},{"damage":0,"enemies":"Snecko","floor":29,"turns":4},{"damage":0,"enemies":"Sentry and Sphere","floor":30,"turns":4},{"damage":25,"enemies":"Collector","floor":33,"turns":11},{"damage":0,"enemies":"Orb Walker","floor":35,"turns":4},{"damage":9,"enemies":"3 Shapes","floor":36,"turns":3},{"damage":8,"enemies":"Sphere and 2 Shapes","floor":37,"turns":3},{"damage":12,"enemies":"Nemesis","floor":41,"turns":7},{"damage":0,"enemies":"3 Darklings","floor":42,"turns":3},{"damage":5,"enemies":"Spire Growth","floor":44,"turns":4},{"damage":0,"enemies":"4 Shapes","floor":46,"turns":2},{"damage":91,"enemies":"Giant Head","floor":47,"turns":9}],"seed_played":"-6214353033291624049","potions_obtained":[{"floor":2,"key":"Fire Potion"},{"floor":2,"key":"Weak Potion"},{"floor":10,"key":"SteroidPotion"},{"floor":24,"key":"GamblersBrew"},{"floor":28,"key":"Explosive Potion"},{"floor":33,"key":"Energy Potion"},{"floor":36,"key":"Dexterity Potion"},{"floor":42,"key":"Block Potion"}],"is_trial":false,"path_per_floor":["M","?","M","T","?","R","E","M","T","M","M","R","$","?","R","B",null,"M","M","$","?","$","R","M","M","T","R","E","M","M","?","R","B",null,"M","M","M","$","?","R","E","M","T","M","R","M","E"],"character_chosen":"THE_SILENT","items_purchased":["Well Laid Plans","Master of Strategy","Panache"],"campfire_rested":3,"item_purchase_floors":[13,20,38],"current_hp_per_floor":[63,63,63,63,63,63,63,63,63,61,57,57,57,57,57,46,64,59,59,59,59,59,59,57,54,54,70,39,41,43,43,64,41,68,70,63,57,57,57,57,47,49,49,46,68,70,0],"gold":99,"neow_bonus":"THREE_ENEMY_KILL","is_prod":false,"is_daily":false,"chose_seed":false,"campfire_upgraded":5,"win_rate":0,"timestamp":1566105413,"path_taken":["M","?","?","?","?","R","E","M","T","M","M","R","$","?","R","BOSS","M","M","?","?","$","R","M","M","T","R","E","M","M","?","R","BOSS","M","M","M","$","?","R","E","M","T","M","R","M","E"],"build_version":"2019-07-17","purchased_purges":2,"victory":false,"max_hp_per_floor":[70,70,70,70,70,70,70,70,70,70,70,70,70,70,70,70,70,70,70,70,70,70,70,70,70,70,70,70,70,70,70,70,70,75,75,75,75,75,75,75,75,75,75,75,75,75,75],"card_choices":[{"not_picked":["Blade Dance","Bane"],"picked":"Cloak And Dagger","floor":1},{"not_picked":["Deflect","Outmaneuver"],"picked":"Predator","floor":3},{"not_picked":["Reflex","Dodge and Roll"],"picked":"Dash","floor":7},{"not_picked":["Dodge and Roll","Choke"],"picked":"Adrenaline","floor":8},{"not_picked":["Infinite Blades","Flying Knee"],"picked":"Noxious Fumes","floor":10},{"not_picked":["Eviscerate","Cloak And Dagger"],"picked":"PiercingWail","floor":11},{"not_picked":["Grand Finale","Glass Knife"],"picked":"Bullet Time","floor":16},{"not_picked":[],"picked":"Dagger Throw","floor":18},{"not_picked":["Prepared"],"picked":"SKIP","floor":19},{"not_picked":["Underhanded Strike"],"picked":"SKIP","floor":24},{"not_picked":["Heel Hook"],"picked":"SKIP","floor":25},{"not_picked":[],"picked":"Crippling Poison","floor":28},{"not_picked":[],"picked":"Acrobatics","floor":29},{"not_picked":["Dagger Throw"],"picked":"SKIP","floor":30},{"not_picked":[],"picked":"Corpse Explosion","floor":33},{"not_picked":[],"picked":"Poisoned Stab","floor":34},{"not_picked":["Dodge and Roll"],"picked":"SKIP","floor":35},{"not_picked":["Deadly Poison"],"picked":"SKIP","floor":36},{"not_picked":["Terror+1"],"picked":"SKIP","floor":37},{"not_picked":[],"picked":"Wraith Form v2","floor":41},{"not_picked":["Bane"],"picked":"SKIP","floor":42},{"not_picked":["Deflect+1"],"picked":"SKIP","floor":44},{"not_picked":["Dodge and Roll+1"],"picked":"SKIP","floor":46}],"player_experience":725164,"relics_obtained":[{"floor":4,"key":"Turnip"},{"floor":7,"key":"Juzu Bracelet"},{"floor":9,"key":"Snake Skull"},{"floor":26,"key":"Mummified Hand"},{"floor":28,"key":"Bronze Scales"},{"floor":41,"key":"Letter Opener"},{"floor":43,"key":"Lantern"}],"event_choices":[{"damage_healed":0,"gold_gain":0,"player_choice":"Got Potions","damage_taken":0,"max_hp_gain":0,"max_hp_loss":0,"event_name":"Lab","floor":2,"gold_loss":0},{"damage_healed":0,"gold_gain":0,"player_choice":"Grow","damage_taken":0,"max_hp_gain":0,"max_hp_loss":0,"event_name":"Living Wall","floor":5,"gold_loss":0,"cards_upgraded":["Cloak And Dagger"]},{"cards_removed":["Strike_G"],"damage_healed":0,"gold_gain":0,"player_choice":"Purged","damage_taken":0,"max_hp_gain":0,"max_hp_loss":0,"event_name":"Purifier","floor":14,"gold_loss":0},{"damage_healed":0,"gold_gain":0,"player_choice":"Opened","damage_taken":0,"relics_obtained":["Blood Vial"],"max_hp_gain":0,"max_hp_loss":0,"event_name":"The Mausoleum","floor":21,"gold_loss":0,"cards_obtained":["Writhe"]},{"damage_healed":0,"gold_gain":0,"player_choice":"Upgraded","damage_taken":0,"max_hp_gain":0,"max_hp_loss":0,"event_name":"Upgrade Shrine","floor":39,"gold_loss":0,"cards_upgraded":["Well Laid Plans"]}],"is_beta":false,"boss_relics":[{"not_picked":["Philosopher\u0027s Stone","Ring of the Serpent"],"picked":"Busted Crown"},{"not_picked":["Coffee Dripper","Cursed Key"],"picked":"Tiny House"}],"items_purged_floors":[13,38],"is_endless":false,"potions_floor_spawned":[7,10,24,28,33,35,36,42],"killed_by":"Giant Head","ascension_level":11}