{"gold_per_floor":[109,123,44,64,75,108,128,128,128,163,163,123,123,140,140,235,235,251,56,74,84,101,101,136,136,190,103,114,114,140,153,153,252,252,268,268,23,23,23,23],"floor_reached":40,"playtime":2057,"items_purged":[],"score":520,"play_id":"1130c3a3-d15d-416b-8e4c-e7e891c04041","local_time":"20190111215400","is_ascension_mode":true,"campfire_choices":[{"floor":8,"key":"REST"},{"data":"Zap","floor":13,"key":"SMITH"},{"floor":15,"key":"REST"},{"data":"Beam Cell","floor":23,"key":"SMITH"},{"data":"Steam Power","floor":29,"key":"SMITH"},{"floor":32,"key":"REST"}],"neow_cost":"NONE","seed_source_timestamp":171152236010147,"circlet_count":0,"master_deck":["Strike_B+1","Strike_B+1","Defend_B","Defend_B","Zap+1","Dualcast","Melter","Doom and Gloom","Scrape","BootSequence","Go for the Eyes","Gash","Multi-Cast","Aggregate+1","Hyperbeam+1","Hyperbeam+1","Compile Driver+1","Gash","Conserve Battery","Leap","Beam Cell+1","Steam Power+1","FTL","Turbo","Gash","Steam+1","Fission","Go for the Eyes+1","Swift Strike","Panache","Self Repair","Madness","Madness"],"relics":["Empty Cage","Whetstone","Bag of Marbles","Astrolabe","Happy Flower","Cables","Art of War","Dream Catcher","Fusion Hammer"],"potions_floor_usage":[6,10,12,21,22,22,33,33,35],"damage_taken":[{"damage":5,"enemies":"Cultist","floor":1,"turns":5},{"damage":0,"enemies":"Small Slimes","floor":2,"turns":4},{"damage":2,"enemies":"Jaw Worm","floor":4,"turns":3},{"damage":12,"enemies":"Large Slime","floor":5,"turns":6},{"damage":15,"enemies":"Gremlin Nob","floor":6,"turns":5},{"damage":6,"enemies":"Looter","floor":7,"turns":3},{"damage":15,"enemies":"3 Sentries","floor":10,"turns":5},{"damage":0,"enemies":"Exordium Wildlife","floor":14,"turns":2},{"damage":32,"enemies":"The Guardian","floor":16,"turns":9},{"damage":0,"enemies":"2 Thieves","floor":18,"turns":1},{"damage":0,"enemies":"3 Byrds","floor":20,"turns":2},{"damage":0,"enemies":"3 Cultists","floor":21,"turns":3},{"damage":19,"enemies":"Snecko","floor":22,"turns":4},{"damage":1,"enemies":"Gremlin Leader","floor":24,"turns":4},{"damage":0,"enemies":"Snake Plant","floor":28,"turns":2},{"damage":22,"enemies":"Shelled Parasite and Fungi","floor":31,"turns":3},{"damage":66,"enemies":"Collector","floor":33,"turns":8},{"damage":24,"enemies":"Orb Walker","floor":35,"turns":4},{"damage":33,"enemies":"Nemesis","floor":40,"turns":2}],"seed_played":"-1943136045061697820","potions_obtained":[{"floor":1,"key":"Weak Potion"},{"floor":6,"key":"Fire Potion"},{"floor":7,"key":"Ancient Potion"},{"floor":10,"key":"Regen Potion"},{"floor":12,"key":"Fruit Juice"},{"floor":12,"key":"Block Potion"},{"floor":20,"key":"EssenceOfSteel"},{"floor":21,"key":"GamblersBrew"},{"floor":31,"key":"FocusPotion"},{"floor":33,"key":"PowerPotion"}],"is_trial":false,"path_per_floor":["M","M","$","M","M","E","M","R","T","E","?","?","R","M","R","B",null,"M","$","M","M","M","R","E","?","T","$","M","R","T","M","R","B",null,"M","?","$","?","$","E"],"character_chosen":"DEFECT","items_purchased":["Scrape","Gash","Happy Flower","FTL","Turbo","Panache","Self Repair"],"campfire_rested":3,"item_purchase_floors":[3,19,19,27,27,37,37],"current_hp_per_floor":[70,70,70,68,56,41,35,57,57,42,42,47,47,47,71,39,70,70,70,70,70,51,51,50,50,50,50,50,50,50,28,52,1,60,36,36,36,26,26,0],"gold":23,"neow_bonus":"BOSS_RELIC","is_prod":false,"is_daily":false,"chose_seed":false,"campfire_upgraded":3,"win_rate":0,"timestamp":1547272440,"path_taken":["M","M","$","M","M","E","M","R","T","E","?","?","R","M","R","BOSS","M","$","M","?","M","R","E","?","T","$","M","R","?","M","R","BOSS","M","?","$","?","$","E"],"build_version":"2019-01-10","purchased_purges":0,"victory":false,"max_hp_per_floor":[75,75,75,75,75,75,75,75,75,75,75,80,80,80,80,80,80,80,80,80,80,80,80,80,80,80,80,80,80,80,80,80,80,80,80,80,80,80,80,80],"card_choices":[{"not_picked":["Lockon","Conserve Battery"],"picked":"Melter","floor":1},{"not_picked":["Self Repair","Coolheaded"],"picked":"Doom and Gloom","floor":2},{"not_picked":["Force Field","Heatsinks","Static Discharge"],"picked":"SKIP","floor":4},{"not_picked":["Heatsinks","Rebound"],"picked":"BootSequence","floor":5},{"not_picked":["Skim","Static Discharge"],"picked":"Machine Learning","floor":6},{"not_picked":["Cold Snap","Steam Power"],"picked":"Go for the Eyes","floor":7},{"not_picked":["Stack","Hello World","Barrage"],"picked":"SKIP","floor":10},{"not_picked":["Coolheaded","Redo"],"picked":"Gash","floor":14},{"not_picked":["Biased Cognition","Buffer"],"picked":"Multi-Cast","floor":16},{"not_picked":["Chaos","Hologram"],"picked":"Compile Driver+1","floor":18},{"not_picked":["Force Field","Sunder"],"picked":"Conserve Battery","floor":20},{"not_picked":["Redo+1","Coolheaded+1"],"picked":"Leap","floor":21},{"not_picked":["Compile Driver","Barrage+1"],"picked":"Beam Cell","floor":22},{"not_picked":["Redo","Chill+1"],"picked":"Steam Power","floor":24},{"not_picked":["Turbo","Compile Driver","Conserve Battery"],"picked":"SKIP","floor":28},{"not_picked":["Stack","Defragment"],"picked":"Gash","floor":31},{"not_picked":["All For One","Go for the Eyes"],"picked":"Steam+1","floor":32},{"not_picked":["Meteor Strike","Biased Cognition"],"picked":"Fission","floor":33},{"not_picked":["Ball Lightning+1","Stack"],"picked":"Go for the Eyes+1","floor":35},{"not_picked":["Thinking Ahead","Impatience"],"picked":"Swift Strike","floor":36}],"player_experience":597800,"relics_obtained":[{"floor":6,"key":"Whetstone"},{"floor":10,"key":"Bag of Marbles"},{"floor":24,"key":"Cables"},{"floor":26,"key":"Art of War"},{"floor":30,"key":"Dream Catcher"}],"event_choices":[{"damage_healed":0,"gold_gain":0,"player_choice":"Ignored","damage_taken":0,"max_hp_gain":0,"max_hp_loss":0,"event_name":"Shining Light","floor":11,"gold_loss":0},{"damage_healed":0,"gold_gain":0,"player_choice":"Bought 3 Potions","damage_taken":0,"max_hp_gain":0,"max_hp_loss":0,"event_name":"The Woman in Blue","floor":12,"gold_loss":0},{"damage_healed":0,"gold_gain":0,"player_choice":"Ignored","damage_taken":0,"max_hp_gain":0,"max_hp_loss":0,"event_name":"Beggar","floor":25,"gold_loss":0},{"damage_healed":0,"gold_gain":0,"player_choice":"Memory 1","damage_taken":0,"max_hp_gain":0,"max_hp_loss":0,"event_name":"SensoryStone","floor":36,"gold_loss":0},{"damage_healed":0,"gold_gain":0,"player_choice":"Embrace Madness","damage_taken":10,"max_hp_gain":0,"max_hp_loss":0,"event_name":"Winding Halls","floor":38,"gold_loss":0,"cards_obtained":["Madness","Madness"]}],"is_beta":false,"boss_relics":[{"not_picked":["Calling Bell","Black Star"],"picked":"Astrolabe"},{"not_picked":["Coffee Dripper","Inserter"],"picked":"Fusion Hammer"}],"items_purged_floors":[],"is_endless":false,"potions_floor_spawned":[1,6,7,10,20,21,31,33],"killed_by":"Nemesis","ascension_level":5}