{"path_per_floor":["M","M","M","M","$","R","?","R","T","R","E","$","M","M","R","B",null,"M","M","M","$","?","R","E"],"character_chosen":"DEFECT","items_purchased":["Happy Flower","Defragment"],"gold_per_floor":[118,136,149,164,10,10,110,110,110,110,145,2,16,30,30,127,127,140,157,174,74,74,74,108,108],"floor_reached":25,"campfire_rested":1,"playtime":11116,"item_purchase_floors":[5,12],"current_hp_per_floor":[74,73,73,72,72,72,72,72,72,72,57,57,56,50,50,40,66,55,47,35,35,35,57,11,0],"items_purged":["Strike_B","Strike_B"],"gold":108,"score":279,"play_id":"dbe2d21e-8101-44b7-9b97-db00d9e8629d","local_time":"20180614212402","is_prod":false,"is_daily":false,"chose_seed":false,"is_ascension_mode":true,"campfire_upgraded":4,"win_rate":0,"timestamp":1529036642,"campfire_choices":[{"data":"Zap","floor":6,"key":"SMITH"},{"data":"Dualcast","floor":8,"key":"SMITH"},{"data":"Hologram","floor":10,"key":"SMITH"},{"data":"Defragment","floor":15,"key":"SMITH"},{"floor":23,"key":"REST"}],"path_taken":["M","M","M","M","$","R","?","R","T","R","E","$","M","M","R","BOSS","M","M","M","$","?","R","E","M"],"build_version":"2018-06-14","seed_source_timestamp":97703433215,"purchased_purges":2,"victory":false,"master_deck":["Strike_B","Defend_B","Defend_B","Defend_B","Defend_B","Zap+1","Dualcast+1","Turbo","Darkness","Coolheaded","Leap","Hologram+1","Ball Lightning","Defragment+1","Auto Shields","Echo Form","Loop"],"max_hp_per_floor":[75,75,75,75,75,75,75,75,75,75,75,75,75,75,75,75,75,75,75,75,75,75,75,75,75],"relics":["Cracked Core","Happy Flower","Bottled Lightning","Oddly Smooth Stone","Kunai"],"card_choices":[{"not_picked":["Leap","Redo"],"picked":"Darkness","floor":1},{"not_picked":["Scrape","Cold Snap"],"picked":"Coolheaded","floor":2},{"not_picked":["Beam Cell","Steam"],"picked":"Leap","floor":3},{"not_picked":["Scrape","Beam Cell"],"picked":"Hologram","floor":4},{"not_picked":["Creative AI","Conserve Battery"],"picked":"Ball Lightning","floor":11},{"not_picked":["Conserve Battery","Rebound","Sweeping Beam"],"picked":"SKIP","floor":13},{"not_picked":["Doom and Gloom","Rebound"],"picked":"Auto Shields","floor":14},{"not_picked":["Core Surge","Machine Learning"],"picked":"Echo Form","floor":16},{"not_picked":["Barrage","Conserve Battery","Go for the Eyes"],"picked":"SKIP","floor":18},{"not_picked":["Gash","Sweeping Beam","Rebound"],"picked":"SKIP","floor":19},{"not_picked":["Redo+1","Gash","All For One"],"picked":"SKIP","floor":20},{"not_picked":["Double Energy","Aggregate+1","Consume"],"picked":"SKIP","floor":24}],"player_experience":521567,"potions_floor_usage":[11,16,16,19,24,24],"damage_taken":[{"damage":1,"enemies":"Jaw Worm","floor":1,"turns":4},{"damage":1,"enemies":"Cultist","floor":2,"turns":3},{"damage":0,"enemies":"2 Louse","floor":3,"turns":2},{"damage":1,"enemies":"Blue Slaver","floor":4,"turns":5},{"damage":15,"enemies":"Gremlin Nob","floor":11,"turns":4},{"damage":1,"enemies":"Looter","floor":13,"turns":2},{"damage":6,"enemies":"3 Louse","floor":14,"turns":3},{"damage":10,"enemies":"Slime Boss","floor":16,"turns":7},{"damage":11,"enemies":"3 Byrds","floor":18,"turns":5},{"damage":8,"enemies":"Shell Parasite","floor":19,"turns":6},{"damage":12,"enemies":"Snake Plant","floor":20,"turns":4},{"damage":61,"enemies":"Gremlin Leader","floor":24,"turns":8},{"damage":21,"enemies":"Cultist and Chosen","floor":25,"turns":2}],"relics_obtained":[{"floor":9,"key":"Bottled Lightning"},{"floor":11,"key":"Oddly Smooth Stone"},{"floor":24,"key":"Kunai"}],"event_choices":[{"event_name":"Wheel of Change","player_choice":"Gold","floor":7,"damage_taken":0},{"event_name":"The Library","player_choice":"Read","floor":22,"damage_taken":0}],"boss_relics":[{"not_picked":["Astrolabe","Ectoplasm","Philosopher\u0027s Stone"]}],"items_purged_floors":[12,21],"is_endless":false,"potions_floor_spawned":[1,4,13,14,16,18],"seed_played":"8291283671320683037","killed_by":"Cultist and Chosen","ascension_level":5,"potions_obtained":[{"floor":1,"key":"Regen Potion"},{"floor":4,"key":"Swift Potion"},{"floor":13,"key":"GamblersBrew"},{"floor":14,"key":"GamblersBrew"},{"floor":16,"key":"EssenceOfSteel"},{"floor":18,"key":"Weak Potion"}],"is_trial":false}