{"gold_per_floor":[116,133,133,133,144,176,9,9,33,50,70,96,44,58,58,159,159,170,170,80,80,98,124,124,399,399,419,435,435,453,470,470,569,569,589,589,589,603,623,641,641,672,672,672],"floor_reached":44,"playtime":4069,"items_purged":[],"score":522,"play_id":"b6e04f87-f004-40c4-ade1-da611ac0f37e","local_time":"20191006204214","is_ascension_mode":false,"campfire_choices":[{"floor":8,"key":"REST"},{"floor":15,"key":"REST"},{"floor":32,"key":"REST"},{"floor":41,"key":"REST"}],"neow_cost":"NONE","seed_source_timestamp":238869265535000,"circlet_count":0,"master_deck":["Defend_B","Defend_B","Defend_B","Defend_B","Zap","Dualcast","Cold Snap","Heatsinks","Barrage","Loop","Storm","Compile Driver","Swift Strike","Force Field","Sweeping Beam","Glacier","Ball Lightning","Glacier","Biased Cognition","Self Repair","Hologram","Loop","Echo Form","Zap","BootSequence","Auto Shields+1","Bite","Bite","Bite","Bite","Bite","Cold Snap+1","Blizzard","Beam Cell","Skim","Storm","Electrodynamics","Skim","Capacitor","Hologram+1","Darkness","All For One","Coolheaded+1","Gash+1","White Noise+1","Storm+1","Ball Lightning","Chill"],"relics":["Cracked Core","Omamori","Dream Catcher","Bag of Preparation","Velvet Choker","Smiling Mask","Regal Pillow","Darkstone Periapt","Orrery","Mercury Hourglass","Question Card","Gremlin Horn"],"potions_floor_usage":[14,16,16,28,33,33,33,39,40,44,44],"damage_taken":[{"damage":0,"enemies":"Cultist","floor":1,"turns":4},{"damage":12,"enemies":"Small Slimes","floor":2,"turns":3},{"damage":9,"enemies":"Jaw Worm","floor":5,"turns":4},{"damage":31,"enemies":"Lagavulin","floor":6,"turns":7},{"damage":7,"enemies":"Blue Slaver","floor":10,"turns":2},{"damage":9,"enemies":"Large Slime","floor":11,"turns":5},{"damage":30,"enemies":"Gremlin Nob","floor":12,"turns":4},{"damage":4,"enemies":"Lots of Slimes","floor":14,"turns":2},{"damage":6,"enemies":"The Guardian","floor":16,"turns":12},{"damage":21,"enemies":"2 Thieves","floor":18,"turns":4},{"damage":0,"enemies":"Spheric Guardian","floor":22,"turns":3},{"damage":62,"enemies":"Gremlin Leader","floor":23,"turns":6},{"damage":1,"enemies":"Snecko","floor":27,"turns":6},{"damage":13,"enemies":"Centurion and Healer","floor":28,"turns":9},{"damage":17,"enemies":"3 Cultists","floor":30,"turns":6},{"damage":20,"enemies":"Snake Plant","floor":31,"turns":5},{"damage":61,"enemies":"Collector","floor":33,"turns":13},{"damage":16,"enemies":"3 Darklings","floor":35,"turns":7},{"damage":37,"enemies":"3 Shapes","floor":38,"turns":3},{"damage":8,"enemies":"Transient","floor":39,"turns":5},{"damage":0,"enemies":"4 Shapes","floor":40,"turns":3},{"damage":34,"enemies":"Nemesis","floor":42,"turns":5},{"damage":15,"enemies":"Maw","floor":44,"turns":7}],"seed_played":"5416564209824925695","potions_obtained":[{"floor":10,"key":"Ancient Potion"},{"floor":14,"key":"PowerPotion"},{"floor":16,"key":"FearPotion"},{"floor":23,"key":"SkillPotion"},{"floor":30,"key":"GamblersBrew"},{"floor":31,"key":"Block Potion"},{"floor":33,"key":"Fire Potion"},{"floor":35,"key":"PowerPotion"},{"floor":40,"key":"Explosive Potion"},{"floor":42,"key":"SkillPotion"}],"is_trial":false,"path_per_floor":["M","M","?","?","M","E","$","R","T","M","M","E","$","M","R","B",null,"M","?","$","?","M","E","?","?","T","M","M","T","M","M","R","B",null,"M","?","T","M","M","M","R","E","T","M"],"character_chosen":"DEFECT","items_purchased":["Storm","Compile Driver","Swift Strike","Explosive Potion","Hologram","Loop"],"campfire_rested":4,"item_purchase_floors":[7,7,7,13,20,20],"current_hp_per_floor":[82,70,70,70,61,30,30,54,54,47,38,8,8,4,28,22,82,61,61,61,61,68,13,13,13,13,25,31,31,27,18,50,10,57,43,43,43,15,11,13,45,13,13,0],"gold":672,"neow_bonus":"TEN_PERCENT_HP_BONUS","is_prod":false,"is_daily":false,"chose_seed":false,"campfire_upgraded":0,"win_rate":0.0,"timestamp":1570412534,"path_taken":["M","M","?","?","M","E","$","R","T","M","M","E","?","M","R","BOSS","M","?","$","?","?","E","?","?","T","?","M","?","M","M","R","BOSS","M","?","?","M","M","M","R","E","T","M"],"build_version":"2019-07-17","purchased_purges":0,"victory":false,"max_hp_per_floor":[82,82,82,82,82,82,82,82,82,82,82,82,82,82,82,82,82,82,82,82,82,82,82,57,57,57,57,57,57,57,57,57,57,57,57,57,57,57,57,57,57,57,57,57],"card_choices":[{"not_picked":["Stack","Scrape"],"picked":"Cold Snap","floor":1},{"not_picked":["Leap","Sweeping Beam"],"picked":"Heatsinks","floor":2},{"not_picked":["Beam Cell","Rebound"],"picked":"Barrage","floor":5},{"not_picked":["Cold Snap","Coolheaded"],"picked":"Loop","floor":6},{"not_picked":["Cold Snap","Gash"],"picked":"Force Field","floor":10},{"not_picked":["Static Discharge","Thunder Strike"],"picked":"Sweeping Beam","floor":11},{"not_picked":["Defragment","Reprogram"],"picked":"Glacier","floor":12},{"not_picked":["Force Field","Tempest"],"picked":"Ball Lightning","floor":14},{"not_picked":["Reprogram","Steam Power"],"picked":"Glacier","floor":15},{"not_picked":["Creative AI","Multi-Cast"],"picked":"Biased Cognition","floor":16},{"not_picked":["Go for the Eyes","Consume+1"],"picked":"Self Repair","floor":18},{"not_picked":["Reinforced Body","Sweeping Beam+1"],"picked":"BootSequence","floor":22},{"not_picked":["Conserve Battery","Reinforced Body"],"picked":"Auto Shields+1","floor":23},{"not_picked":["Leap","Chaos"],"picked":"Cold Snap+1","floor":27},{"not_picked":["Beam Cell","Compile Driver+1"],"picked":"Blizzard","floor":28},{"not_picked":["Compile Driver+1","Storm"],"picked":"Beam Cell","floor":30},{"not_picked":["Hello World+1","Aggregate"],"picked":"Skim","floor":31},{"not_picked":["Chaos","Sweeping Beam+1"],"picked":"Storm","floor":32},{"not_picked":["Reboot","Rainbow"],"picked":"Electrodynamics","floor":33},{"not_picked":["Leap","Compile Driver"],"picked":"Skim","floor":34},{"not_picked":["Redo","Hello World"],"picked":"Capacitor","floor":34},{"not_picked":["Chaos","Stack"],"picked":"Hologram+1","floor":34},{"not_picked":["Steam","Skim"],"picked":"Darkness","floor":34},{"not_picked":["Beam Cell","Consume+1"],"picked":"All For One","floor":34},{"not_picked":["Redo+1","Hologram"],"picked":"Coolheaded+1","floor":35},{"not_picked":["Melter+1","Streamline+1"],"picked":"Gash+1","floor":38},{"not_picked":["BootSequence","Static Discharge"],"picked":"White Noise+1","floor":39},{"not_picked":["Conserve Battery","Lockon"],"picked":"Storm+1","floor":40},{"not_picked":["Doom and Gloom","Compile Driver"],"picked":"Ball Lightning","floor":41},{"not_picked":["Beam Cell+1","All For One"],"picked":"Chill","floor":42}],"player_experience":84871,"relics_obtained":[{"floor":6,"key":"Omamori"},{"floor":9,"key":"Dream Catcher"},{"floor":12,"key":"Bag of Preparation"},{"floor":23,"key":"Smiling Mask"},{"floor":26,"key":"Regal Pillow"},{"floor":29,"key":"Darkstone Periapt"},{"floor":37,"key":"Mercury Hourglass"},{"floor":42,"key":"Question Card"},{"floor":43,"key":"Gremlin Horn"}],"event_choices":[{"damage_healed":0,"gold_gain":0,"player_choice":"Ignored","damage_taken":0,"max_hp_gain":0,"max_hp_loss":0,"event_name":"Golden Wing","floor":3,"gold_loss":0},{"damage_healed":0,"gold_gain":0,"player_choice":"Ignored","damage_taken":0,"max_hp_gain":0,"max_hp_loss":0,"event_name":"Liars Game","floor":4,"gold_loss":0},{"damage_healed":0,"gold_gain":0,"player_choice":"Ignored","damage_taken":0,"max_hp_gain":0,"max_hp_loss":0,"event_name":"Ghosts","floor":19,"gold_loss":0},{"damage_healed":0,"gold_gain":0,"player_choice":"2 cards matched","damage_taken":0,"max_hp_gain":0,"max_hp_loss":0,"event_name":"Match and Keep!","floor":21,"gold_loss":0,"cards_obtained":["Echo Form","Zap"]},{"damage_healed":0,"gold_gain":0,"player_choice":"Became a vampire","damage_taken":0,"max_hp_gain":0,"max_hp_loss":25,"event_name":"Vampires","floor":24,"gold_loss":0,"cards_obtained":["Bite","Bite","Bite","Bite","Bite"]},{"damage_healed":0,"gold_gain":275,"player_choice":"Desecrate","damage_taken":0,"max_hp_gain":0,"max_hp_loss":0,"event_name":"Golden Shrine","floor":25,"gold_loss":0,"cards_obtained":["Regret"]},{"damage_healed":0,"gold_gain":0,"player_choice":"Ignored","damage_taken":0,"max_hp_gain":0,"max_hp_loss":0,"event_name":"Tomb of Lord Red Mask","floor":36,"gold_loss":0}],"is_beta":false,"boss_relics":[{"not_picked":["Runic Dome","Runic Pyramid"],"picked":"Velvet Choker"},{"not_picked":["Nuclear Battery","Pandora\u0027s Box"],"picked":"Orrery"}],"items_purged_floors":[],"is_endless":false,"potions_floor_spawned":[10,14,16,23,30,31,33,35,40,42],"killed_by":"Maw","ascension_level":0}