{"gold_per_floor":[114,128,139,156,156,156,169,54,77,88,147,164,178,204,204,299,299,314,294,312,331,331],"floor_reached":22,"playtime":2703,"items_purged":["Strike_R"],"score":184,"play_id":"da238743-c38b-4e4b-8a55-79af239de0bd","local_time":"20191013184547","is_ascension_mode":false,"campfire_choices":[{"data":"Flex","floor":6.0,"key":"SMITH"},{"floor":15.0,"key":"REST"}],"neow_cost":"NONE","seed_source_timestamp":8289490430700,"circlet_count":0,"master_deck":["Strike_R+1","Strike_R","Strike_R","Defend_R","Defend_R","Defend_R","Defend_R","Bash+1","Flex+1","Twin Strike","Shockwave","Iron Wave","Cleave","Metallicize","Headbutt","Entrench","Seeing Red","Armaments","Heavy Blade","Double Tap","Sword Boomerang+1","Anger"],"special_seed":0,"relics":["Burning Blood","Whetstone","Red Skull","Dream Catcher","Lizard Tail"],"potions_floor_usage":[],"damage_taken":[{"damage":0.0,"enemies":"Cultist","floor":1.0,"turns":5.0},{"damage":1.0,"enemies":"Jaw Worm","floor":2.0,"turns":5.0},{"damage":0.0,"enemies":"Small Slimes","floor":3.0,"turns":3.0},{"damage":4.0,"enemies":"Exordium Wildlife","floor":4.0,"turns":4.0},{"damage":10.0,"enemies":"3 Louse","floor":7.0,"turns":3.0},{"damage":0.0,"enemies":"Lots of Slimes","floor":10.0,"turns":1.0},{"damage":21.0,"enemies":"3 Sentries","floor":11.0,"turns":5.0},{"damage":8.0,"enemies":"Blue Slaver","floor":12.0,"turns":4.0},{"damage":2.0,"enemies":"2 Fungi Beasts","floor":13.0,"turns":4.0},{"damage":67.0,"enemies":"The Guardian","floor":16.0,"turns":12.0},{"damage":29.0,"enemies":"Shell Parasite","floor":18.0,"turns":13.0},{"damage":23.0,"enemies":"2 Thieves","floor":19.0,"turns":4.0},{"damage":13.0,"enemies":"3 Cultists","floor":20.0,"turns":5.0},{"damage":23,"enemies":"Centurion and Healer","floor":21,"turns":5},{"damage":0,"enemies":"Snake Plant","floor":22,"turns":2}],"seed_played":"7110031458582678741","potions_obtained":[{"floor":2.0,"key":"SpeedPotion"},{"floor":3.0,"key":"Swift Potion"},{"floor":13.0,"key":"Ancient Potion"},{"floor":16.0,"key":"Ancient Potion"},{"floor":20.0,"key":"GamblersBrew"},{"floor":21,"key":"Explosive Potion"}],"is_trial":false,"path_per_floor":["M","M","M","M","?","R","M","$","T","M","?","M","M","T","R","B",null,"M","M","M","M","M"],"character_chosen":"IRONCLAD","items_purchased":["Metallicize"],"campfire_rested":1,"item_purchase_floors":[8],"current_hp_per_floor":[80,80,80,80,80,80,76,76,76,80,65,63,67,67,80,19,80,57,40,33,16,16],"gold":331,"neow_bonus":"REMOVE_CARD","is_prod":false,"is_daily":false,"chose_seed":false,"campfire_upgraded":1,"win_rate":0.0,"timestamp":1571017547,"path_taken":["M","M","?","M","?","R","M","?","T","?","?","M","M","?","R","BOSS","M","M","M","M","M"],"build_version":"2019-07-17","purchased_purges":1,"victory":false,"max_hp_per_floor":[80,80,80,80,80,80,80,80,80,80,80,80,80,80,80,80,80,80,80,80,80,80],"card_choices":[{"not_picked":["Thunderclap","Shrug It Off"],"picked":"Flex","floor":1.0},{"not_picked":["Feel No Pain","True Grit"],"picked":"Twin Strike","floor":2.0},{"not_picked":["Reckless Charge","Headbutt"],"picked":"Shockwave","floor":3.0},{"not_picked":["Reaper","Flex"],"picked":"Iron Wave","floor":4.0},{"not_picked":["Thunderclap","Rupture"],"picked":"Cleave","floor":7.0},{"not_picked":["Wild Strike","Dropkick"],"picked":"Headbutt","floor":10.0},{"not_picked":["Iron Wave","Anger"],"picked":"Entrench","floor":11.0},{"not_picked":["Wild Strike","Warcry"],"picked":"Seeing Red","floor":12.0},{"not_picked":["Searing Blow","Sword Boomerang"],"picked":"Armaments","floor":13.0},{"not_picked":["Thunderclap","Battle Trance"],"picked":"Heavy Blade","floor":15.0},{"not_picked":["Brutality","Dark Embrace"],"picked":"Double Tap","floor":16.0},{"not_picked":["Warcry+1","Heavy Blade"],"picked":"Sword Boomerang+1","floor":18.0},{"not_picked":["Seeing Red","Combust+1"],"picked":"Anger","floor":19.0},{"not_picked":["Seeing Red","Combust","Feel No Pain"],"picked":"SKIP","floor":20.0},{"not_picked":["Pommel Strike","Intimidate","Headbutt"],"picked":"SKIP","floor":21}],"player_experience":45938,"relics_obtained":[{"floor":9.0,"key":"Whetstone"},{"floor":14.0,"key":"Dream Catcher"}],"event_choices":[{"damage_healed":0.0,"max_hp_gain":0.0,"max_hp_loss":0.0,"gold_gain":0.0,"event_name":"The Woman in Blue","player_choice":"Bought 0 Potions","floor":5.0,"gold_loss":0.0,"damage_taken":0.0},{"damage_healed":0.0,"max_hp_gain":0.0,"max_hp_loss":0.0,"gold_gain":0.0,"event_name":"Dead Adventurer","player_choice":"Searched \u00273\u0027 times","floor":11.0,"gold_loss":0.0,"damage_taken":0.0,"relics_obtained":["Red Skull"]}],"is_beta":false,"boss_relics":[{"not_picked":["Calling Bell","Tiny House"],"picked":"Lizard Tail"}],"items_purged_floors":[8],"is_endless":false,"potions_floor_spawned":[2,3,13,16,20,21],"killed_by":"Snake Plant","ascension_level":0}