{"gold_per_floor":[111,122,142,152,166,193,193,193,218,251,251,269,282,295,295,395,445,462,387,376,390,390,416,416,434,434,97,97,128,144,98,98,200,200,211,223,223,223],"floor_reached":38,"playtime":3354,"items_purged":["Strike_G"],"score":578,"play_id":"4b63bd1b-aa7a-4b9c-98e9-bb301ddb7c99","local_time":"20180824012440","is_ascension_mode":true,"campfire_choices":[{"floor":8,"key":"REST"},{"floor":11,"key":"REST"},{"floor":15,"key":"REST"},{"data":"Catalyst","floor":24,"key":"SMITH"},{"data":"Burst","floor":28,"key":"SMITH"},{"data":"Catalyst","floor":32,"key":"SMITH"}],"neow_cost":"NONE","seed_source_timestamp":670805902070023,"circlet_count":0,"master_deck":["Defend_G","Defend_G+1","Defend_G","Defend_G","Defend_G+1","Survivor","Neutralize","Venomology","Catalyst+1","Deadly Poison","Well Laid Plans","Poisoned Stab","Malaise","Flying Knee","Bouncing Flask","Bane","Backflip","After Image","Sucker Punch","Crippling Poison+1","Burst+1","Bite","Bite","Bite","Bite","Bite","Catalyst+1","Dagger Throw","Panache","Dagger Throw+1","PiercingWail","Malaise","HandOfGreed+1","Outmaneuver+1","Unload+1","PiercingWail+1"],"relics":["Ring of the Snake","Happy Flower","Anchor","Art of War","Tiny House","Vajra","Strawberry","Pantograph","Astrolabe"],"potions_floor_usage":[5,6,6,6,6,10,10,12,16,16,20,21,23,23,23,25,30,35,36,36,36,36,36,36],"damage_taken":[{"damage":0,"enemies":"2 Louse","floor":1,"turns":2},{"damage":8,"enemies":"Small Slimes","floor":2,"turns":6},{"damage":6,"enemies":"Cultist","floor":3,"turns":5},{"damage":0,"enemies":"2 Fungi Beasts","floor":4,"turns":3},{"damage":1,"enemies":"Large Slime","floor":5,"turns":8},{"damage":31,"enemies":"Gremlin Nob","floor":6,"turns":6},{"damage":0,"enemies":"Lagavulin","floor":10,"turns":7},{"damage":10,"enemies":"Lots of Slimes","floor":12,"turns":10},{"damage":0,"enemies":"Blue Slaver","floor":13,"turns":3},{"damage":10,"enemies":"Exordium Wildlife","floor":14,"turns":4},{"damage":44,"enemies":"Slime Boss","floor":16,"turns":13},{"damage":0,"enemies":"Chosen","floor":18,"turns":4},{"damage":0,"enemies":"2 Thieves","floor":20,"turns":4},{"damage":6,"enemies":"Snake Plant","floor":21,"turns":4},{"damage":6,"enemies":"Gremlin Leader","floor":23,"turns":6},{"damage":10,"enemies":"Snecko","floor":25,"turns":4},{"damage":21,"enemies":"Book of Stabbing","floor":29,"turns":8},{"damage":0,"enemies":"Centurion and Healer","floor":30,"turns":5},{"damage":34,"enemies":"Collector","floor":33,"turns":6},{"damage":22,"enemies":"Flame Bruiser 1 Orb","floor":35,"turns":9},{"damage":50,"enemies":"3 Darklings","floor":36,"turns":6},{"damage":25,"enemies":"Spire Growth","floor":38,"turns":4}],"seed_played":"-3052261690175882907","potions_obtained":[{"floor":1,"key":"Dexterity Potion"},{"floor":3,"key":"SkillPotion"},{"floor":6,"key":"EssenceOfSteel"},{"floor":10,"key":"Swift Potion"},{"floor":12,"key":"Regen Potion"},{"floor":17,"key":"PowerPotion"},{"floor":18,"key":"GhostInAJar"},{"floor":23,"key":"SkillPotion"},{"floor":29,"key":"PowerPotion"},{"floor":35,"key":"EntropicBrew"}],"is_trial":false,"path_per_floor":["M","M","M","M","M","E","?","R","T","E","R","M","M","M","R","B",null,"M","$","M","M","?","E","R","M","T","$","R","E","M","$","R","B",null,"M","M","?"],"character_chosen":"THE_SILENT","items_purchased":["Escape Plan","Panache","Deep Breath","PiercingWail"],"campfire_rested":3,"item_purchase_floors":[27,27,27,31],"current_hp_per_floor":[70,62,56,56,55,24,10,31,31,31,52,57,57,47,68,39,75,75,75,75,69,52,50,50,42,49,49,49,38,46,46,46,35,59,47,21,21,0],"gold":223,"neow_bonus":"ONE_RANDOM_RARE_CARD","is_prod":false,"is_daily":false,"chose_seed":false,"campfire_upgraded":3,"win_rate":0,"timestamp":1535099080,"path_taken":["M","M","M","M","M","E","?","R","T","E","R","M","M","M","R","BOSS","M","$","M","M","?","E","R","M","T","$","R","E","M","$","R","BOSS","M","M","?","M"],"build_version":"2018-08-23v2","purchased_purges":1,"victory":false,"max_hp_per_floor":[70,70,70,70,70,70,70,70,70,70,70,70,70,70,70,70,75,75,75,75,75,52,52,52,52,59,59,59,59,59,59,59,59,59,59,59,59,59],"card_choices":[{"not_picked":["Leg Sweep","Dodge and Roll"],"picked":"Catalyst","floor":1},{"not_picked":["Distraction","Finisher"],"picked":"Endless Agony","floor":2},{"not_picked":["Caltrops","Catalyst"],"picked":"Deadly Poison","floor":3},{"not_picked":["Expertise","Accuracy"],"picked":"Well Laid Plans","floor":4},{"not_picked":["Dagger Spray","Outmaneuver"],"picked":"Poisoned Stab","floor":5},{"not_picked":["Calculated Gamble","A Thousand Cuts"],"picked":"Malaise","floor":6},{"not_picked":["Riddle With Holes","Underhanded Strike"],"picked":"Flying Knee","floor":10},{"not_picked":["Poisoned Stab","Bane"],"picked":"Bouncing Flask","floor":12},{"not_picked":["Cloak And Dagger","Setup"],"picked":"Bane","floor":13},{"not_picked":["Poisoned Stab","Infinite Blades"],"picked":"Backflip","floor":14},{"not_picked":["Glass Knife","Unload"],"picked":"After Image","floor":16},{"not_picked":["Calculated Gamble","Riddle With Holes"],"picked":"Sucker Punch","floor":17},{"not_picked":["Outmaneuver","Backstab","Quick Slash"],"picked":"SKIP","floor":18},{"not_picked":["Backflip+1","Bane"],"picked":"Crippling Poison+1","floor":20},{"not_picked":["Dagger Throw","Dagger Spray"],"picked":"Burst","floor":21},{"not_picked":["Caltrops","Footwork+1"],"picked":"Catalyst","floor":23},{"not_picked":["Slice","Infinite Blades"],"picked":"Dagger Throw","floor":25},{"not_picked":["Burst","A Thousand Cuts","Underhanded Strike+1"],"picked":"SKIP","floor":29},{"not_picked":["Skewer+1","Underhanded Strike"],"picked":"Dagger Throw+1","floor":30},{"not_picked":["Doppelganger","Venomology"],"picked":"Malaise","floor":33},{"not_picked":["Prepared","Deflect","Slice+1"],"picked":"SKIP","floor":35},{"not_picked":["Prepared","Cloak And Dagger+1"],"picked":"PiercingWail+1","floor":36}],"player_experience":273085,"relics_obtained":[{"floor":6,"key":"Happy Flower"},{"floor":9,"key":"Anchor"},{"floor":10,"key":"Art of War"},{"floor":23,"key":"Vajra"},{"floor":26,"key":"Strawberry"},{"floor":29,"key":"Pantograph"}],"event_choices":[{"event_name":"Shining Light","player_choice":"Entered Light","floor":7,"damage_taken":0},{"event_name":"Vampires","player_choice":"Became a vampire","floor":22,"damage_taken":0},{"event_name":"Mysterious Sphere","player_choice":"Ignore","floor":37,"damage_taken":0}],"is_beta":false,"boss_relics":[{"not_picked":["Empty Cage","Philosopher\u0027s Stone"],"picked":"Tiny House"},{"not_picked":["Orrery","Runic Dome"],"picked":"Astrolabe"}],"items_purged_floors":[19],"is_endless":false,"potions_floor_spawned":[1,3,6,10,12,18,20,23,29,33,35],"killed_by":"Spire Growth","ascension_level":2}