{"gold_per_floor":[213,231,243,318,21,50,21,21,44,44,64,94,94,114,114,114],"floor_reached":16,"playtime":8472,"items_purged":[],"score":211,"play_id":"a50e8528-d9fe-4548-962c-8583e93fae5c","local_time":"20190724214443","is_ascension_mode":true,"campfire_choices":[{"floor":8,"key":"REST"},{"floor":10,"key":"REST"},{"floor":13,"key":"REST"},{"data":"Zap","floor":15,"key":"SMITH"}],"neow_cost":"NONE","seed_source_timestamp":696432984830983,"circlet_count":0,"master_deck":["AscendersBane","Strike_B","Strike_B","Strike_B","Strike_B","Defend_B","Defend_B","Defend_B","Defend_B","Zap+1","Dualcast","Sweeping Beam","Leap","Loop","Cold Snap+1","Streamline+1","Sweeping Beam+1","Capacitor","Tempest","Stack"],"relics":["Cracked Core","Molten Egg 2","Boot","Juzu Bracelet","Odd Mushroom","Bronze Scales"],"potions_floor_usage":[16],"damage_taken":[{"damage":4,"enemies":"Jaw Worm","floor":1,"turns":3},{"damage":2,"enemies":"Small Slimes","floor":2,"turns":3},{"damage":7,"enemies":"2 Louse","floor":3,"turns":3},{"damage":28,"enemies":"3 Sentries","floor":6,"turns":7},{"damage":16,"enemies":"The Mushroom Lair","floor":11,"turns":4},{"damage":22,"enemies":"Lagavulin","floor":12,"turns":6},{"damage":3,"enemies":"2 Fungi Beasts","floor":14,"turns":3},{"damage":45,"enemies":"The Guardian","floor":16,"turns":5}],"seed_played":"1714416222820569801","potions_obtained":[{"floor":6,"key":"Poison Potion"},{"floor":11,"key":"FairyPotion"}],"is_trial":false,"path_per_floor":["M","M","M","?","$","E","$","R","T","R","?","E","R","M","R","B"],"character_chosen":"DEFECT","items_purchased":["Molten Egg 2","Cold Snap+1","Sweeping Beam+1"],"campfire_rested":3,"item_purchase_floors":[5,5,7],"current_hp_per_floor":[60,58,51,40,40,12,12,33,33,54,38,16,37,34,34,0],"gold":114,"neow_bonus":"HUNDRED_GOLD","is_prod":false,"is_daily":false,"chose_seed":false,"campfire_upgraded":1,"win_rate":0,"timestamp":1564029883,"path_taken":["M","M","M","?","$","E","$","R","T","R","?","E","R","M","R","BOSS"],"build_version":"2019-07-17","purchased_purges":0,"victory":false,"max_hp_per_floor":[71,71,71,71,71,71,71,71,71,71,71,71,71,71,71,71],"card_choices":[{"not_picked":["Barrage","Rebound"],"picked":"Sweeping Beam","floor":1},{"not_picked":["Scrape","Rip and Tear"],"picked":"Leap","floor":2},{"not_picked":["Cold Snap","Steam Power"],"picked":"Loop","floor":3},{"not_picked":["Scrape+1","Coolheaded"],"picked":"Streamline+1","floor":6},{"not_picked":["Conserve Battery","Hologram"],"picked":"Capacitor","floor":11},{"not_picked":["Amplify","Hello World"],"picked":"Tempest","floor":12},{"not_picked":["Double Energy","Tempest"],"picked":"Stack","floor":14}],"player_experience":2305618,"relics_obtained":[{"floor":6,"key":"Boot"},{"floor":9,"key":"Juzu Bracelet"},{"floor":11,"key":"Odd Mushroom"},{"floor":12,"key":"Bronze Scales"}],"event_choices":[{"damage_healed":0,"gold_gain":75,"player_choice":"Gather Gold","damage_taken":11,"max_hp_gain":0,"max_hp_loss":0,"event_name":"World of Goop","floor":4,"gold_loss":0},{"damage_healed":0,"gold_gain":0,"player_choice":"Fought Mushrooms","damage_taken":0,"max_hp_gain":0,"max_hp_loss":0,"event_name":"Mushrooms","floor":11,"gold_loss":0}],"is_beta":false,"boss_relics":[],"items_purged_floors":[],"is_endless":false,"potions_floor_spawned":[6,11],"killed_by":"The Guardian","ascension_level":19}