{"gold_per_floor":[116,68,79,97,97,97,130,142,181,221,304,326,356,380,392,505,517,548,578,164,164,20,20,20,20,20,20],"floor_reached":27,"playtime":1314,"items_purged":[],"score":268,"play_id":"b6c33b70-8272-45ff-b106-d5f2e37c5556","local_time":"20180826174841","is_ascension_mode":true,"campfire_choices":[{"data":"Searing Blow","floor":6,"key":"SMITH"},{"data":"Searing Blow+1","floor":8,"key":"SMITH"},{"data":"Searing Blow+2","floor":15,"key":"SMITH"},{"data":"Searing Blow+3","floor":23,"key":"SMITH"},{"data":"Searing Blow+4","floor":25,"key":"SMITH"}],"neow_cost":"","seed_source_timestamp":904682978480412,"circlet_count":0,"master_deck":["Strike_R","Strike_R","Strike_R","Strike_R","Strike_R","Defend_R","Defend_R","Defend_R","Defend_R","Bash","Searing Blow+5","Thunderclap","Warcry","Battle Trance","Armaments","Cleave","Corruption","Armaments","Thunderclap","Double Tap","Headbutt","Shrug It Off","Dual Wield","Headbutt","Flame Barrier","Rampage","Battle Trance","Violence","Ghostly","Ghostly","Ghostly","Ghostly","Ghostly"],"relics":["Burning Blood","MawBank","Strawberry","Odd Mushroom","Orrery","Lantern","Pen Nib","Mummified Hand"],"potions_floor_usage":[7,16,16,16],"damage_taken":[{"damage":9,"enemies":"Jaw Worm","floor":1,"turns":5},{"damage":6,"enemies":"2 Louse","floor":3,"turns":3},{"damage":0,"enemies":"Small Slimes","floor":4,"turns":3},{"damage":8,"enemies":"Gremlin Nob","floor":7,"turns":3},{"damage":23,"enemies":"The Mushroom Lair","floor":10,"turns":5},{"damage":1,"enemies":"2 Fungi Beasts","floor":12,"turns":3},{"damage":7,"enemies":"3 Louse","floor":13,"turns":2},{"damage":3,"enemies":"Blue Slaver","floor":14,"turns":6},{"damage":61,"enemies":"Hexaghost","floor":16,"turns":11},{"damage":54,"enemies":"Spheric Guardian","floor":18,"turns":7},{"damage":24,"enemies":"3 Byrds","floor":19,"turns":6},{"damage":30,"enemies":"Gremlin Leader","floor":27,"turns":4}],"seed_played":"-4891337459903399400","potions_obtained":[{"floor":1,"key":"GamblersBrew"},{"floor":3,"key":"Poison Potion"},{"floor":12,"key":"SteroidPotion"},{"floor":13,"key":"Weak Potion"}],"is_trial":false,"path_per_floor":["M","$","M","M","$","R","E","R","T","?","?","M","M","M","R","B",null,"M","M","$","?","$","R","?","R","T"],"character_chosen":"IRONCLAD","items_purchased":["Thunderclap","Lantern","Battle Trance","Violence","Pen Nib"],"campfire_rested":0,"item_purchase_floors":[2,20,20,20,22],"current_hp_per_floor":[77,77,77,80,80,80,78,78,85,68,68,73,72,75,75,20,87,39,21,21,21,21,21,21,21,21,0],"gold":20,"neow_bonus":"","is_prod":false,"is_daily":false,"chose_seed":false,"campfire_upgraded":5,"win_rate":0,"timestamp":1535330921,"path_taken":["M","$","M","M","$","R","E","R","T","?","?","M","?","M","R","BOSS","M","M","$","?","$","R","?","R","T","E"],"build_version":"2018-08-23v2","purchased_purges":0,"victory":false,"max_hp_per_floor":[80,80,80,80,80,80,80,80,87,87,87,87,87,87,87,87,87,87,87,87,43,43,43,43,43,43,43],"card_choices":[{"not_picked":["Anger","Wild Strike"],"picked":"Searing Blow","floor":1},{"not_picked":["Perfected Strike","Metallicize"],"picked":"Warcry","floor":3},{"not_picked":["Feel No Pain","Impervious"],"picked":"Battle Trance","floor":4},{"not_picked":["Hemokinesis","Perfected Strike"],"picked":"Armaments","floor":7},{"not_picked":["Body Slam","Sever Soul"],"picked":"Cleave","floor":10},{"not_picked":["Inflame","Seeing Red"],"picked":"Corruption","floor":12},{"not_picked":["Bloodletting","Anger"],"picked":"Armaments","floor":13},{"not_picked":["Armaments","Iron Wave"],"picked":"Thunderclap","floor":14},{"not_picked":["Dark Embrace","Demon Form"],"picked":"Double Tap","floor":16},{"not_picked":["Shockwave","Anger"],"picked":"Headbutt","floor":17},{"not_picked":["Warcry","Bloodletting"],"picked":"Shrug It Off","floor":17},{"not_picked":["Shrug It Off","Anger"],"picked":"Dual Wield","floor":17},{"not_picked":["Wild Strike","Iron Wave"],"picked":"Headbutt","floor":17},{"not_picked":["Infernal Blade","Cleave"],"picked":"Flame Barrier","floor":18},{"not_picked":["Spot Weakness","Flame Barrier+1"],"picked":"Rampage","floor":19}],"player_experience":289742,"relics_obtained":[{"floor":7,"key":"MawBank"},{"floor":9,"key":"Strawberry"},{"floor":10,"key":"Odd Mushroom"},{"floor":26,"key":"Mummified Hand"}],"event_choices":[{"event_name":"Mushrooms","player_choice":"Fought Mushrooms","floor":10,"damage_taken":0},{"event_name":"Golden Wing","player_choice":"Gained Gold","floor":11,"damage_taken":0},{"event_name":"Ghosts","player_choice":"Became a Ghost","floor":21,"damage_taken":0},{"event_name":"Cursed Tome","player_choice":"Ignored","floor":24,"damage_taken":0}],"is_beta":false,"boss_relics":[{"not_picked":["Runic Pyramid","Runic Cube"],"picked":"Orrery"}],"items_purged_floors":[],"is_endless":false,"potions_floor_spawned":[1,3,12,13],"killed_by":"Gremlin Leader","ascension_level":3}