{"gold_per_floor":[122,8,22,37,48,48,63,63,86,161,161,4,17,17,17,17],"floor_reached":16,"playtime":787,"items_purged":["Dualcast"],"score":143,"play_id":"81f0723d-7e33-40e7-a2b1-a7caa930b261","local_time":"20190119120625","is_ascension_mode":true,"campfire_choices":[{"data":"Zap","floor":6,"key":"SMITH"},{"data":"Hologram","floor":8,"key":"SMITH"},{"floor":15,"key":"REST"}],"neow_cost":"NONE","seed_source_timestamp":410985923997985,"circlet_count":0,"master_deck":["AscendersBane","Strike_B","Strike_B","Strike_B","Strike_B","Defend_B","Defend_B","Defend_B","Defend_B","Zap+1","Hologram+1","Genetic Algorithm","Loop+1","Leap","Sunder","Loop","Defragment"],"relics":["Cracked Core","MawBank","Potion Belt"],"potions_floor_usage":[13],"damage_taken":[{"damage":0,"enemies":"Cultist","floor":1,"turns":4},{"damage":0,"enemies":"2 Louse","floor":3,"turns":4},{"damage":9,"enemies":"Jaw Worm","floor":4,"turns":4},{"damage":11,"enemies":"Large Slime","floor":5,"turns":6},{"damage":8,"enemies":"Blue Slaver","floor":7,"turns":5},{"damage":14,"enemies":"Gremlin Gang","floor":13,"turns":4},{"damage":53,"enemies":"Slime Boss","floor":16,"turns":7}],"seed_played":"5926823780891296519","potions_obtained":[{"floor":3,"key":"Ancient Potion"},{"floor":4,"key":"Block Potion"}],"is_trial":false,"path_per_floor":["M","$","M","M","M","R","M","R","T","?","?","$","M","?","R","B"],"character_chosen":"DEFECT","items_purchased":["Hologram","Sunder","Loop"],"campfire_rested":1,"item_purchase_floors":[2,12,12],"current_hp_per_floor":[68,68,68,59,48,48,40,40,40,29,29,29,15,15,37,0],"gold":17,"neow_bonus":"RANDOM_COMMON_RELIC","is_prod":false,"is_daily":false,"chose_seed":false,"campfire_upgraded":2,"win_rate":0,"timestamp":1547928385,"path_taken":["M","$","M","M","M","R","M","R","T","?","?","?","M","?","R","BOSS"],"build_version":"2019-01-17v2","purchased_purges":1,"victory":false,"max_hp_per_floor":[75,75,75,75,75,75,75,75,75,75,75,75,75,75,75,75],"card_choices":[{"not_picked":["Sweeping Beam","Stack","Redo"],"picked":"SKIP","floor":1},{"not_picked":["Melter","Recycle"],"picked":"Genetic Algorithm","floor":3},{"not_picked":["Go for the Eyes","Compile Driver"],"picked":"Loop","floor":4},{"not_picked":["Reinforced Body","Go for the Eyes","Recycle"],"picked":"SKIP","floor":5},{"not_picked":["Doom and Gloom","Force Field"],"picked":"Leap","floor":7},{"not_picked":["Fusion","Reboot"],"picked":"Defragment","floor":13}],"player_experience":763272,"relics_obtained":[{"floor":9,"key":"Potion Belt"}],"event_choices":[{"damage_healed":0,"gold_gain":75,"player_choice":"Gather Gold","damage_taken":11,"max_hp_gain":0,"max_hp_loss":0,"event_name":"World of Goop","floor":10,"gold_loss":0},{"damage_healed":0,"gold_gain":0,"player_choice":"Grow","damage_taken":0,"max_hp_gain":0,"max_hp_loss":0,"event_name":"Living Wall","floor":11,"gold_loss":0,"cards_upgraded":["Loop"]},{"damage_healed":0,"gold_gain":0,"player_choice":"Ignored","damage_taken":0,"max_hp_gain":0,"max_hp_loss":0,"event_name":"Golden Idol","floor":14,"gold_loss":0}],"is_beta":false,"boss_relics":[],"items_purged_floors":[2],"is_endless":false,"potions_floor_spawned":[3,4],"killed_by":"Slime Boss","ascension_level":11}