{"gold_per_floor":[118,138,148,118,135,170,35,55,127,162,162,177,177,192,192,288,288,302,319,66,66,84,116,147,12,12,32,43,69,87,103,103,208,208,227,227,238,22,122,152,162,162,162,197,211,211,17,37,37,37],"floor_reached":50,"playtime":3005,"items_purged":[],"score":658,"play_id":"89708ffa-c169-4b05-87dc-27b50e058a6e","local_time":"20191009192637","is_ascension_mode":false,"campfire_choices":[{"data":"Inflame","floor":15,"key":"SMITH"},{"data":"Heavy Blade","floor":32,"key":"SMITH"},{"floor":42,"key":"REST"},{"floor":46,"key":"REST"},{"data":"Limit Break","floor":49,"key":"SMITH"}],"neow_cost":"NONE","seed_source_timestamp":61772032322500,"circlet_count":0,"master_deck":["Strike_R","Strike_R","Strike_R","Strike_R","Defend_R","Defend_R","Defend_R","Defend_R+1","Bash","Double Tap","Iron Wave","Shrug It Off","Ghostly Armor","Flex+1","Carnage","Anger","Pummel","Inflame+1","Spot Weakness","Body Slam","True Grit","Cleave","Bludgeon","Clash","Heavy Blade+1","Bandage Up","Headbutt","Flex","Sentinel","Disarm+1","Feed","Flame Barrier","Anger","Searing Blow","Clothesline+1","Juggernaut","Limit Break+1","Cleave+1","Trip","Bandage Up","Flash of Steel","Carnage+1","Cleave","Dropkick","Intimidate","Entrench+1","Transmutation","Shrug It Off"],"relics":["Burning Blood","Blood Vial","Question Card","Magic Flower","Busted Crown","Happy Flower","Bronze Scales","Centennial Puzzle","Red Mask","Kunai","Bottled Tornado","Black Star","Sling","Champion Belt","Singing Bowl","Ornamental Fan","Omamori","Anchor","Frozen Egg 2"],"potions_floor_usage":[33,39,50],"damage_taken":[{"damage":5,"enemies":"Cultist","floor":1,"turns":4},{"damage":0,"enemies":"2 Louse","floor":2,"turns":3},{"damage":0,"enemies":"Small Slimes","floor":3,"turns":4},{"damage":0,"enemies":"Looter","floor":4,"turns":4},{"damage":0,"enemies":"2 Fungi Beasts","floor":5,"turns":4},{"damage":11,"enemies":"Gremlin Nob","floor":6,"turns":3},{"damage":8,"enemies":"Exordium Wildlife","floor":8,"turns":3},{"damage":18,"enemies":"Lagavulin","floor":10,"turns":6},{"damage":12,"enemies":"Exordium Thugs","floor":12,"turns":4},{"damage":10,"enemies":"Looter","floor":14,"turns":3},{"damage":50,"enemies":"Hexaghost","floor":16,"turns":10},{"damage":7,"enemies":"3 Byrds","floor":18,"turns":5},{"damage":13,"enemies":"2 Thieves","floor":19,"turns":3},{"damage":10,"enemies":"Cultist and Chosen","floor":22,"turns":5},{"damage":59,"enemies":"Gremlin Leader","floor":23,"turns":7},{"damage":23,"enemies":"Masked Bandits","floor":24,"turns":5},{"damage":12,"enemies":"Centurion and Healer","floor":27,"turns":4},{"damage":0,"enemies":"Shelled Parasite and Fungi","floor":28,"turns":4},{"damage":12,"enemies":"Slavers","floor":29,"turns":4},{"damage":16,"enemies":"Snake Plant","floor":30,"turns":3},{"damage":0,"enemies":"Centurion and Healer","floor":31,"turns":5},{"damage":60,"enemies":"Collector","floor":33,"turns":10},{"damage":6,"enemies":"Orb Walker","floor":35,"turns":2},{"damage":19,"enemies":"3 Shapes","floor":37,"turns":4},{"damage":38,"enemies":"Mind Bloom Boss Battle","floor":39,"turns":6},{"damage":41,"enemies":"Giant Head","floor":40,"turns":7},{"damage":31,"enemies":"Maw","floor":41,"turns":7},{"damage":62,"enemies":"Nemesis","floor":44,"turns":5},{"damage":7,"enemies":"Writhing Mass","floor":45,"turns":5},{"damage":10,"enemies":"3 Darklings","floor":48,"turns":5},{"damage":138,"enemies":"Time Eater","floor":50,"turns":11}],"seed_played":"-1033971843384477856","potions_obtained":[{"floor":1,"key":"Block Potion"},{"floor":2,"key":"FairyPotion"},{"floor":3,"key":"GamblersBrew"},{"floor":16,"key":"BloodPotion"},{"floor":24,"key":"FairyPotion"},{"floor":35,"key":"LiquidBronze"},{"floor":40,"key":"SpeedPotion"}],"is_trial":false,"path_per_floor":["M","M","M","M","M","E","$","M","T","E","?","M","?","M","R","B",null,"M","M","$","?","M","E","?","$","T","M","M","E","M","M","R","B",null,"M","?","M","$","?","E","M","R","T","E","M","R","$","M","R","B"],"character_chosen":"IRONCLAD","items_purchased":["Corruption","Pummel","Bandage Up","Happy Flower","Headbutt","Feed","Sling","Cleave","Transmutation"],"campfire_rested":2,"item_purchase_floors":[7,7,20,20,20,25,38,38,47],"current_hp_per_floor":[80,80,80,80,80,75,75,75,75,65,49,49,49,51,51,13,80,80,76,76,76,80,36,31,31,31,42,59,65,61,84,84,76,92,92,82,75,75,61,44,39,67,67,31,42,70,70,78,78,0],"gold":37,"neow_bonus":"TRANSFORM_CARD","is_prod":false,"is_daily":false,"chose_seed":false,"campfire_upgraded":3,"win_rate":0.0,"timestamp":1570674397,"path_taken":["M","M","?","M","?","E","$","M","T","E","?","M","?","?","R","BOSS","M","M","$","?","M","E","?","$","T","M","M","E","M","M","R","BOSS","M","?","M","$","?","E","M","R","T","E","?","R","?","M","R","BOSS"],"build_version":"2019-07-17","purchased_purges":0,"victory":false,"max_hp_per_floor":[80,80,80,80,80,80,80,80,80,80,80,80,80,80,80,80,80,80,80,80,80,80,80,80,80,80,83,86,86,86,89,89,92,92,92,92,92,92,92,92,94,94,94,96,96,96,96,96,96,96],"card_choices":[{"not_picked":["Perfected Strike","Feel No Pain"],"picked":"Iron Wave","floor":1},{"not_picked":["Twin Strike","Clash"],"picked":"Shrug It Off","floor":2},{"not_picked":["Clothesline","Metallicize"],"picked":"Ghostly Armor","floor":3},{"not_picked":["Seeing Red","Twin Strike"],"picked":"Flex","floor":4},{"not_picked":["Perfected Strike","Bludgeon"],"picked":"Carnage","floor":5},{"not_picked":["Perfected Strike","Pummel"],"picked":"Anger","floor":6},{"not_picked":["Combust","Rage"],"picked":"Inflame","floor":8},{"not_picked":["Disarm","Corruption","Rage"],"picked":"Spot Weakness","floor":10},{"not_picked":["Second Wind","Shrug It Off","Iron Wave"],"picked":"Body Slam","floor":12},{"not_picked":["Impervious","Shockwave","Power Through"],"picked":"Cleave","floor":14},{"not_picked":["Offering","Berserk","Brutality"],"picked":"Bludgeon","floor":16},{"not_picked":["Wild Strike"],"picked":"Clash","floor":18},{"not_picked":["Ghostly Armor"],"picked":"Heavy Blade","floor":19},{"not_picked":["True Grit"],"picked":"Flex","floor":22},{"not_picked":["True Grit+1"],"picked":"Sentinel","floor":23},{"not_picked":["Pummel"],"picked":"Disarm+1","floor":24},{"not_picked":["Body Slam"],"picked":"Flame Barrier","floor":27},{"not_picked":["Corruption"],"picked":"Anger","floor":28},{"not_picked":["Evolve"],"picked":"Searing Blow","floor":29},{"not_picked":["Battle Trance+1"],"picked":"Clothesline+1","floor":30},{"not_picked":["Clash"],"picked":"Juggernaut","floor":31},{"not_picked":["Exhume"],"picked":"Limit Break","floor":33},{"not_picked":["Clothesline"],"picked":"Cleave+1","floor":35},{"not_picked":["Madness"],"picked":"Trip","floor":36},{"not_picked":["Finesse"],"picked":"Bandage Up","floor":36},{"not_picked":["Panacea"],"picked":"Flash of Steel","floor":36},{"not_picked":["Bloodletting+1"],"picked":"Carnage+1","floor":37},{"not_picked":["Uppercut"],"picked":"Dropkick","floor":39},{"not_picked":["Perfected Strike"],"picked":"Intimidate","floor":40},{"not_picked":["Headbutt","Bloodletting+1"],"picked":"Singing Bowl","floor":41},{"not_picked":["Sword Boomerang+1","Clothesline"],"picked":"Singing Bowl","floor":44},{"not_picked":["Thunderclap"],"picked":"Entrench+1","floor":45},{"not_picked":["Thunderclap+1"],"picked":"Shrug It Off","floor":48}],"player_experience":37929,"relics_obtained":[{"floor":6,"key":"Blood Vial"},{"floor":9,"key":"Question Card"},{"floor":10,"key":"Magic Flower"},{"floor":23,"key":"Centennial Puzzle"},{"floor":24,"key":"Red Mask"},{"floor":26,"key":"Kunai"},{"floor":29,"key":"Bottled Tornado"},{"floor":39,"key":"Champion Belt"},{"floor":40,"key":"Singing Bowl"},{"floor":40,"key":"Ornamental Fan"},{"floor":43,"key":"Omamori"},{"floor":44,"key":"Anchor"},{"floor":44,"key":"Frozen Egg 2"}],"event_choices":[{"damage_healed":0,"gold_gain":0,"player_choice":"Entered Light","damage_taken":16,"max_hp_gain":0,"max_hp_loss":0,"event_name":"Shining Light","floor":11,"gold_loss":0,"cards_upgraded":["Defend_R","Flex"]},{"damage_healed":0,"gold_gain":0,"cards_transformed":["Corruption"],"player_choice":"Transformed","damage_taken":0,"max_hp_gain":0,"max_hp_loss":0,"event_name":"Transmorgrifier","floor":13,"gold_loss":0,"cards_obtained":["True Grit"]},{"damage_healed":0,"gold_gain":0,"player_choice":"Opened","damage_taken":0,"relics_obtained":["Bronze Scales"],"max_hp_gain":0,"max_hp_loss":0,"event_name":"The Mausoleum","floor":21,"gold_loss":0},{"damage_healed":0,"gold_gain":0,"player_choice":"Fought Bandits","damage_taken":0,"max_hp_gain":0,"max_hp_loss":0,"event_name":"Masked Bandits","floor":24,"gold_loss":0},{"damage_healed":0,"gold_gain":0,"player_choice":"Memory 3","damage_taken":10,"max_hp_gain":0,"max_hp_loss":0,"event_name":"SensoryStone","floor":36,"gold_loss":0},{"damage_healed":0,"gold_gain":0,"player_choice":"Fight","damage_taken":0,"max_hp_gain":0,"max_hp_loss":0,"event_name":"MindBloom","floor":39,"gold_loss":0}],"is_beta":false,"boss_relics":[{"not_picked":["Fusion Hammer","Empty Cage"],"picked":"Busted Crown"},{"not_picked":["Coffee Dripper","Astrolabe"],"picked":"Black Star"}],"items_purged_floors":[],"is_endless":false,"potions_floor_spawned":[1,2,3,6,16,19,22,24,35,40,45],"killed_by":"Time Eater","ascension_level":0}