{"gold_per_floor":[117,130,130,141,161,161,190,190,190,210,224,224,235,249,249,351,351,363,389,105,120,35,35,51,51,51,51,51],"floor_reached":28,"playtime":1989,"items_purged":["Strike_G"],"score":222,"play_id":"d75b4ed9-9c13-4775-b81a-66c6cf2f42f1","local_time":"20190926104942","is_ascension_mode":false,"campfire_choices":[{"data":"Finisher","floor":6,"key":"SMITH"},{"floor":8,"key":"REST"},{"floor":12,"key":"REST"},{"data":"Flying Knee","floor":15,"key":"SMITH"},{"floor":23,"key":"REST"},{"floor":25,"key":"REST"}],"neow_cost":"NONE","seed_source_timestamp":599418616096300,"circlet_count":0,"master_deck":["Strike_G","Strike_G","Strike_G","Defend_G","Defend_G","Defend_G","Defend_G","Defend_G","Survivor","Neutralize","Finisher+1","Slice","Flying Knee+1","Noxious Fumes","Night Terror","Riddle With Holes","Tactician","Deadly Poison","Caltrops","Adrenaline","PiercingWail","Predator+1","Blade Dance","Chrysalis","Poisoned Stab+1","Cloak And Dagger"],"relics":["Ring of the Snake","GremlinMask","Mercury Hourglass","Matryoshka","Lizard Tail","Red Mask","Ninja Scroll","PreservedInsect","WingedGreaves"],"potions_floor_usage":[11,19,24,28],"damage_taken":[{"damage":5,"enemies":"Small Slimes","floor":1,"turns":4},{"damage":0,"enemies":"Cultist","floor":2,"turns":3},{"damage":12,"enemies":"Jaw Worm","floor":4,"turns":5},{"damage":6,"enemies":"Large Slime","floor":5,"turns":9},{"damage":20,"enemies":"Lagavulin","floor":7,"turns":8},{"damage":9,"enemies":"Exordium Wildlife","floor":10,"turns":3},{"damage":2,"enemies":"Looter","floor":11,"turns":3},{"damage":0,"enemies":"3 Louse","floor":13,"turns":3},{"damage":0,"enemies":"2 Fungi Beasts","floor":14,"turns":3},{"damage":46,"enemies":"Slime Boss","floor":16,"turns":10},{"damage":20,"enemies":"Shell Parasite","floor":18,"turns":6},{"damage":60,"enemies":"Masked Bandits","floor":19,"turns":4},{"damage":31,"enemies":"Spheric Guardian","floor":21,"turns":6},{"damage":31,"enemies":"Shelled Parasite and Fungi","floor":24,"turns":5},{"damage":32,"enemies":"Snecko","floor":28,"turns":5}],"seed_played":"-7517913632256574217","potions_obtained":[{"floor":1,"key":"LiquidBronze"},{"floor":5,"key":"FearPotion"},{"floor":11,"key":"Fruit Juice"},{"floor":13,"key":"Poison Potion"},{"floor":24,"key":"FearPotion"}],"is_trial":false,"path_per_floor":["M","M","?","M","M","R","E","R","T","M","M","R","M","M","R","B",null,"M","?","$","M","?","R","M","R","T","?","M"],"character_chosen":"THE_SILENT","items_purchased":["Blade Dance","Chrysalis"],"campfire_rested":4,"item_purchase_floors":[20,20],"current_hp_per_floor":[72,72,72,60,54,54,34,57,57,48,51,75,75,75,75,29,82,62,2,2,15,15,39,8,32,32,32,0],"gold":51,"neow_bonus":"TEN_PERCENT_HP_BONUS","is_prod":false,"is_daily":false,"chose_seed":false,"campfire_upgraded":2,"win_rate":0.0,"timestamp":1569512982,"path_taken":["M","M","?","?","M","R","E","R","T","M","M","R","M","M","R","BOSS","M","?","$","M","?","R","M","R","T","?","?"],"build_version":"2019-07-17","purchased_purges":1,"victory":false,"max_hp_per_floor":[77,77,77,77,77,77,77,77,77,77,82,82,82,82,82,82,82,82,82,82,82,82,82,82,82,82,82,82],"card_choices":[{"not_picked":["Poisoned Stab","All Out Attack"],"picked":"Finisher","floor":1},{"not_picked":["Dagger Spray","Deadly Poison"],"picked":"Slice","floor":2},{"not_picked":["Dagger Spray","Masterful Stab"],"picked":"Flying Knee","floor":4},{"not_picked":["Sucker Punch","Dagger Throw"],"picked":"Noxious Fumes","floor":5},{"not_picked":["Unload","Deflect"],"picked":"Night Terror","floor":7},{"not_picked":["Underhanded Strike","Dodge and Roll"],"picked":"Riddle With Holes","floor":10},{"not_picked":["Dagger Throw","Backflip"],"picked":"Tactician","floor":11},{"not_picked":["Flying Knee","Underhanded Strike"],"picked":"Deadly Poison","floor":13},{"not_picked":["PiercingWail","Prepared"],"picked":"Caltrops","floor":14},{"not_picked":["Phantasmal Killer","Die Die Die"],"picked":"Adrenaline","floor":16},{"not_picked":["Prepared+1","Quick Slash"],"picked":"PiercingWail","floor":18},{"not_picked":["Poisoned Stab","Dagger Throw"],"picked":"Predator+1","floor":19},{"not_picked":["Endless Agony","PiercingWail"],"picked":"Poisoned Stab+1","floor":21},{"not_picked":["Dagger Spray+1","Flechettes"],"picked":"Cloak And Dagger","floor":24}],"player_experience":60144,"relics_obtained":[{"floor":7,"key":"Mercury Hourglass"},{"floor":9,"key":"Matryoshka"},{"floor":19,"key":"Red Mask"},{"floor":26,"key":"PreservedInsect"},{"floor":26,"key":"WingedGreaves"}],"event_choices":[{"damage_healed":0,"gold_gain":0,"player_choice":"Trade","damage_taken":0,"relics_obtained":["GremlinMask"],"max_hp_gain":0,"max_hp_loss":0,"event_name":"FaceTrader","floor":3,"gold_loss":0},{"damage_healed":0,"gold_gain":0,"player_choice":"Fought Bandits","damage_taken":0,"max_hp_gain":0,"max_hp_loss":0,"event_name":"Masked Bandits","floor":19,"gold_loss":0},{"damage_healed":0,"gold_gain":0,"player_choice":"Obtained Relic","damage_taken":0,"relics_obtained":["Ninja Scroll"],"max_hp_gain":0,"max_hp_loss":0,"event_name":"Addict","floor":22,"gold_loss":85},{"cards_removed":["Strike_G"],"damage_healed":0,"gold_gain":0,"player_choice":"Purged","damage_taken":0,"max_hp_gain":0,"max_hp_loss":0,"event_name":"Purifier","floor":27,"gold_loss":0}],"is_beta":false,"boss_relics":[{"not_picked":["Ectoplasm","Coffee Dripper"],"picked":"Lizard Tail"}],"items_purged_floors":[20],"is_endless":false,"potions_floor_spawned":[1,5,11,13,14,16,24],"killed_by":"Snecko","ascension_level":0}