{"gold_per_floor":[113,131,131,143,155,155,189,189,189,35,53,73,87,52,52,148,148,164,176,176,187,204,204,234,234,283,43,56,76,91,91],"floor_reached":31,"playtime":2669,"items_purged":[],"score":338,"play_id":"73eb1af6-21e1-472b-8283-ce23379fb13a","local_time":"20180824231837","is_ascension_mode":false,"campfire_choices":[{"data":"Bullet Time","floor":6.0,"key":"SMITH"},{"floor":8.0,"key":"REST"},{"floor":15.0,"key":"REST"},{"floor":23,"key":"REST"}],"neow_cost":"TEN_PERCENT_HP_LOSS","seed_source_timestamp":0,"circlet_count":0,"master_deck":["Defend_G","Defend_G","Defend_G","Defend_G","Defend_G","Strike_G","Strike_G","Strike_G","Strike_G","Strike_G","Survivor","Neutralize+1","Bullet Time+1","Blade Dance","Calculated Gamble","Deflect","Underhanded Strike","Leg Sweep","A Thousand Cuts","Well Laid Plans","Dagger Spray","Quick Slash","Wraith Form v2+1","Blade Dance","Heel Hook","Cloak And Dagger","Acrobatics+1","Blade Dance","Ghostly","Ghostly","Ghostly","Ghostly","Ghostly","Burst","Crippling Poison","Blade Dance","Prepared","Dodge and Roll+1"],"special_seed":0,"relics":["Ring of the Snake","Bottled Lightning","Ninja Scroll","WristBlade","Kunai","Juzu Bracelet"],"potions_floor_usage":[22,24,31],"damage_taken":[{"damage":0.0,"enemies":"Cultist","floor":1.0,"turns":4.0},{"damage":0.0,"enemies":"2 Louse","floor":2.0,"turns":2.0},{"damage":0.0,"enemies":"Small Slimes","floor":4.0,"turns":4.0},{"damage":20.0,"enemies":"Exordium Thugs","floor":5.0,"turns":7.0},{"damage":40.0,"enemies":"3 Sentries","floor":7.0,"turns":12.0},{"damage":0.0,"enemies":"2 Fungi Beasts","floor":11.0,"turns":3.0},{"damage":0.0,"enemies":"Lots of Slimes","floor":12.0,"turns":4.0},{"damage":0.0,"enemies":"Red Slaver","floor":13.0,"turns":3.0},{"damage":27.0,"enemies":"Slime Boss","floor":16.0,"turns":10.0},{"damage":3.0,"enemies":"Shell Parasite","floor":18.0,"turns":6.0},{"damage":0.0,"enemies":"Spheric Guardian","floor":19.0,"turns":1.0},{"damage":9.0,"enemies":"Snecko","floor":21.0,"turns":4.0},{"damage":18,"enemies":"Snake Plant","floor":22,"turns":6},{"damage":8,"enemies":"Slavers","floor":24,"turns":6},{"damage":8,"enemies":"Cultist and Chosen","floor":28,"turns":8},{"damage":14,"enemies":"Centurion and Healer","floor":29,"turns":6},{"damage":4,"enemies":"Snake Plant","floor":30,"turns":6},{"damage":7,"enemies":"Snecko","floor":31,"turns":7}],"seed_played":"-4815794856985840708","potions_obtained":[{"floor":2.0,"key":"Strength Potion"},{"floor":5.0,"key":"Poison Potion"},{"floor":11.0,"key":"PowerPotion"},{"floor":22,"key":"GhostInAJar"},{"floor":28,"key":"Swift Potion"}],"is_trial":false,"path_per_floor":["M","M","?","M","M","R","E","R","T","$","M","M","M","?","R","B",null,"M","M","?","M","M","R","E","?","T","$","M","M","M"],"character_chosen":"THE_SILENT","items_purchased":["A Thousand Cuts","Burst","Crippling Poison"],"campfire_rested":3,"item_purchase_floors":[10,27,27],"current_hp_per_floor":[63,63,63,63,43,43,3,21,21,21,21,21,21,36,54,27,63,60,60,60,51,33,51,43,31,31,31,23,9,5,0],"gold":91,"neow_bonus":"THREE_RARE_CARDS","is_prod":false,"is_daily":false,"chose_seed":false,"campfire_upgraded":1,"win_rate":0,"timestamp":1535177917,"path_taken":["M","M","?","M","M","R","E","R","T","$","M","M","M","?","R","BOSS","M","M","?","M","M","R","E","?","T","$","M","M","M","M"],"build_version":"2018-08-23v2","purchased_purges":0,"victory":false,"max_hp_per_floor":[63,63,63,63,63,63,63,63,63,63,63,63,63,63,63,63,63,63,63,63,63,63,63,63,31,31,31,31,31,31,31],"card_choices":[{"not_picked":["Tools of the Trade","Wraith Form v2"],"picked":"Bullet Time","floor":0.0},{"not_picked":["Slice","Quick Slash"],"picked":"Blade Dance","floor":1.0},{"not_picked":["Acrobatics","PiercingWail"],"picked":"Calculated Gamble","floor":2.0},{"not_picked":["Outmaneuver","Blur"],"picked":"Deflect","floor":4.0},{"not_picked":["Poisoned Stab","Deflect"],"picked":"Underhanded Strike","floor":5.0},{"not_picked":["Catalyst","Dodge and Roll"],"picked":"Leg Sweep","floor":7.0},{"not_picked":["Outmaneuver","Poisoned Stab"],"picked":"Well Laid Plans","floor":11.0},{"not_picked":["Sucker Punch","Heel Hook"],"picked":"Dagger Spray","floor":12.0},{"not_picked":["Blur","Deflect"],"picked":"Quick Slash","floor":13.0},{"not_picked":["Malaise","Unload"],"picked":"Wraith Form v2","floor":16.0},{"not_picked":["Skewer","Cloak And Dagger"],"picked":"Blade Dance","floor":18.0},{"not_picked":["Slice","Concentrate"],"picked":"Heel Hook","floor":19.0},{"not_picked":["Blur","Footwork"],"picked":"Cloak And Dagger","floor":21},{"not_picked":["PiercingWail+1","Underhanded Strike"],"picked":"Acrobatics+1","floor":22},{"not_picked":["Bane+1","Skewer+1"],"picked":"Blade Dance","floor":24},{"not_picked":["Predator","Reflex"],"picked":"Blade Dance","floor":28},{"not_picked":["Bane","Acrobatics"],"picked":"Prepared","floor":29},{"not_picked":["Endless Agony","Poisoned Stab+1"],"picked":"Dodge and Roll+1","floor":30}],"player_experience":279995,"relics_obtained":[{"floor":7.0,"key":"Bottled Lightning"},{"floor":9.0,"key":"Ninja Scroll"},{"floor":24,"key":"Kunai"},{"floor":26,"key":"Juzu Bracelet"}],"event_choices":[{"event_name":"Upgrade Shrine","player_choice":"Upgraded","floor":3.0,"damage_taken":0.0},{"event_name":"The Cleric","player_choice":"Healed","floor":14.0,"damage_taken":0.0},{"event_name":"Upgrade Shrine","player_choice":"Upgraded","floor":20.0,"damage_taken":0.0},{"event_name":"Ghosts","player_choice":"Became a Ghost","floor":25,"damage_taken":0}],"is_beta":false,"boss_relics":[{"not_picked":["White Beast Statue","Orrery"],"picked":"WristBlade"}],"items_purged_floors":[],"is_endless":false,"potions_floor_spawned":[2,5,11,12,22,28],"killed_by":"Snecko","ascension_level":0}