{"gold_per_floor":[115,125,144,158,158,158,185,185,185,13,44,60,10,27,27,27],"floor_reached":16,"playtime":683,"items_purged":[],"score":190,"play_id":"6621aeb8-22f7-47db-8a49-84ca0969360d","local_time":"20190819221822","is_ascension_mode":true,"campfire_choices":[{"data":"Bash","floor":6,"key":"SMITH"},{"floor":8,"key":"REST"},{"floor":15,"key":"REST"}],"neow_cost":"NONE","seed_source_timestamp":503958640510109,"circlet_count":0,"master_deck":["AscendersBane","Strike_R","Strike_R","Strike_R","Strike_R","Strike_R","Defend_R","Defend_R","Defend_R","Defend_R","Bash+1","Deep Breath","Seeing Red","Warcry","Pommel Strike","Spot Weakness","Power Through","Panache","Entrench","Whirlwind","Heavy Blade"],"relics":["Burning Blood","Mercury Hourglass","Shuriken","Blood Vial","Pear"],"potions_floor_usage":[7,12,14,16],"damage_taken":[{"damage":6,"enemies":"Cultist","floor":1,"turns":4},{"damage":0,"enemies":"Small Slimes","floor":2,"turns":3},{"damage":2,"enemies":"Jaw Worm","floor":3,"turns":3},{"damage":7,"enemies":"2 Fungi Beasts","floor":4,"turns":4},{"damage":45,"enemies":"3 Sentries","floor":7,"turns":9},{"damage":29,"enemies":"Lagavulin","floor":11,"turns":8},{"damage":19,"enemies":"Exordium Wildlife","floor":12,"turns":3},{"damage":7,"enemies":"Looter","floor":14,"turns":3},{"damage":81,"enemies":"The Guardian","floor":16,"turns":13}],"seed_played":"-9223082969282739857","potions_obtained":[{"floor":2,"key":"FearPotion"},{"floor":3,"key":"GamblersBrew"},{"floor":12,"key":"Regen Potion"},{"floor":14,"key":"SpeedPotion"}],"is_trial":false,"path_per_floor":["M","M","M","M","?","R","E","R","T","$","E","M","?","M","R","B"],"character_chosen":"IRONCLAD","items_purchased":["Panache"],"campfire_rested":2,"item_purchase_floors":[10],"current_hp_per_floor":[68,74,75,74,79,79,40,64,64,64,41,30,40,50,77,0],"gold":27,"neow_bonus":"RANDOM_COLORLESS","is_prod":false,"is_daily":false,"chose_seed":false,"campfire_upgraded":1,"win_rate":0,"timestamp":1566278302,"path_taken":["M","M","M","M","?","R","E","R","T","$","E","M","?","M","R","BOSS"],"build_version":"2019-07-17","purchased_purges":0,"victory":false,"max_hp_per_floor":[75,75,75,75,80,80,80,80,80,80,80,80,90,90,90,90],"card_choices":[{"not_picked":["Headbutt","Anger"],"picked":"Seeing Red","floor":1},{"not_picked":["Clash","Sword Boomerang"],"picked":"Warcry","floor":2},{"not_picked":["Flex","Clash"],"picked":"Pommel Strike","floor":3},{"not_picked":["Armaments","Sword Boomerang"],"picked":"Spot Weakness","floor":4},{"not_picked":["Combust","Entrench"],"picked":"Power Through","floor":7},{"not_picked":["Clash","Power Through"],"picked":"Entrench","floor":11},{"not_picked":["Combust","Bludgeon"],"picked":"Whirlwind","floor":12},{"not_picked":["Rage","Perfected Strike"],"picked":"Heavy Blade","floor":14}],"player_experience":728885,"relics_obtained":[{"floor":7,"key":"Mercury Hourglass"},{"floor":9,"key":"Shuriken"},{"floor":11,"key":"Blood Vial"}],"event_choices":[{"damage_healed":0,"gold_gain":0,"player_choice":"Donut","damage_taken":0,"max_hp_gain":5,"max_hp_loss":0,"event_name":"Big Fish","floor":5,"gold_loss":0},{"damage_healed":0,"gold_gain":0,"player_choice":"Paid Gold","damage_taken":0,"relics_obtained":["Pear"],"max_hp_gain":0,"max_hp_loss":0,"event_name":"WeMeetAgain","floor":13,"gold_loss":50}],"is_beta":false,"boss_relics":[],"items_purged_floors":[],"is_endless":false,"potions_floor_spawned":[2,3,12,14],"killed_by":"The Guardian","ascension_level":14}