{"path_per_floor":["M","M","M","M","M","R","M","E","T","M","M","R","?","E","R","B",null,"M","M","?","M","M","R","E","$","T","E","M","M","M","E","R","B",null,"M","M","M","M","$","R","M","R","T","M","$","?","E","M","R","B"],"character_chosen":"IRONCLAD","items_purchased":["Blood Vial","Explosive Potion","Finesse","Happy Flower","Dodecahedron","Poison Potion","Energy Potion"],"gold_per_floor":[109,121,136,152,171,171,183,209,209,223,243,243,418,478,478,574,574,586,597,597,611,624,624,654,381,381,410,428,447,465,494,494,598,598,616,634,652,670,570,570,580,580,606,626,29,29,55,73,73,73],"floor_reached":51,"campfire_rested":4,"playtime":3961,"current_hp_per_floor":[80,80,80,80,80,80,79,80,80,80,80,80,80,80,80,33,80,80,80,80,58,53,77,67,67,77,72,76,73,76,60,87,42,90,89,90,73,47,47,74,82,82,89,82,82,82,17,26,56,29],"items_purged":["Strike_R","Normality"],"gold":73,"score":784,"play_id":"9e3210f7-643c-469e-98bb-fc53337d2c4e","local_time":"20180423234905","is_prod":false,"is_daily":false,"chose_seed":false,"is_ascension_mode":false,"campfire_upgraded":4,"timestamp":1524552545,"path_taken":["M","M","?","M","M","R","M","E","T","M","M","R","?","E","R","BOSS","M","M","?","M","M","R","E","$","T","E","?","M","M","E","R","BOSS","M","M","M","M","$","R","M","R","T","M","$","?","E","M","R","BOSS"],"build_version":"2018-04-19","seed_source_timestamp":611041651049561,"purchased_purges":2,"victory":true,"master_deck":["Strike_R","Strike_R","Strike_R","Defend_R","Defend_R","Defend_R","Bash+1","Flame Barrier+1","Headbutt","Metallicize","Shrug It Off","Cleave","Rampage+1","Cleave","Armaments+1","Shockwave+1","Metallicize","Juggernaut","Shrug It Off+1","Entrench+1","Double Tap+1","Spot Weakness+1","Inflame+1","Ghostly Armor+1","Feed","Infernal Blade+1","Second Wind+1","Twin Strike+1","Heavy Blade+1","Pommel Strike+1","Disarm+1","Finesse+1","Flex+1"],"max_hp_per_floor":[80,80,80,80,80,80,80,80,80,80,80,80,80,80,80,80,80,80,80,80,80,80,80,80,80,90,90,90,90,90,90,90,90,90,90,90,90,90,90,90,90,90,97,97,97,97,97,100,100,100],"relics":["Burning Blood","Oddly Smooth Stone","Toxic Egg 2","Ornamental Fan","Tiny Chest","Velvet Choker","Centennial Puzzle","Blood Vial","Pear","Bottled Flame","Bottled Tornado","Astrolabe","Strawberry","Happy Flower","Dodecahedron","The Courier"],"card_choices":[{"not_picked":["Headbutt","True Grit"],"picked":"Flame Barrier","floor":1},{"not_picked":["True Grit","Sword Boomerang"],"picked":"Headbutt","floor":2},{"not_picked":["Shrug It Off","Rage"],"picked":"Metallicize","floor":3},{"not_picked":["Reaper","Battle Trance"],"picked":"Shrug It Off","floor":4},{"not_picked":["Iron Wave","Headbutt"],"picked":"Cleave","floor":5},{"not_picked":["Anger","Blood for Blood"],"picked":"Rampage","floor":7},{"not_picked":["Seeing Red","Heavy Blade"],"picked":"Cleave","floor":8},{"not_picked":["Anger","True Grit"],"picked":"Armaments","floor":10},{"not_picked":["Feel No Pain","Clash"],"picked":"Shockwave","floor":11},{"not_picked":["Cleave","Anger"],"picked":"Metallicize","floor":14},{"not_picked":["Fiend Fire","Berserk"],"picked":"Juggernaut","floor":16},{"not_picked":["Searing Blow","Heavy Blade"],"picked":"Shrug It Off","floor":18},{"not_picked":["Flex","Pommel Strike"],"picked":"Entrench","floor":22},{"not_picked":["Headbutt","Corruption"],"picked":"Double Tap","floor":24},{"not_picked":["Reckless Charge","Shrug It Off"],"picked":"Spot Weakness","floor":28},{"not_picked":["Thunderclap","Power Through"],"picked":"Inflame","floor":29},{"not_picked":["Headbutt","Sword Boomerang"],"picked":"Ghostly Armor","floor":30},{"not_picked":["Demon Form","Juggernaut"],"picked":"Feed","floor":33},{"not_picked":["Battle Trance","Flex"],"picked":"Twin Strike","floor":36},{"not_picked":["Anger","Iron Wave"],"picked":"Heavy Blade","floor":37},{"not_picked":["Havoc","Whirlwind"],"picked":"Pommel Strike","floor":38},{"not_picked":["Immolate","Combust"],"picked":"Disarm","floor":44},{"not_picked":["Combust","Warcry"],"picked":"Flex","floor":47}],"player_experience":133292,"potions_floor_usage":[8,22,24,24,33,44,47,50,50],"damage_taken":[{"damage":0,"enemies":"Cultist","floor":1,"turns":5},{"damage":3,"enemies":"Small Slimes","floor":2,"turns":4},{"damage":0,"enemies":"2 Louse","floor":3,"turns":3},{"damage":3,"enemies":"Red Slaver","floor":4,"turns":5},{"damage":1,"enemies":"Large Slime","floor":5,"turns":10},{"damage":7,"enemies":"Looter","floor":7,"turns":4},{"damage":4,"enemies":"Gremlin Nob","floor":8,"turns":5},{"damage":1,"enemies":"Red Slaver","floor":10,"turns":3},{"damage":0,"enemies":"2 Fungi Beasts","floor":11,"turns":3},{"damage":0,"enemies":"3 Sentries","floor":14,"turns":5},{"damage":53,"enemies":"Hexaghost","floor":16,"turns":12},{"damage":5,"enemies":"Shell Parasite","floor":18,"turns":7},{"damage":3,"enemies":"3 Byrds","floor":19,"turns":5},{"damage":28,"enemies":"Sentry and Sphere","floor":21,"turns":8},{"damage":11,"enemies":"3 Cultists","floor":22,"turns":7},{"damage":16,"enemies":"Slavers","floor":24,"turns":6},{"damage":13,"enemies":"Book of Stabbing","floor":27,"turns":8},{"damage":4,"enemies":"Centurion and Healer","floor":28,"turns":8},{"damage":11,"enemies":"Snake Plant","floor":29,"turns":6},{"damage":5,"enemies":"Snecko","floor":30,"turns":5},{"damage":24,"enemies":"Gremlin Leader","floor":31,"turns":7},{"damage":53,"enemies":"Automaton","floor":33,"turns":11},{"damage":7,"enemies":"3 Shapes","floor":35,"turns":7},{"damage":6,"enemies":"Orb Walker","floor":36,"turns":2},{"damage":23,"enemies":"Maw","floor":37,"turns":9},{"damage":34,"enemies":"Sphere and 2 Shapes","floor":38,"turns":6},{"damage":0,"enemies":"4 Shapes","floor":41,"turns":4},{"damage":15,"enemies":"Maw","floor":44,"turns":8},{"damage":73,"enemies":"Giant Head","floor":47,"turns":9},{"damage":2,"enemies":"3 Darklings","floor":48,"turns":5},{"damage":35,"enemies":"Time Eater","floor":50,"turns":9}],"event_choices":[{"event_name":"Liars Game","player_choice":"agreed","floor":13,"damage_taken":0},{"event_name":"The Mausoleum","player_choice":"No","floor":20,"damage_taken":0},{"event_name":"SecretPortal","player_choice":"Rejected Portal.","floor":46,"damage_taken":0}],"boss_relics":[{"not_picked":["Black Star","Sozu"],"picked":"Velvet Choker"},{"not_picked":["Snecko Eye","Runic Cube"],"picked":"Astrolabe"}],"potions_floor_spawned":[2,4,5,16,18,22,27,30,31,37,41,47,48],"seed_played":"355217048786190554","ascension_level":0,"is_trial":false}