{"gold_per_floor":[113,113,124,144,161,188,188,218,267,295,310,310,323,348,348,479,479,499,168,191,215,66,66,87,123,123,123,148,173,189,40,40,40],"floor_reached":33,"playtime":1572,"items_purged":["Injury","Strike_G"],"score":308,"play_id":"8a1140c3-bfe9-4a9f-b976-5a3c48d25e33","local_time":"20180729001501","is_ascension_mode":true,"campfire_choices":[{"floor":7,"key":"REST"},{"floor":15,"key":"REST"},{"floor":23,"key":"REST"},{"floor":27,"key":"REST"},{"floor":32,"key":"REST"}],"neow_cost":"NONE","seed_source_timestamp":259183926460304,"circlet_count":0,"master_deck":["Defend_G","Defend_G","Defend_G","Defend_G","Defend_G","Strike_G","Strike_G","Strike_G","Strike_G","Survivor","Neutralize+1","Backflip","Dodge and Roll","Poisoned Stab","Deadly Poison","Quick Slash","Poisoned Stab","Wraith Form v2","Bouncing Flask","Noxious Fumes","Backstab","Unload","Noxious Fumes","Heel Hook+1","Catalyst+1","All Out Attack","Deadly Poison","PiercingWail","Riddle With Holes+1","Dagger Spray","Escape Plan"],"relics":["Runic Dome","Blue Candle","Smiling Mask","Snake Skull","Regal Pillow","Golden Idol","Velvet Choker","ClockworkSouvenir","Shuriken","Frozen Egg 2","Strawberry"],"potions_floor_usage":[33],"damage_taken":[{"damage":2,"enemies":"Small Slimes","floor":1,"turns":4},{"damage":0,"enemies":"2 Louse","floor":3,"turns":3},{"damage":0,"enemies":"Cultist","floor":4,"turns":4},{"damage":7,"enemies":"Gremlin Gang","floor":5,"turns":7},{"damage":14,"enemies":"Lagavulin","floor":6,"turns":7},{"damage":12,"enemies":"3 Sentries","floor":8,"turns":11},{"damage":6,"enemies":"Gremlin Nob","floor":10,"turns":3},{"damage":3,"enemies":"Blue Slaver","floor":11,"turns":4},{"damage":5,"enemies":"Looter","floor":13,"turns":2},{"damage":15,"enemies":"Exordium Thugs","floor":14,"turns":5},{"damage":19,"enemies":"The Guardian","floor":16,"turns":8},{"damage":1,"enemies":"Spheric Guardian","floor":18,"turns":5},{"damage":16,"enemies":"Shell Parasite","floor":20,"turns":3},{"damage":18,"enemies":"Snake Plant","floor":21,"turns":4},{"damage":8,"enemies":"Snecko","floor":24,"turns":4},{"damage":52,"enemies":"Slavers","floor":25,"turns":7},{"damage":2,"enemies":"Cultist and Chosen","floor":28,"turns":5},{"damage":28,"enemies":"Slaver and Parasite","floor":29,"turns":5},{"damage":1,"enemies":"Snecko","floor":30,"turns":4},{"damage":69,"enemies":"Automaton","floor":33,"turns":8}],"seed_played":"-4788430134954543428","potions_obtained":[{"floor":3,"key":"Dexterity Potion"},{"floor":8,"key":"Regen Potion"},{"floor":11,"key":"Energy Potion"},{"floor":14,"key":"Ancient Potion"},{"floor":20,"key":"Block Potion"}],"is_trial":false,"path_per_floor":["M","?","M","M","M","E","R","E","T","E","M","?","M","M","R","B",null,"M","$","M","M","$","R","M","E","T","R","M","M","M","$","R"],"character_chosen":"THE_SILENT","items_purchased":["ClockworkSouvenir","Noxious Fumes","All Out Attack","Deadly Poison","Strawberry"],"campfire_rested":5,"item_purchase_floors":[19,19,22,22,31],"current_hp_per_floor":[68,68,68,68,61,47,68,56,56,50,47,47,42,27,63,44,70,69,69,53,35,35,70,62,10,10,46,44,16,15,22,60,0],"gold":40,"neow_bonus":"BOSS_RELIC","is_prod":false,"is_daily":false,"chose_seed":false,"campfire_upgraded":0,"win_rate":0,"timestamp":1532848501,"path_taken":["M","?","M","M","M","E","R","E","T","E","M","?","M","?","R","BOSS","M","$","M","M","$","R","M","E","T","R","M","?","M","$","R","BOSS"],"build_version":"2018-07-26","purchased_purges":2,"victory":false,"max_hp_per_floor":[70,70,70,70,70,70,70,70,70,70,70,70,70,70,70,70,70,70,70,70,70,70,70,70,70,70,70,70,70,70,77,77,77],"card_choices":[{"not_picked":["Prepared","Concentrate"],"picked":"Backflip","floor":1},{"not_picked":["Flying Knee","Sucker Punch"],"picked":"Dodge and Roll","floor":3},{"not_picked":["PiercingWail","Dodge and Roll"],"picked":"Poisoned Stab","floor":4},{"not_picked":["Slice","Underhanded Strike"],"picked":"Deadly Poison","floor":5},{"not_picked":["Predator","Acrobatics"],"picked":"Quick Slash","floor":6},{"not_picked":["Grand Finale","Flying Knee"],"picked":"Poisoned Stab","floor":8},{"not_picked":["Bane","Dagger Throw"],"picked":"Wraith Form v2","floor":10},{"not_picked":["Backflip","Sucker Punch"],"picked":"Bouncing Flask","floor":11},{"not_picked":["Prepared","Bane"],"picked":"Noxious Fumes","floor":13},{"not_picked":["Underhanded Strike","Storm of Steel"],"picked":"Backstab","floor":14},{"not_picked":["Phantasmal Killer","A Thousand Cuts"],"picked":"Unload","floor":16},{"not_picked":["Flying Knee","Dodge and Roll","Slice"],"picked":"SKIP","floor":18},{"not_picked":["Deflect","Outmaneuver+1"],"picked":"Heel Hook+1","floor":20},{"not_picked":["Slice+1","Leg Sweep+1"],"picked":"Catalyst+1","floor":21},{"not_picked":["Backstab","Backflip"],"picked":"PiercingWail","floor":24},{"not_picked":["Outmaneuver+1","Wraith Form v2"],"picked":"Riddle With Holes+1","floor":25},{"not_picked":["Poisoned Stab","Deadly Poison"],"picked":"Dagger Spray","floor":28},{"not_picked":["Calculated Gamble","Endless Agony","Underhanded Strike"],"picked":"SKIP","floor":29},{"not_picked":["Slice","Dagger Spray"],"picked":"Escape Plan","floor":30}],"player_experience":216846,"relics_obtained":[{"floor":6,"key":"Blue Candle"},{"floor":8,"key":"Smiling Mask"},{"floor":9,"key":"Snake Skull"},{"floor":10,"key":"Regal Pillow"},{"floor":25,"key":"Shuriken"},{"floor":26,"key":"Frozen Egg 2"}],"event_choices":[{"event_name":"Living Wall","player_choice":"Grow","floor":2,"damage_taken":0},{"event_name":"Golden Idol","player_choice":"Take Wound","floor":12,"damage_taken":0}],"is_beta":false,"boss_relics":[{"not_picked":["Sozu","Cursed Key"],"picked":"Velvet Choker"}],"items_purged_floors":[19,22],"is_endless":false,"potions_floor_spawned":[3,8,11,14,20,29,30],"killed_by":"Automaton","ascension_level":1}