{"gold_per_floor":[116,131,144,163,176,176,211,211,211,243,254,254,254,268,268,367,367,377,302,302,322,342,342,360,360,384,416,428,456,468,498,510,625,637,669,127,127,173,187,187,187],"floor_reached":41,"playtime":3022,"items_purged":[],"score":517,"play_id":"b6f91a5e-a55c-4f09-8c19-af08f418b75e","local_time":"20190907212018","is_ascension_mode":true,"campfire_choices":[{"data":"White Noise","floor":6,"key":"SMITH"},{"data":"Zap","floor":8,"key":"SMITH"},{"floor":15,"key":"REST"},{"floor":23,"key":"REST"},{"floor":25,"key":"REST"},{"floor":30,"key":"REST"},{"floor":32,"key":"REST"},{"floor":40,"key":"REST"}],"neow_cost":"NONE","seed_source_timestamp":166076523515600,"circlet_count":0,"master_deck":["Strike_B","Strike_B","Strike_B","Defend_B","Defend_B","Defend_B","Defend_B","Zap+1","Dualcast","Finesse","Beam Cell","Darkness","Scrape","Hologram","White Noise+1","Undo","Gash","Leap","Creative AI","Echo Form+1","Gash+1","Steam","Gash","Stack+1","Coolheaded+1","White Noise+1","Steam+1","Machine Learning","Gash","BootSequence+1","Steam+1","Hologram+1","Coolheaded+1","Secret Technique+1","Defragment","Stack+1","Heatsinks","Defragment","Writhe","Beam Cell","Gash+1"],"relics":["Cracked Core","The Courier","Incense Burner","Du-Vu Doll","Black Star","Strawberry","Mummified Hand","Toxic Egg 2","Ornamental Fan","MawBank","Nuclear Battery","Unceasing Top"],"potions_floor_usage":[7,10,16,16,16,16,22,29,31,33,38],"damage_taken":[{"damage":0,"enemies":"Small Slimes","floor":1,"turns":3},{"damage":0,"enemies":"2 Louse","floor":2,"turns":2},{"damage":0,"enemies":"Cultist","floor":3,"turns":3},{"damage":1,"enemies":"3 Louse","floor":4,"turns":2},{"damage":3,"enemies":"2 Fungi Beasts","floor":5,"turns":3},{"damage":27,"enemies":"3 Sentries","floor":7,"turns":7},{"damage":33,"enemies":"Gremlin Nob","floor":10,"turns":5},{"damage":0,"enemies":"Blue Slaver","floor":11,"turns":3},{"damage":0,"enemies":"Exordium Thugs","floor":14,"turns":4},{"damage":6,"enemies":"The Guardian","floor":16,"turns":9},{"damage":13,"enemies":"Chosen","floor":18,"turns":5},{"damage":3,"enemies":"Shell Parasite","floor":21,"turns":6},{"damage":48,"enemies":"3 Cultists","floor":22,"turns":7},{"damage":28,"enemies":"Snake Plant","floor":24,"turns":7},{"damage":14,"enemies":"Gremlin Leader","floor":27,"turns":8},{"damage":6,"enemies":"Shelled Parasite and Fungi","floor":28,"turns":5},{"damage":2,"enemies":"Slavers","floor":29,"turns":6},{"damage":0,"enemies":"Centurion and Healer","floor":31,"turns":5},{"damage":14,"enemies":"Champ","floor":33,"turns":8},{"damage":30,"enemies":"Orb Walker","floor":35,"turns":6},{"damage":63,"enemies":"2 Orb Walkers","floor":38,"turns":6},{"damage":0,"enemies":"3 Shapes","floor":39,"turns":5},{"damage":49,"enemies":"Reptomancer","floor":41,"turns":2}],"seed_played":"-8149639448895510896","potions_obtained":[{"floor":2,"key":"Energy Potion"},{"floor":7,"key":"Weak Potion"},{"floor":11,"key":"EssenceOfSteel"},{"floor":14,"key":"EntropicBrew"},{"floor":21,"key":"Block Potion"},{"floor":27,"key":"FearPotion"},{"floor":29,"key":"Swift Potion"},{"floor":31,"key":"Poison Potion"}],"is_trial":false,"path_per_floor":["M","M","M","M","M","R","E","R","T","E","M","?","?","M","R","B",null,"M","?","?","M","M","R","M","R","T","E","M","E","R","M","R","B",null,"M","$","?","?","M","R","E"],"character_chosen":"DEFECT","items_purchased":["BootSequence+1","Steam+1","Hologram+1","Coolheaded+1","Secret Technique+1","Defragment","Stack+1","Heatsinks","Defragment"],"campfire_rested":6,"item_purchase_floors":[36,36,36,36,36,36,36,36,36],"current_hp_per_floor":[75,75,75,74,71,71,44,44,44,11,11,11,11,11,33,27,75,62,62,62,59,11,33,5,27,34,20,14,12,36,36,60,46,82,52,52,73,10,10,34,0],"gold":187,"neow_bonus":"RANDOM_COLORLESS","is_prod":false,"is_daily":false,"chose_seed":false,"campfire_upgraded":2,"win_rate":0,"timestamp":1567916418,"path_taken":["M","M","M","M","M","R","E","R","T","E","M","?","?","M","R","BOSS","M","?","?","M","M","R","?","R","T","E","M","E","R","M","R","BOSS","M","$","?","?","M","R","E"],"build_version":"2019-08-26","purchased_purges":0,"victory":false,"max_hp_per_floor":[75,75,75,75,75,75,75,75,75,75,75,75,75,75,75,75,75,75,75,75,75,75,75,75,75,82,82,82,82,82,82,82,82,82,82,82,82,82,82,82,82],"card_choices":[{"not_picked":["FTL","Turbo"],"picked":"Beam Cell","floor":1},{"not_picked":["Compile Driver","Turbo"],"picked":"Darkness","floor":2},{"not_picked":["Barrage","Steam Power"],"picked":"Scrape","floor":3},{"not_picked":["Stack","Genetic Algorithm"],"picked":"Hologram","floor":4},{"not_picked":["Steam","Ball Lightning"],"picked":"White Noise","floor":5},{"not_picked":["Scrape","Cold Snap"],"picked":"Undo","floor":7},{"not_picked":["Tempest","Buffer"],"picked":"Gash","floor":10},{"not_picked":["Loop","Streamline"],"picked":"Leap","floor":11},{"not_picked":["Ball Lightning","Streamline"],"picked":"Creative AI","floor":14},{"not_picked":["Rainbow","Fission"],"picked":"Echo Form","floor":16},{"not_picked":["Sunder","Scrape","Streamline"],"picked":"SKIP","floor":18},{"not_picked":["Glacier","Static Discharge+1"],"picked":"Gash+1","floor":21},{"not_picked":["Fusion","Hologram"],"picked":"Steam","floor":22},{"not_picked":["Leap+1","Ball Lightning+1"],"picked":"Gash","floor":24},{"not_picked":["Chaos","Compile Driver"],"picked":"Stack","floor":27},{"not_picked":["Steam+1","Gash+1"],"picked":"Coolheaded+1","floor":28},{"not_picked":["Machine Learning","Melter"],"picked":"White Noise+1","floor":29},{"not_picked":["Rebound","Doom and Gloom+1"],"picked":"Steam+1","floor":31},{"not_picked":["Creative AI","Hyperbeam"],"picked":"Machine Learning","floor":33},{"not_picked":["Stack+1","Heatsinks"],"picked":"Gash","floor":35},{"not_picked":["Turbo+1","Cold Snap"],"picked":"Beam Cell","floor":38},{"not_picked":["Rebound","Hyperbeam"],"picked":"Gash+1","floor":39}],"player_experience":1476700,"relics_obtained":[{"floor":7,"key":"The Courier"},{"floor":9,"key":"Incense Burner"},{"floor":10,"key":"Du-Vu Doll"},{"floor":26,"key":"Strawberry"},{"floor":27,"key":"Mummified Hand"},{"floor":27,"key":"Toxic Egg 2"},{"floor":29,"key":"Ornamental Fan"},{"floor":29,"key":"MawBank"},{"floor":38,"key":"Unceasing Top"}],"event_choices":[{"damage_healed":0,"gold_gain":0,"player_choice":"Ignored","damage_taken":0,"max_hp_gain":0,"max_hp_loss":0,"event_name":"Golden Idol","floor":12,"gold_loss":0},{"damage_healed":0,"gold_gain":0,"player_choice":"Ignored","damage_taken":0,"max_hp_gain":0,"max_hp_loss":0,"event_name":"Shining Light","floor":13,"gold_loss":0},{"cards_removed":["Strike_B"],"damage_healed":0,"gold_gain":0,"player_choice":"Gave Gold","damage_taken":0,"max_hp_gain":0,"max_hp_loss":0,"event_name":"Beggar","floor":19,"gold_loss":75},{"damage_healed":0,"gold_gain":0,"player_choice":"Upgraded","damage_taken":0,"max_hp_gain":0,"max_hp_loss":0,"event_name":"Upgrade Shrine","floor":20,"gold_loss":0,"cards_upgraded":["Echo Form"]},{"damage_healed":21,"gold_gain":0,"player_choice":"Writhe","damage_taken":0,"max_hp_gain":0,"max_hp_loss":0,"event_name":"Winding Halls","floor":37,"gold_loss":0,"cards_obtained":["Writhe"]},{"damage_healed":0,"gold_gain":0,"player_choice":"Fight","damage_taken":0,"max_hp_gain":0,"max_hp_loss":0,"event_name":"Mysterious Sphere","floor":38,"gold_loss":0}],"is_beta":true,"boss_relics":[{"not_picked":["Busted Crown","Calling Bell"],"picked":"Black Star"},{"not_picked":["Eternal Feather","Tiny House"],"picked":"Nuclear Battery"}],"items_purged_floors":[],"is_endless":false,"potions_floor_spawned":[2,7,11,14,21,27,29,31],"killed_by":"Reptomancer","ascension_level":1}