{"gold_per_floor":[112,29,40,53,63,91,91,106,106,132,132,132,132,155,155,280,280,298,298,5,25,50,91,91,112,112,112,155,254,116,132,132,253,253,266,281,182,182,202,202,216,252,276,276,295,313,337,337],"floor_reached":48,"playtime":3154,"items_purged":["Injury"],"score":591,"play_id":"26687333-014a-4072-ab92-c4ee67587867","local_time":"20190727134051","is_ascension_mode":true,"campfire_choices":[{"data":"Catalyst","floor":7.0,"key":"SMITH"},{"data":"Neutralize","floor":13.0,"key":"SMITH"},{"floor":15.0,"key":"RECALL"},{"data":"Corpse Explosion","floor":24.0,"key":"SMITH"},{"floor":27.0,"key":"REST"},{"floor":32,"key":"REST"},{"floor":40,"key":"REST"}],"neow_cost":"NONE","seed_source_timestamp":0,"circlet_count":0,"master_deck":["Strike_G","Strike_G","Strike_G","Defend_G","Defend_G","Defend_G","Defend_G","Defend_G","Survivor","Neutralize+1","Crippling Poison","Flechettes","Caltrops","Blur","Catalyst+1","Dagger Throw","Dash","Terror+1","Glass Knife","Noxious Fumes","Poisoned Stab","Corpse Explosion+1","Dodge and Roll+1","Footwork","Night Terror+1","Venomology+1","Setup+1","Backflip+1","Prepared+1","Madness+1","Madness+1","Predator","Prepared+1","Catalyst+1","Parasite"],"special_seed":0,"relics":["White Beast Statue","Happy Flower","Letter Opener","Matryoshka","Ninja Scroll","Golden Idol","Art of War","Juzu Bracelet","Blood Vial","Smiling Mask","Toxic Egg 2","Potion Belt","Anchor","Empty Cage","Bronze Scales"],"potions_floor_usage":[31,33,35,35,39,39,41,41,42,42,45,45,45,46,46,47,48],"damage_taken":[{"damage":2.0,"enemies":"2 Louse","floor":1.0,"turns":4.0},{"damage":0.0,"enemies":"Cultist","floor":3.0,"turns":4.0},{"damage":2.0,"enemies":"Small Slimes","floor":4.0,"turns":4.0},{"damage":7.0,"enemies":"Exordium Thugs","floor":5.0,"turns":4.0},{"damage":19.0,"enemies":"3 Sentries","floor":6.0,"turns":12.0},{"damage":5.0,"enemies":"Lots of Slimes","floor":8.0,"turns":3.0},{"damage":15.0,"enemies":"Gremlin Nob","floor":10.0,"turns":5.0},{"damage":0.0,"enemies":"3 Louse","floor":14.0,"turns":3.0},{"damage":35.0,"enemies":"The Guardian","floor":16.0,"turns":16.0},{"damage":11.0,"enemies":"Spheric Guardian","floor":18.0,"turns":4.0},{"damage":2.0,"enemies":"2 Thieves","floor":21.0,"turns":4.0},{"damage":17.0,"enemies":"Slavers","floor":23.0,"turns":7.0},{"damage":5.0,"enemies":"Snake Plant","floor":25.0,"turns":4.0},{"damage":12.0,"enemies":"Gremlin Leader","floor":28.0,"turns":7.0},{"damage":9,"enemies":"Shelled Parasite and Fungi","floor":31,"turns":5},{"damage":41,"enemies":"Automaton","floor":33,"turns":12},{"damage":3,"enemies":"3 Shapes","floor":35,"turns":6},{"damage":16,"enemies":"3 Darklings","floor":36,"turns":5},{"damage":8,"enemies":"Sphere and 2 Shapes","floor":39,"turns":5},{"damage":11,"enemies":"Maw","floor":41,"turns":7},{"damage":38,"enemies":"Nemesis","floor":42,"turns":7},{"damage":8,"enemies":"Jaw Worm Horde","floor":45,"turns":2},{"damage":26,"enemies":"Spire Growth","floor":46,"turns":6},{"damage":4,"enemies":"Writhing Mass","floor":47,"turns":6},{"damage":17,"enemies":"Jaw Worm Horde","floor":48,"turns":4}],"seed_played":"-87248834370212312","potions_obtained":[{"floor":1.0,"key":"GhostInAJar"},{"floor":3.0,"key":"PowerPotion"},{"floor":4.0,"key":"Energy Potion"},{"floor":5.0,"key":"Swift Potion"},{"floor":6.0,"key":"PowerPotion"},{"floor":8.0,"key":"Ancient Potion"},{"floor":10.0,"key":"Energy Potion"},{"floor":14.0,"key":"Swift Potion"},{"floor":16.0,"key":"GamblersBrew"},{"floor":18.0,"key":"GhostInAJar"},{"floor":21.0,"key":"Explosive Potion"},{"floor":23.0,"key":"Block Potion"},{"floor":25.0,"key":"FearPotion"},{"floor":28.0,"key":"AttackPotion"},{"floor":31,"key":"LiquidBronze"},{"floor":33,"key":"EssenceOfSteel"},{"floor":35,"key":"Explosive Potion"},{"floor":36,"key":"Fruit Juice"},{"floor":39,"key":"Poison Potion"},{"floor":41,"key":"Regen Potion"},{"floor":42,"key":"Poison Potion"},{"floor":44,"key":"FairyPotion"},{"floor":44,"key":"Swift Potion"},{"floor":45,"key":"Weak Potion"},{"floor":46,"key":"GamblersBrew"},{"floor":47,"key":"SteroidPotion"}],"is_trial":false,"path_per_floor":["M","?","M","M","M","E","R","M","T","E","?","?","R","M","R","B",null,"M","?","$","M","T","E","R","M","T","R","E","?","$","M","R","B",null,"M","M","$","?","M","R","M","E","T","?","M","M","M","M"],"character_chosen":"THE_SILENT","items_purchased":["Art of War","Noxious Fumes","Night Terror+1","Backflip+1","Prepared+1"],"campfire_rested":3,"item_purchase_floors":[20,20,30,37,37],"current_hp_per_floor":[68,68,68,66,59,40,40,35,35,20,20,43,43,43,43,8,70,59,59,59,57,57,42,42,39,39,60,50,50,50,43,64,25,70,67,53,53,44,43,65,56,35,35,35,29,5,3,0],"gold":337,"neow_bonus":"BOSS_RELIC","is_prod":false,"is_daily":false,"chose_seed":false,"campfire_upgraded":3,"win_rate":0,"timestamp":1564260051,"path_taken":["M","?","M","?","M","E","R","M","T","E","?","?","R","M","R","BOSS","M","?","$","?","?","E","R","M","T","R","E","?","$","M","R","BOSS","M","M","$","?","M","R","M","E","T","?","M","M","M","M"],"build_version":"2019-07-18","purchased_purges":1,"victory":false,"max_hp_per_floor":[70,70,70,70,70,70,70,70,70,70,70,70,70,70,70,70,70,70,70,70,70,70,70,70,70,70,70,70,70,70,70,70,70,70,70,70,70,70,75,75,75,75,75,75,75,75,75,75],"card_choices":[{"not_picked":["Dagger Throw","Masterful Stab"],"picked":"Crippling Poison","floor":1.0},{"not_picked":["Choke","Concentrate"],"picked":"Flechettes","floor":3.0},{"not_picked":["Outmaneuver","PiercingWail"],"picked":"Caltrops","floor":4.0},{"not_picked":["Bane","Outmaneuver"],"picked":"Blur","floor":5.0},{"not_picked":["Outmaneuver","Setup"],"picked":"Catalyst","floor":6.0},{"not_picked":["Underhanded Strike","Sucker Punch"],"picked":"Dagger Throw","floor":8.0},{"not_picked":["Caltrops","Tools of the Trade"],"picked":"Dash","floor":10.0},{"not_picked":["Blade Dance","Cloak And Dagger"],"picked":"Terror","floor":14.0},{"not_picked":["Die Die Die","Envenom"],"picked":"Glass Knife","floor":16.0},{"not_picked":["Outmaneuver","Slice","Prepared"],"picked":"SKIP","floor":18.0},{"not_picked":["Endless Agony","Caltrops"],"picked":"Poisoned Stab","floor":21.0},{"not_picked":["Underhanded Strike+1","Dagger Throw"],"picked":"Corpse Explosion","floor":23.0},{"not_picked":["Dagger Spray","Riddle With Holes"],"picked":"Dodge and Roll+1","floor":25.0},{"not_picked":["Caltrops+1","Tools of the Trade"],"picked":"Footwork","floor":28.0},{"not_picked":["Distraction+1","Dagger Throw+1","Blade Dance+1"],"picked":"SKIP","floor":31},{"not_picked":["A Thousand Cuts","Tools of the Trade"],"picked":"Venomology+1","floor":33},{"not_picked":["Infinite Blades","Sucker Punch+1","Dash"],"picked":"SKIP","floor":35},{"not_picked":["Dagger Spray","Heel Hook+1"],"picked":"Setup+1","floor":36},{"not_picked":["Outmaneuver+1","PiercingWail+1"],"picked":"Predator","floor":39},{"not_picked":["Quick Slash","Predator"],"picked":"Prepared+1","floor":41},{"not_picked":["Infinite Blades","Reflex+1"],"picked":"Catalyst+1","floor":42},{"not_picked":["Dagger Throw+1","Predator","Riddle With Holes+1"],"picked":"SKIP","floor":45},{"not_picked":["Setup+1","Well Laid Plans+1","PiercingWail+1"],"picked":"SKIP","floor":46},{"not_picked":["Flechettes","Prepared+1","Deflect+1"],"picked":"SKIP","floor":47}],"player_experience":1333376,"relics_obtained":[{"floor":6.0,"key":"Letter Opener"},{"floor":9.0,"key":"Matryoshka"},{"floor":10.0,"key":"Ninja Scroll"},{"floor":22.0,"key":"Juzu Bracelet"},{"floor":22.0,"key":"Blood Vial"},{"floor":23.0,"key":"Smiling Mask"},{"floor":26.0,"key":"Toxic Egg 2"},{"floor":26.0,"key":"Potion Belt"},{"floor":28.0,"key":"Anchor"},{"floor":42,"key":"Bronze Scales"}],"event_choices":[{"damage_healed":0.0,"max_hp_gain":0.0,"max_hp_loss":0.0,"gold_gain":0.0,"event_name":"WeMeetAgain","player_choice":"Paid Gold","floor":2.0,"gold_loss":83.0,"damage_taken":0.0,"relics_obtained":["Happy Flower"]},{"damage_healed":0.0,"max_hp_gain":0.0,"max_hp_loss":0.0,"gold_gain":0.0,"event_name":"Golden Idol","player_choice":"Take Wound","floor":11.0,"gold_loss":0.0,"damage_taken":0.0,"relics_obtained":["Golden Idol"],"cards_obtained":["Injury"]},{"damage_healed":23.0,"max_hp_gain":0.0,"max_hp_loss":0.0,"gold_gain":0.0,"event_name":"Big Fish","player_choice":"Banana","floor":12.0,"gold_loss":0.0,"damage_taken":0.0},{"damage_healed":0.0,"max_hp_gain":0.0,"max_hp_loss":0.0,"gold_gain":0.0,"event_name":"Upgrade Shrine","player_choice":"Upgraded","floor":19.0,"gold_loss":0.0,"damage_taken":0.0,"cards_upgraded":["Terror"]},{"damage_healed":0.0,"max_hp_gain":0.0,"max_hp_loss":0.0,"gold_gain":99.0,"event_name":"Nest","player_choice":"Stole From Cult","floor":29.0,"gold_loss":0.0,"damage_taken":0.0},{"damage_healed":0,"gold_gain":0,"player_choice":"Embrace Madness","damage_taken":9,"max_hp_gain":0,"max_hp_loss":0,"event_name":"Winding Halls","floor":38,"gold_loss":0,"cards_obtained":["Madness","Madness"]},{"damage_healed":0,"gold_gain":0,"player_choice":"Got Potions","damage_taken":0,"max_hp_gain":0,"max_hp_loss":0,"event_name":"Lab","floor":44,"gold_loss":0}],"is_beta":true,"boss_relics":[{"not_picked":["Velvet Choker","Philosopher\u0027s Stone","Snecko Eye"]},{"not_picked":["Cursed Key","Eternal Feather"],"picked":"Empty Cage"}],"items_purged_floors":[20],"is_endless":false,"potions_floor_spawned":[1,3,4,5,6,8,10,14,16,18,21,23,25,28,31,33,35,36,39,41,42,45,46,47],"killed_by":"Jaw Worm Horde","ascension_level":1}