{"gold_per_floor":[118,138,157,168,186,220,220,255,255,289,289,308,3,20,20,122,122,133,146,146,159,159,159,159,192,216,247,257,257],"floor_reached":29,"playtime":1531,"items_purged":["Strike_B"],"score":328,"play_id":"65d305c8-e723-4c33-b076-939f1fc99293","local_time":"20190731191638","is_ascension_mode":true,"campfire_choices":[{"floor":11.0,"key":"REST"},{"data":"Echo Form","floor":15.0,"key":"SMITH"},{"floor":23,"key":"REST"}],"neow_cost":"NONE","seed_source_timestamp":0,"circlet_count":0,"master_deck":["Strike_B+1","Strike_B","Strike_B+1","Defend_B","Defend_B","Defend_B","Defend_B","Zap","Dualcast","Ball Lightning","Steam","Beam Cell","Ball Lightning","Leap","Echo Form+1","Zap","Discovery","Hologram","Buffer","Coolheaded","Gash","Reboot","Go for the Eyes+1","Conserve Battery","Leap","All For One","BootSequence+1"],"special_seed":0,"relics":["Cracked Core","Whetstone","Calipers","Smiling Mask","Sundial","Kunai","Symbiotic Virus","Nuclear Battery","Mummified Hand","Toxic Egg 2"],"potions_floor_usage":[21,27,28],"damage_taken":[{"damage":0.0,"enemies":"Cultist","floor":1.0,"turns":3.0},{"damage":0.0,"enemies":"2 Louse","floor":2.0,"turns":2.0},{"damage":1.0,"enemies":"Jaw Worm","floor":3.0,"turns":3.0},{"damage":13.0,"enemies":"Red Slaver","floor":4.0,"turns":2.0},{"damage":13.0,"enemies":"Exordium Thugs","floor":5.0,"turns":4.0},{"damage":16.0,"enemies":"3 Sentries","floor":6.0,"turns":5.0},{"damage":23.0,"enemies":"Gremlin Nob","floor":8.0,"turns":4.0},{"damage":0.0,"enemies":"3 Sentries","floor":10.0,"turns":5.0},{"damage":2.0,"enemies":"Blue Slaver","floor":12.0,"turns":3.0},{"damage":0.0,"enemies":"Looter","floor":14.0,"turns":2.0},{"damage":12.0,"enemies":"Hexaghost","floor":16.0,"turns":7.0},{"damage":1.0,"enemies":"3 Byrds","floor":18.0,"turns":4.0},{"damage":10.0,"enemies":"Spheric Guardian","floor":19.0,"turns":4.0},{"damage":11,"enemies":"Chosen and Byrds","floor":21,"turns":6},{"damage":34,"enemies":"Book of Stabbing","floor":25,"turns":9},{"damage":9,"enemies":"Gremlin Leader","floor":27,"turns":7},{"damage":14,"enemies":"Snake Plant","floor":28,"turns":3},{"damage":9,"enemies":"Cultist and Chosen","floor":29,"turns":6}],"seed_played":"6599000703409904824","potions_obtained":[{"floor":3.0,"key":"Swift Potion"},{"floor":4.0,"key":"SpeedPotion"},{"floor":12.0,"key":"Poison Potion"},{"floor":14.0,"key":"Poison Potion"},{"floor":19.0,"key":"Swift Potion"},{"floor":21,"key":"Explosive Potion"},{"floor":27,"key":"SpeedPotion"}],"is_trial":false,"path_per_floor":["M","M","M","M","M","E","?","E","T","E","R","M","$","M","R","B",null,"M","M","$","M","?","R","?","E","T","E","M","M"],"character_chosen":"DEFECT","items_purchased":["Symbiotic Virus"],"campfire_rested":2,"item_purchase_floors":[13],"current_hp_per_floor":[75,75,74,61,48,32,32,9,9,9,31,29,29,29,29,17,75,74,64,64,53,39,63,63,29,29,20,6,0],"gold":257,"neow_bonus":"RANDOM_COMMON_RELIC","is_prod":false,"is_daily":false,"chose_seed":false,"campfire_upgraded":1,"win_rate":0,"timestamp":1564625798,"path_taken":["M","M","M","?","?","E","?","E","T","E","R","?","?","M","R","BOSS","M","M","?","M","?","R","?","E","T","E","M","?"],"build_version":"2019-07-18","purchased_purges":1,"victory":false,"max_hp_per_floor":[75,75,75,75,75,75,75,75,75,75,75,75,75,75,75,75,75,75,75,75,75,80,80,80,80,80,80,80,80],"card_choices":[{"not_picked":["Leap","Turbo"],"picked":"Ball Lightning","floor":1.0},{"not_picked":["Compile Driver","Stack"],"picked":"Steam","floor":2.0},{"not_picked":["Conserve Battery","Go for the Eyes"],"picked":"Beam Cell","floor":3.0},{"not_picked":["Reprogram","Recycle"],"picked":"Ball Lightning","floor":4.0},{"not_picked":["Blizzard","Rebound"],"picked":"Leap","floor":5.0},{"not_picked":["Rebound","Redo"],"picked":"Echo Form","floor":6.0},{"not_picked":["Turbo","Rebound"],"picked":"Hologram","floor":8.0},{"not_picked":["Turbo","Heatsinks"],"picked":"Buffer","floor":10.0},{"not_picked":["Double Energy","Hologram"],"picked":"Coolheaded","floor":12.0},{"not_picked":["Barrage","Conserve Battery"],"picked":"Gash","floor":14.0},{"not_picked":["Machine Learning","Amplify"],"picked":"Reboot","floor":16.0},{"not_picked":["Storm","Ball Lightning+1"],"picked":"Go for the Eyes+1","floor":18.0},{"not_picked":["Undo","Blizzard"],"picked":"Conserve Battery","floor":19.0},{"not_picked":["Redo","Lockon"],"picked":"Leap","floor":21},{"not_picked":["Static Discharge+1","Leap"],"picked":"All For One","floor":25},{"not_picked":["Stack","Compile Driver+1","Rebound"],"picked":"SKIP","floor":27},{"not_picked":["Ball Lightning","Heatsinks+1"],"picked":"BootSequence+1","floor":28}],"player_experience":1352263,"relics_obtained":[{"floor":6.0,"key":"Calipers"},{"floor":8.0,"key":"Smiling Mask"},{"floor":9.0,"key":"Sundial"},{"floor":10.0,"key":"Kunai"},{"floor":25,"key":"Mummified Hand"},{"floor":27,"key":"Toxic Egg 2"}],"event_choices":[{"damage_healed":0.0,"max_hp_gain":0.0,"max_hp_loss":0.0,"gold_gain":0.0,"event_name":"Match and Keep!","player_choice":"2 cards matched","floor":7.0,"gold_loss":0.0,"damage_taken":0.0,"cards_obtained":["Zap","Discovery"]},{"damage_healed":0,"gold_gain":0,"player_choice":"Shed Blood","damage_taken":19,"max_hp_gain":5,"max_hp_loss":0,"event_name":"Forgotten Altar","floor":22,"gold_loss":0},{"damage_healed":0,"gold_gain":0,"player_choice":"Bought 0 Potions","damage_taken":0,"max_hp_gain":0,"max_hp_loss":0,"event_name":"The Woman in Blue","floor":24,"gold_loss":0}],"is_beta":true,"boss_relics":[{"not_picked":["Cursed Key","Lizard Tail"],"picked":"Nuclear Battery"}],"items_purged_floors":[13],"is_endless":false,"potions_floor_spawned":[3,4,12,14,19,21,27],"killed_by":"Cultist and Chosen","ascension_level":1}