{"path_per_floor":["M","M","M","$","M","R","M","?","T","R","?","R","?","M","R","B",null,"M","$","?","M","$","R","M","R","T","R","M","M","R","?","R"],"character_chosen":"DEFECT","items_purchased":["Self Repair","White Noise","White Noise","BootSequence","Streamline"],"gold_per_floor":[116,127,143,33,43,43,57,57,110,110,110,110,110,130,130,234,234,246,8,8,20,20,20,34,34,34,34,48,58,58,58,58,58],"floor_reached":33,"campfire_rested":1,"playtime":2072,"item_purchase_floors":[4,4,19,19,19],"current_hp_per_floor":[74,74,74,74,75,75,63,56,56,56,56,56,56,55,55,20,75,75,75,75,72,72,72,66,66,66,66,52,36,36,36,58,0],"items_purged":["Strike_B"],"gold":58,"score":237,"play_id":"f9dff64c-8584-4725-bb9f-a66eddd201c4","local_time":"20180603190934","is_prod":false,"is_daily":false,"chose_seed":false,"is_ascension_mode":false,"campfire_upgraded":7,"win_rate":0.0,"timestamp":1528078174,"campfire_choices":[{"data":"White Noise","floor":6,"key":"SMITH"},{"data":"Zap","floor":10,"key":"SMITH"},{"data":"Coolheaded","floor":12,"key":"SMITH"},{"data":"Genetic Algorithm","floor":15,"key":"SMITH"},{"data":"Rainbow","floor":23,"key":"SMITH"},{"data":"White Noise","floor":25,"key":"SMITH"},{"data":"1","floor":27,"key":"LIFT"},{"data":"Storm","floor":30,"key":"SMITH"},{"floor":32,"key":"REST"}],"path_taken":["M","M","M","$","M","R","M","?","T","R","?","R","?","M","R","BOSS","M","$","?","M","$","R","?","R","T","R","M","M","R","?","R","BOSS"],"build_version":"2018-05-31","seed_source_timestamp":24779582627089,"purchased_purges":1,"victory":false,"master_deck":["Strike_B","Strike_B","Defend_B","Defend_B","Defend_B","Defend_B","Zap+1","Cold Snap","Chill","Genetic Algorithm+1","Self Repair","White Noise+1","Ball Lightning","Beam Cell","Coolheaded+1","Leap","Rainbow+1","White Noise+1","BootSequence","Streamline","Storm+1","Reinforced Body","Auto Shields"],"max_hp_per_floor":[75,75,75,75,75,75,75,75,75,75,75,75,75,75,75,75,75,75,75,75,75,75,75,75,75,75,75,75,75,75,75,75,75],"relics":["Cracked Core","Ancient Tea Set","Nuclear Battery","Girya"],"card_choices":[{"not_picked":["Darkness","Gash"],"picked":"Cold Snap","floor":1},{"not_picked":["Consume","Rebound"],"picked":"Chill","floor":2},{"not_picked":["Skim","Hologram"],"picked":"Genetic Algorithm","floor":3},{"not_picked":["Go for the Eyes","Steam"],"picked":"Ball Lightning","floor":5},{"not_picked":["Ball Lightning","Self Repair"],"picked":"Beam Cell","floor":7},{"not_picked":["Rebound","Darkness"],"picked":"Leap","floor":14},{"not_picked":["All For One","Creative AI"],"picked":"Rainbow","floor":16},{"not_picked":["Steam","Ball Lightning","Skim"],"picked":"SKIP","floor":18},{"not_picked":["Sweeping Beam","Heatsinks+1"],"picked":"Storm","floor":21},{"not_picked":["Heatsinks","Steam"],"picked":"Reinforced Body","floor":24},{"not_picked":["FTL+1","Gash"],"picked":"Auto Shields","floor":28},{"not_picked":["Compile Driver","Rebound","Coolheaded"],"picked":"SKIP","floor":29}],"player_experience":343426,"potions_floor_usage":[14,16,33],"damage_taken":[{"damage":1,"enemies":"Cultist","floor":1,"turns":3},{"damage":0,"enemies":"2 Louse","floor":2,"turns":4},{"damage":0,"enemies":"Small Slimes","floor":3,"turns":2},{"damage":2,"enemies":"Red Slaver","floor":5,"turns":5},{"damage":19,"enemies":"3 Louse","floor":7,"turns":4},{"damage":8,"enemies":"Exordium Wildlife","floor":14,"turns":4},{"damage":42,"enemies":"The Guardian","floor":16,"turns":11},{"damage":0,"enemies":"Spheric Guardian","floor":18,"turns":4},{"damage":3,"enemies":"2 Thieves","floor":21,"turns":4},{"damage":6,"enemies":"Snecko","floor":24,"turns":5},{"damage":21,"enemies":"Slaver and Parasite","floor":28,"turns":11},{"damage":23,"enemies":"Snake Plant","floor":29,"turns":4},{"damage":74,"enemies":"Champ","floor":33,"turns":16}],"relics_obtained":[{"floor":9,"key":"Ancient Tea Set"},{"floor":26,"key":"Girya"}],"event_choices":[{"event_name":"Wheel of Change","player_choice":"Damage","floor":8,"damage_taken":0},{"event_name":"Transmorgrifier","player_choice":"Transform","floor":11,"damage_taken":0},{"event_name":"The Lab","player_choice":"Got Potions","floor":13,"damage_taken":0},{"event_name":"Drug Dealer","player_choice":"Ignored","floor":20,"damage_taken":0},{"event_name":"Addict","player_choice":"Ignored","floor":31,"damage_taken":0}],"boss_relics":[{"not_picked":["Cursed Key","Lizard Tail"],"picked":"Nuclear Battery"}],"items_purged_floors":[19],"potions_floor_spawned":[1,7,14,16,24,29],"seed_played":"8451872581141480769","killed_by":"Champ","ascension_level":0,"potions_obtained":[{"floor":1,"key":"EssenceOfSteel"},{"floor":7,"key":"SpeedPotion"},{"floor":13,"key":"FocusPotion"},{"floor":13,"key":"EntropicBrew"},{"floor":14,"key":"Block Potion"},{"floor":16,"key":"FearPotion"},{"floor":24,"key":"Explosive Potion"}],"is_trial":false}