{"gold_per_floor":[118,131,145,70,84,114,114,29,56,56,70,80,155,175,175,275,275,286,303,148,159,169,169,202,202,272,272,282,295,313,327,327,430,430,445,455,175,195,195],"floor_reached":39,"playtime":2546,"items_purged":["Strike_G","Strike_G"],"score":411,"play_id":"35ba4a93-a8a2-4a1d-82eb-6059be72105e","local_time":"20190713211559","is_ascension_mode":false,"campfire_choices":[{"floor":7,"key":"REST"},{"data":"Blind","floor":10,"key":"SMITH"},{"floor":15,"key":"REST"},{"floor":23,"key":"REST"},{"floor":25,"key":"REST"},{"data":"Bullet Time","floor":27,"key":"SMITH"},{"floor":32,"key":"REST"}],"neow_cost":"NONE","seed_source_timestamp":183797477943600,"circlet_count":0,"master_deck":["Strike_G","Strike_G","Strike_G","Defend_G","Defend_G","Defend_G","Defend_G","Defend_G","Survivor","Neutralize","Storm of Steel","Dagger Spray","Blade Dance","Crippling Poison","Noxious Fumes","Blind+1","Choke","Envenom","Bullet Time+1","Cloak And Dagger","Acrobatics+1","Backflip+1","Burst","Cloak And Dagger","Escape Plan+1","Footwork","Backflip","After Image","Accuracy"],"relics":["Ring of the Snake","PreservedInsect","Omamori","Runic Pyramid","Snake Skull","Smiling Mask","Dodecahedron","Busted Crown","Oddly Smooth Stone"],"potions_floor_usage":[6,16,16,16,21,29,30,31,38],"damage_taken":[{"damage":1,"enemies":"Cultist","floor":1,"turns":5},{"damage":3,"enemies":"Jaw Worm","floor":2,"turns":3},{"damage":0,"enemies":"Small Slimes","floor":3,"turns":3},{"damage":17,"enemies":"Exordium Thugs","floor":5,"turns":5},{"damage":24,"enemies":"Gremlin Nob","floor":6,"turns":5},{"damage":0,"enemies":"Large Slime","floor":11,"turns":5},{"damage":3,"enemies":"3 Louse","floor":12,"turns":3},{"damage":4,"enemies":"Blue Slaver","floor":14,"turns":3},{"damage":32,"enemies":"The Guardian","floor":16,"turns":10},{"damage":15,"enemies":"Spheric Guardian","floor":18,"turns":5},{"damage":10,"enemies":"2 Thieves","floor":19,"turns":4},{"damage":23,"enemies":"Snake Plant","floor":21,"turns":5},{"damage":5,"enemies":"Centurion and Healer","floor":22,"turns":7},{"damage":12,"enemies":"Gremlin Leader","floor":24,"turns":5},{"damage":17,"enemies":"Cultist and Chosen","floor":28,"turns":6},{"damage":19,"enemies":"3 Cultists","floor":29,"turns":5},{"damage":9,"enemies":"Shelled Parasite and Fungi","floor":30,"turns":7},{"damage":8,"enemies":"Snake Plant","floor":31,"turns":5},{"damage":24,"enemies":"Collector","floor":33,"turns":8},{"damage":0,"enemies":"3 Shapes","floor":35,"turns":5},{"damage":0,"enemies":"Orb Walker","floor":36,"turns":6},{"damage":9,"enemies":"Jaw Worm Horde","floor":38,"turns":6},{"damage":67,"enemies":"2 Orb Walkers","floor":39,"turns":6}],"seed_played":"-3806801246123015703","potions_obtained":[{"floor":3,"key":"EssenceOfSteel"},{"floor":6,"key":"Dexterity Potion"},{"floor":12,"key":"Energy Potion"},{"floor":14,"key":"Poison Potion"},{"floor":16,"key":"SteroidPotion"},{"floor":21,"key":"SpeedPotion"},{"floor":28,"key":"SkillPotion"},{"floor":29,"key":"FairyPotion"},{"floor":30,"key":"Poison Potion"},{"floor":33,"key":"Poison Potion"}],"is_trial":false,"path_per_floor":["M","M","M","$","M","E","R","$","T","R","M","M","?","M","R","B",null,"M","M","$","M","M","R","E","R","T","R","M","M","M","M","R","B",null,"M","M","$","M","?"],"character_chosen":"THE_SILENT","items_purchased":["Blind","Snake Skull","Oddly Smooth Stone","Accuracy"],"campfire_rested":5,"item_purchase_floors":[8,20,37,37],"current_hp_per_floor":[69,66,66,66,49,25,46,46,46,46,46,43,32,28,49,17,70,55,45,45,22,17,38,26,47,47,47,30,11,2,4,25,1,70,70,70,70,61,0],"gold":195,"neow_bonus":"ONE_RANDOM_RARE_CARD","is_prod":false,"is_daily":false,"chose_seed":false,"campfire_upgraded":2,"win_rate":0,"timestamp":1563077759,"path_taken":["M","M","?","$","M","E","R","?","T","R","M","M","?","M","R","BOSS","M","M","$","M","M","R","E","R","T","R","M","M","M","M","R","BOSS","M","M","$","M","?"],"build_version":"2019-07-05","purchased_purges":2,"victory":false,"max_hp_per_floor":[70,70,70,70,70,70,70,70,70,70,70,70,70,70,70,70,70,70,70,70,70,70,70,70,70,70,70,70,70,70,70,70,70,70,70,70,70,70,70],"card_choices":[{"not_picked":["Poisoned Stab","Prepared"],"picked":"Dagger Spray","floor":1},{"not_picked":["Bane","Dagger Spray"],"picked":"Blade Dance","floor":2},{"not_picked":["Setup","Blade Dance"],"picked":"Crippling Poison","floor":3},{"not_picked":["Dodge and Roll","Endless Agony"],"picked":"Noxious Fumes","floor":5},{"not_picked":["Slice","Bane","Deflect"],"picked":"SKIP","floor":6},{"not_picked":["Acrobatics","Escape Plan"],"picked":"Choke","floor":11},{"not_picked":["Dodge and Roll","Outmaneuver"],"picked":"Envenom","floor":12},{"not_picked":["Infinite Blades","All Out Attack","Tactician"],"picked":"SKIP","floor":14},{"not_picked":["Die Die Die","Unload"],"picked":"Bullet Time","floor":16},{"not_picked":["Bane","Well Laid Plans"],"picked":"Cloak And Dagger","floor":18},{"not_picked":["Dodge and Roll","Blur"],"picked":"Acrobatics+1","floor":19},{"not_picked":["Leg Sweep","Setup"],"picked":"Backflip+1","floor":21},{"not_picked":["Masterful Stab","Endless Agony"],"picked":"Burst","floor":22},{"not_picked":["Deflect","Choke+1"],"picked":"Cloak And Dagger","floor":24},{"not_picked":["Acrobatics","Sucker Punch"],"picked":"Escape Plan+1","floor":28},{"not_picked":["Deadly Poison","Noxious Fumes"],"picked":"Footwork","floor":29},{"not_picked":["Deadly Poison+1","Unload"],"picked":"Backflip","floor":30},{"not_picked":["PiercingWail","Flying Knee","Blade Dance"],"picked":"SKIP","floor":31},{"not_picked":["Venomology","Burst"],"picked":"After Image","floor":33},{"not_picked":["Caltrops+1"],"picked":"SKIP","floor":35},{"not_picked":["Heel Hook"],"picked":"SKIP","floor":36},{"not_picked":["Backflip"],"picked":"SKIP","floor":38}],"player_experience":427549,"relics_obtained":[{"floor":6,"key":"PreservedInsect"},{"floor":9,"key":"Omamori"},{"floor":24,"key":"Smiling Mask"},{"floor":26,"key":"Dodecahedron"}],"event_choices":[{"damage_healed":0,"gold_gain":75,"player_choice":"Gather Gold","damage_taken":11,"max_hp_gain":0,"max_hp_loss":0,"event_name":"World of Goop","floor":13,"gold_loss":0},{"damage_healed":0,"gold_gain":0,"player_choice":"Fight","damage_taken":0,"max_hp_gain":0,"max_hp_loss":0,"event_name":"Mysterious Sphere","floor":39,"gold_loss":0}],"is_beta":false,"boss_relics":[{"not_picked":["Coffee Dripper","Calling Bell"],"picked":"Runic Pyramid"},{"not_picked":["Eternal Feather","Sozu"],"picked":"Busted Crown"}],"items_purged_floors":[4,37],"is_endless":false,"potions_floor_spawned":[3,6,12,14,16,21,28,29,30,33],"killed_by":"2 Orb Walkers","ascension_level":0}