{"path_per_floor":["M","M","?","M","M","R","?","R","T","$","M","$","R","M","R"],"character_chosen":"DEFECT","items_purchased":["Defragment"],"gold_per_floor":[112,131,81,97,117,117,117,117,144,69,79,1,1,11,11,11],"floor_reached":16,"campfire_rested":0,"playtime":664,"item_purchase_floors":[12],"current_hp_per_floor":[67,67,67,67,63,63,63,63,63,63,60,60,60,56,56,0],"items_purged":["Strike_B"],"gold":11,"score":115,"play_id":"1bbfad3e-251b-4771-a396-5331697fb761","local_time":"20180609191157","is_prod":false,"is_daily":false,"chose_seed":false,"is_ascension_mode":true,"campfire_upgraded":4,"win_rate":0,"timestamp":1528596717,"campfire_choices":[{"data":"Zap","floor":6,"key":"SMITH"},{"data":"Go for the Eyes","floor":8,"key":"SMITH"},{"data":"Defragment","floor":13,"key":"SMITH"},{"data":"Defragment","floor":15,"key":"SMITH"}],"path_taken":["M","M","?","M","M","R","?","R","T","$","M","$","R","M","R","BOSS"],"build_version":"2018-06-07v3","seed_source_timestamp":17252660977436,"purchased_purges":1,"victory":false,"master_deck":["Strike_B","Strike_B","Defend_B","Defend_B","Defend_B","Defend_B","Zap+1","Dualcast","Genetic Algorithm","Go for the Eyes+1","Rebound","Defragment+1","Defragment+1","Self Repair"],"max_hp_per_floor":[68,68,68,68,68,68,68,68,68,68,68,68,68,68,68,68],"relics":["Cracked Core","Ginger","Vajra"],"card_choices":[{"not_picked":["Barrage","Reinforced Body"],"picked":"Genetic Algorithm","floor":1},{"not_picked":["Streamline","Doom and Gloom"],"picked":"Go for the Eyes","floor":2},{"not_picked":["Leap","Stack","Conserve Battery"],"picked":"SKIP","floor":4},{"not_picked":["Meteor Strike","Sweeping Beam"],"picked":"Rebound","floor":5},{"not_picked":["Gash","Redo"],"picked":"Defragment","floor":11},{"not_picked":["Steam","Reinforced Body"],"picked":"Self Repair","floor":14}],"player_experience":411994,"potions_floor_usage":[14],"damage_taken":[{"damage":1,"enemies":"2 Louse","floor":1,"turns":3},{"damage":0,"enemies":"Small Slimes","floor":2,"turns":3},{"damage":0,"enemies":"Jaw Worm","floor":4,"turns":4},{"damage":4,"enemies":"2 Fungi Beasts","floor":5,"turns":3},{"damage":3,"enemies":"Blue Slaver","floor":11,"turns":2},{"damage":4,"enemies":"Exordium Thugs","floor":14,"turns":4},{"damage":58,"enemies":"Slime Boss","floor":16,"turns":14}],"relics_obtained":[{"floor":9,"key":"Vajra"}],"event_choices":[{"event_name":"The Cleric","player_choice":"Card Removal","floor":3,"damage_taken":0},{"event_name":"Liars Game","player_choice":"disagreed","floor":7,"damage_taken":0}],"boss_relics":[],"items_purged_floors":[10],"potions_floor_spawned":[2,4],"seed_played":"-5605147444712299836","killed_by":"Slime Boss","ascension_level":5,"potions_obtained":[{"floor":2,"key":"Energy Potion"},{"floor":4,"key":"Poison Potion"}],"is_trial":false}