{"gold_per_floor":[119,7,7,18,35,35,67,16,16,16,16,16,32,112,112,112],"floor_reached":16,"playtime":2961,"items_purged":[],"score":186,"play_id":"5682caa8-29b5-4be0-869b-b404114510c7","local_time":"20190720143754","is_ascension_mode":true,"campfire_choices":[{"floor":6,"key":"REST"},{"data":"Zap","floor":10,"key":"SMITH"},{"data":"Hologram","floor":12,"key":"SMITH"},{"data":"Turbo","floor":15,"key":"SMITH"}],"neow_cost":"NONE","seed_source_timestamp":330757191856322,"circlet_count":0,"master_deck":["AscendersBane","Strike_B","Strike_B","Strike_B","Defend_B","Defend_B","Defend_B","Defend_B","Zap+1","Dualcast","Compile Driver","Capacitor","Barrage","Sweeping Beam","Self Repair","Hologram+1","Compile Driver","Turbo+1","Conserve Battery"],"relics":["Cracked Core","Dream Catcher","FossilizedHelix","WingedGreaves","The Courier"],"potions_floor_usage":[7],"damage_taken":[{"damage":0,"enemies":"Cultist","floor":1,"turns":3},{"damage":6,"enemies":"2 Louse","floor":4,"turns":4},{"damage":4,"enemies":"Jaw Worm","floor":5,"turns":4},{"damage":35,"enemies":"Lagavulin","floor":7,"turns":6},{"damage":11,"enemies":"Lots of Slimes","floor":13,"turns":4},{"damage":39,"enemies":"Hexaghost","floor":16,"turns":9}],"seed_played":"-5077377722913383708","potions_obtained":[{"floor":5,"key":"AttackPotion"}],"is_trial":false,"path_per_floor":["M","$","?","M","M","R","E","$","T","R","?","R","M","T","R","B"],"character_chosen":"DEFECT","items_purchased":["Capacitor","Barrage","Turbo"],"campfire_rested":1,"item_purchase_floors":[2,2,8],"current_hp_per_floor":[64,64,57,51,47,68,40,40,40,40,40,40,36,36,36,0],"gold":112,"neow_bonus":"RANDOM_COMMON_RELIC","is_prod":false,"is_daily":false,"chose_seed":false,"campfire_upgraded":3,"win_rate":0,"timestamp":1563658674,"path_taken":["M","$","?","M","M","R","E","$","T","R","?","R","M","?","R","BOSS"],"build_version":"2019-07-05","purchased_purges":0,"victory":false,"max_hp_per_floor":[71,71,71,71,71,71,71,71,71,71,71,71,71,71,71,71],"card_choices":[{"not_picked":["Leap","Go for the Eyes"],"picked":"Compile Driver","floor":1},{"not_picked":["Gash","Static Discharge"],"picked":"Sweeping Beam","floor":4},{"not_picked":["Coolheaded","Genetic Algorithm"],"picked":"Self Repair","floor":5},{"not_picked":["Steam","Static Discharge"],"picked":"Hologram","floor":6},{"not_picked":["Beam Cell","Lockon"],"picked":"Compile Driver","floor":7},{"not_picked":["Rebound","All For One"],"picked":"Conserve Battery","floor":13}],"player_experience":2256613,"relics_obtained":[{"floor":7,"key":"FossilizedHelix"},{"floor":9,"key":"WingedGreaves"},{"floor":14,"key":"The Courier"}],"event_choices":[{"cards_removed":["Strike_B"],"damage_healed":0,"gold_gain":0,"player_choice":"Card Removal","damage_taken":7,"max_hp_gain":0,"max_hp_loss":0,"event_name":"Golden Wing","floor":3,"gold_loss":0},{"damage_healed":0,"gold_gain":0,"player_choice":"Ignored","damage_taken":0,"max_hp_gain":0,"max_hp_loss":0,"event_name":"Liars Game","floor":11,"gold_loss":0}],"is_beta":false,"boss_relics":[],"items_purged_floors":[],"is_endless":false,"potions_floor_spawned":[5],"killed_by":"Hexaghost","ascension_level":18}