{"gold_per_floor":[119,136,85,97,116,142,152,187,187,187,215,215,215,215,215,311,311,330,18,38,38,38,38,52,62,85,85,102,102,116,116,116,116],"floor_reached":33,"playtime":2278,"items_purged":["Strike_R"],"score":452,"play_id":"bb9ba514-3fbd-4546-b551-dd427adc77d6","local_time":"20190119152748","is_ascension_mode":true,"campfire_choices":[{"floor":10,"key":"REST"},{"data":"Shockwave","floor":13,"key":"SMITH"},{"floor":15,"key":"REST"},{"data":"True Grit","floor":23,"key":"SMITH"},{"data":"Limit Break","floor":27,"key":"SMITH"},{"floor":29,"key":"DIG"},{"data":"Sword Boomerang","floor":32,"key":"SMITH"}],"neow_cost":"NONE","seed_source_timestamp":838946542035666,"circlet_count":0,"master_deck":["AscendersBane","Defend_R","Defend_R","Defend_R","Defend_R","Bash","Impatience","Power Through","Disarm","Shrug It Off","Inflame","Iron Wave","Warcry","Twin Strike","Shockwave+1","Inflame","Limit Break+1","Sword Boomerang+1","Mayhem","True Grit+1","RitualDagger","Infernal Blade","Combust+1","Corruption+1","Feed","Bite","Bite","Bite","Bite","Bite"],"relics":["Burning Blood","Shovel","Pear","The Courier","Strawberry","Meat on the Bone","Velvet Choker","Dream Catcher","Pen Nib","Vajra"],"potions_floor_usage":[7,11,11,25,30,33,33],"damage_taken":[{"damage":4,"enemies":"2 Louse","floor":1,"turns":3},{"damage":5,"enemies":"Small Slimes","floor":2,"turns":3},{"damage":7,"enemies":"Jaw Worm","floor":4,"turns":5},{"damage":5,"enemies":"Looter","floor":5,"turns":5},{"damage":26,"enemies":"Gremlin Nob","floor":6,"turns":5},{"damage":20,"enemies":"Lots of Slimes","floor":7,"turns":3},{"damage":25,"enemies":"Lagavulin","floor":8,"turns":8},{"damage":21,"enemies":"Gremlin Nob","floor":11,"turns":5},{"damage":49,"enemies":"The Guardian","floor":16,"turns":17},{"damage":31,"enemies":"Spheric Guardian","floor":18,"turns":6},{"damage":27,"enemies":"3 Byrds","floor":20,"turns":6},{"damage":15,"enemies":"Snecko","floor":24,"turns":6},{"damage":23,"enemies":"Centurion and Healer","floor":25,"turns":6},{"damage":26,"enemies":"Shelled Parasite and Fungi","floor":28,"turns":6},{"damage":9,"enemies":"Snecko","floor":30,"turns":4},{"damage":68,"enemies":"Automaton","floor":33,"turns":6}],"seed_played":"942642771430650295","potions_obtained":[{"floor":4,"key":"Ancient Potion"},{"floor":6,"key":"Explosive Potion"},{"floor":7,"key":"Block Potion"},{"floor":8,"key":"PowerPotion"},{"floor":16,"key":"SneckoOil"},{"floor":20,"key":"EssenceOfSteel"},{"floor":28,"key":"Block Potion"},{"floor":30,"key":"Weak Potion"}],"is_trial":false,"path_per_floor":["M","M","$","M","M","E","M","E","T","R","E","?","R","?","R","B",null,"M","$","M","?","?","R","M","M","T","R","M","R","M","?","R","B"],"character_chosen":"IRONCLAD","items_purchased":["Shrug It Off","Mayhem","Dream Catcher"],"campfire_rested":2,"item_purchase_floors":[3,19,19],"current_hp_per_floor":[74,75,75,74,75,55,41,32,32,59,51,51,51,51,80,49,85,60,60,51,45,45,45,48,43,43,43,35,35,44,44,44,0],"gold":116,"neow_bonus":"RANDOM_COLORLESS","is_prod":false,"is_daily":false,"chose_seed":false,"campfire_upgraded":4,"win_rate":0,"timestamp":1547940468,"path_taken":["M","M","$","M","M","E","M","E","T","R","E","?","R","?","R","BOSS","M","$","M","?","?","R","M","M","T","R","M","R","M","?","R","BOSS"],"build_version":"2019-01-17v2","purchased_purges":1,"victory":false,"max_hp_per_floor":[80,80,80,80,80,80,80,90,90,90,97,97,97,97,97,97,97,97,97,97,97,97,97,97,97,97,97,97,97,97,67,67,67],"card_choices":[{"not_picked":["Thunderclap","Warcry"],"picked":"Power Through","floor":1},{"not_picked":["Seeing Red","Intimidate"],"picked":"Disarm","floor":2},{"not_picked":["Clash","Second Wind"],"picked":"Inflame","floor":4},{"not_picked":["Pummel","Metallicize"],"picked":"Iron Wave","floor":5},{"not_picked":["Power Through","Clash"],"picked":"Warcry","floor":6},{"not_picked":["Flex","Cleave"],"picked":"Twin Strike","floor":7},{"not_picked":["Dark Embrace","Clothesline"],"picked":"Shockwave","floor":8},{"not_picked":["Whirlwind","Combust"],"picked":"Inflame","floor":11},{"not_picked":["Impervious","Barricade"],"picked":"Limit Break","floor":16},{"not_picked":["Metallicize","Armaments"],"picked":"Sword Boomerang","floor":18},{"not_picked":["Body Slam","Perfected Strike"],"picked":"True Grit","floor":20},{"not_picked":["Body Slam+1","Blood for Blood"],"picked":"Infernal Blade","floor":24},{"not_picked":["Anger","Uppercut"],"picked":"Combust+1","floor":25},{"not_picked":["Clothesline","Spot Weakness"],"picked":"Corruption+1","floor":28},{"not_picked":["Entrench","Perfected Strike"],"picked":"Feed","floor":30}],"player_experience":599857,"relics_obtained":[{"floor":6,"key":"Shovel"},{"floor":8,"key":"Pear"},{"floor":9,"key":"The Courier"},{"floor":11,"key":"Strawberry"},{"floor":26,"key":"Pen Nib"},{"floor":29,"key":"Vajra"}],"event_choices":[{"damage_healed":0,"gold_gain":0,"player_choice":"Searched \u00271\u0027 times","damage_taken":0,"relics_obtained":["Meat on the Bone"],"max_hp_gain":0,"max_hp_loss":0,"event_name":"Dead Adventurer","floor":12,"gold_loss":0},{"damage_healed":0,"gold_gain":0,"player_choice":"Ignored","damage_taken":0,"max_hp_gain":0,"max_hp_loss":0,"event_name":"Golden Wing","floor":14,"gold_loss":0},{"damage_healed":0,"gold_gain":0,"player_choice":"Joined the Cult","damage_taken":6,"max_hp_gain":0,"max_hp_loss":0,"event_name":"Nest","floor":21,"gold_loss":0,"cards_obtained":["RitualDagger"]},{"damage_healed":0,"gold_gain":0,"player_choice":"Ignored","damage_taken":0,"max_hp_gain":0,"max_hp_loss":0,"event_name":"Cursed Tome","floor":22,"gold_loss":0},{"damage_healed":0,"gold_gain":0,"player_choice":"Became a vampire","damage_taken":0,"max_hp_gain":0,"max_hp_loss":30,"event_name":"Vampires","floor":31,"gold_loss":0,"cards_obtained":["Bite","Bite","Bite","Bite","Bite"]}],"is_beta":false,"boss_relics":[{"not_picked":["Black Star","Calling Bell"],"picked":"Velvet Choker"}],"items_purged_floors":[19],"is_endless":false,"potions_floor_spawned":[4,6,7,8,16,20,28,30],"killed_by":"Automaton","ascension_level":12}