{"gold_per_floor":[118,32,42,16,16,16,50,50,73,105,121,138,138,153,153,153],"floor_reached":16,"playtime":2696,"items_purged":[],"score":257,"play_id":"7eeb3428-57ba-40de-b08c-5e1a353a094a","local_time":"20190721205843","is_ascension_mode":true,"campfire_choices":[{"data":"Zap","floor":6.0,"key":"SMITH"},{"data":"Loop","floor":8.0,"key":"SMITH"},{"floor":15,"key":"REST"}],"neow_cost":"NONE","seed_source_timestamp":0,"circlet_count":0,"master_deck":["AscendersBane","Strike_B","Strike_B+1","Strike_B","Strike_B","Defend_B","Defend_B","Defend_B","Defend_B","Zap+1","Dualcast","Loop+1","Glacier","Gash","Turbo","Electrodynamics","Sweeping Beam","Capacitor+1","Cold Snap"],"special_seed":0,"relics":["Cracked Core","NeowsBlessing","Bottled Lightning","Pen Nib","Shuriken"],"potions_floor_usage":[],"damage_taken":[{"damage":0.0,"enemies":"Jaw Worm","floor":1.0,"turns":1.0},{"damage":0.0,"enemies":"Cultist","floor":3.0,"turns":1.0},{"damage":0.0,"enemies":"3 Sentries","floor":7.0,"turns":1.0},{"damage":8.0,"enemies":"Gremlin Nob","floor":10.0,"turns":3.0},{"damage":4.0,"enemies":"Small Slimes","floor":11.0,"turns":3.0},{"damage":0.0,"enemies":"Gremlin Gang","floor":12.0,"turns":1.0},{"damage":16,"enemies":"2 Fungi Beasts","floor":14,"turns":3},{"damage":40,"enemies":"Hexaghost","floor":16,"turns":9}],"seed_played":"-8316838480072660098","potions_obtained":[{"floor":3.0,"key":"SkillPotion"},{"floor":5.0,"key":"Poison Potion"},{"floor":5.0,"key":"Fire Potion"},{"floor":11.0,"key":"Explosive Potion"},{"floor":14,"key":"Explosive Potion"}],"is_trial":false,"path_per_floor":["M","$","M","$","?","R","E","R","T","E","M","M","?","M","R","B"],"character_chosen":"DEFECT","items_purchased":["Loop","Gash"],"campfire_rested":1,"item_purchase_floors":[2,4],"current_hp_per_floor":[64,64,64,64,64,64,64,64,64,56,52,52,31,15,36,0],"gold":153,"neow_bonus":"THREE_ENEMY_KILL","is_prod":false,"is_daily":false,"chose_seed":false,"campfire_upgraded":2,"win_rate":0,"timestamp":1563767923,"path_taken":["M","$","M","$","?","R","E","R","T","E","M","M","?","M","R","BOSS"],"build_version":"2019-07-17","purchased_purges":0,"victory":false,"max_hp_per_floor":[71,71,71,71,71,71,71,71,71,71,71,71,71,71,71,71],"card_choices":[{"not_picked":["Beam Cell","Force Field","Aggregate"],"picked":"SKIP","floor":1.0},{"not_picked":["Coolheaded","Force Field"],"picked":"Glacier","floor":3.0},{"not_picked":["Double Energy","BootSequence"],"picked":"Turbo","floor":7.0},{"not_picked":["Force Field","Hello World"],"picked":"Electrodynamics","floor":10.0},{"not_picked":["Barrage","Redo"],"picked":"Sweeping Beam","floor":11.0},{"not_picked":["Rip and Tear","Steam Power"],"picked":"Capacitor","floor":12},{"not_picked":["Hologram","Reinforced Body"],"picked":"Cold Snap","floor":14}],"player_experience":2286859,"relics_obtained":[{"floor":7.0,"key":"Bottled Lightning"},{"floor":9.0,"key":"Pen Nib"},{"floor":10.0,"key":"Shuriken"}],"event_choices":[{"damage_healed":0.0,"max_hp_gain":0.0,"max_hp_loss":0.0,"gold_gain":0.0,"event_name":"Lab","player_choice":"Got Potions","floor":5.0,"gold_loss":0.0,"damage_taken":0.0},{"damage_healed":0,"gold_gain":0,"player_choice":"Entered Light","damage_taken":21,"max_hp_gain":0,"max_hp_loss":0,"event_name":"Shining Light","floor":13,"gold_loss":0,"cards_upgraded":["Strike_B","Capacitor"]}],"is_beta":false,"boss_relics":[],"items_purged_floors":[],"is_endless":false,"potions_floor_spawned":[3,11,14],"killed_by":"Hexaghost","ascension_level":18}