{"gold_per_floor":[119,131,131,151,163,163,198,210,268,280,308,320,15,31,31,126,176,189,189,189,99,115,150,166,166,220,237,287,318,334,347,347,452,452,466,479,111,127,137,137,172,185,209,237,237,247,273,67,67,67,67,67,29,57,57],"floor_reached":55,"playtime":4105,"items_purged":["Hyperbeam+1","Strike_B+1"],"score":864,"play_id":"e1446b3d-04e1-488a-bc3a-0e4a0e83f3dd","local_time":"20190817092442","is_ascension_mode":true,"campfire_choices":[{"data":"Zap","floor":6,"key":"SMITH"},{"data":"Go for the Eyes","floor":8,"key":"SMITH"},{"data":"Dualcast","floor":10,"key":"SMITH"},{"floor":15,"key":"REST"},{"data":"Hologram","floor":25,"key":"SMITH"},{"data":"Go for the Eyes","floor":32,"key":"SMITH"},{"data":"Steam","floor":40,"key":"SMITH"},{"floor":45,"key":"REST"},{"floor":49,"key":"RECALL"},{"data":"Thunder Strike","floor":52,"key":"SMITH"}],"neow_cost":"NONE","seed_source_timestamp":266758899270200,"circlet_count":0,"master_deck":["Defend_B+1","Defend_B+1","Defend_B+1","Zap+1","Dualcast+1","Ball Lightning+1","Go for the Eyes+1","Gash","FTL","Electrodynamics","Steam+1","Defragment+1","Thunder Strike+1","Glacier","Chill","Sweeping Beam+1","Leap","All For One","Coolheaded","Gash+1","BootSequence+1","Hologram+1","Chill+1","Core Surge","Gash","Go for the Eyes+1","Conserve Battery+1","Ball Lightning+1","Gash+1","Glacier+1","Panache","Steam","Gash+1","Capacitor+1","Beam Cell+1","Stack+1","Defragment","All For One+1"],"relics":["Cracked Core","Question Card","MawBank","Regal Pillow","Tiny House","Pantograph","Art of War","Smiling Mask","Astrolabe","Lantern","Darkstone Periapt","Molten Egg 2","Vajra","PreservedInsect","Blood Vial"],"potions_floor_usage":[7,18,23,23,23,27,39,41,44,50,54],"damage_taken":[{"damage":1,"enemies":"Jaw Worm","floor":1,"turns":3},{"damage":1,"enemies":"2 Louse","floor":2,"turns":2},{"damage":0,"enemies":"Cultist","floor":4,"turns":2},{"damage":14,"enemies":"Exordium Thugs","floor":5,"turns":4},{"damage":12,"enemies":"3 Sentries","floor":7,"turns":5},{"damage":0,"enemies":"2 Fungi Beasts","floor":11,"turns":2},{"damage":10,"enemies":"Looter","floor":14,"turns":2},{"damage":10,"enemies":"Slime Boss","floor":16,"turns":7},{"damage":3,"enemies":"Shell Parasite","floor":18,"turns":4},{"damage":0,"enemies":"Chosen","floor":22,"turns":5},{"damage":10,"enemies":"Slavers","floor":23,"turns":3},{"damage":5,"enemies":"Centurion and Healer","floor":24,"turns":3},{"damage":0,"enemies":"Snake Plant","floor":27,"turns":5},{"damage":15,"enemies":"Gremlin Leader","floor":29,"turns":7},{"damage":0,"enemies":"Cultist and Chosen","floor":30,"turns":5},{"damage":2,"enemies":"Shelled Parasite and Fungi","floor":31,"turns":5},{"damage":16,"enemies":"Collector","floor":33,"turns":8},{"damage":8,"enemies":"Orb Walker","floor":35,"turns":4},{"damage":0,"enemies":"3 Shapes","floor":36,"turns":3},{"damage":4,"enemies":"3 Darklings","floor":38,"turns":5},{"damage":0,"enemies":"Maw","floor":39,"turns":9},{"damage":34,"enemies":"Nemesis","floor":41,"turns":11},{"damage":0,"enemies":"Transient","floor":42,"turns":5},{"damage":18,"enemies":"Giant Head","floor":44,"turns":12},{"damage":8,"enemies":"Jaw Worm Horde","floor":46,"turns":5},{"damage":19,"enemies":"Nemesis","floor":47,"turns":7},{"damage":56,"enemies":"Time Eater","floor":50,"turns":16},{"damage":43,"enemies":"Shield and Spear","floor":54,"turns":9},{"damage":76,"enemies":"The Heart","floor":55,"turns":3}],"seed_played":"6708192293334293570","potions_obtained":[{"floor":1,"key":"EssenceOfSteel"},{"floor":4,"key":"EssenceOfSteel"},{"floor":11,"key":"Weak Potion"},{"floor":14,"key":"SpeedPotion"},{"floor":16,"key":"Energy Potion"},{"floor":18,"key":"Energy Potion"},{"floor":24,"key":"Block Potion"},{"floor":30,"key":"Block Potion"},{"floor":35,"key":"Dexterity Potion"},{"floor":38,"key":"Energy Potion"},{"floor":42,"key":"Regen Potion"},{"floor":46,"key":"Explosive Potion"}],"is_trial":false,"path_per_floor":["M","M","?","M","M","R","E","R","T","R","M","?","$","M","R","B",null,"M","?","?","?","M","E","M","R","T","M","?","E","M","M","R","B",null,"M","M","$","M","M","R","E","M","T","E","R","M","E","$","R","B",null,"R","$","E","B"],"character_chosen":"DEFECT","items_purchased":["Thunder Strike","Glacier","Chill","Sweeping Beam","Lantern","Panache","PreservedInsect","Defragment"],"campfire_rested":2,"item_purchase_floors":[13,13,13,13,37,37,48,53],"current_hp_per_floor":[74,73,70,70,56,56,44,44,44,44,44,44,44,34,71,61,80,77,77,62,62,62,52,47,47,47,47,47,32,32,30,30,39,85,77,77,77,73,73,73,39,39,39,35,75,67,48,48,48,17,85,85,85,42,0],"gold":57,"neow_bonus":"THREE_CARDS","is_prod":false,"is_daily":false,"chose_seed":false,"campfire_upgraded":7,"win_rate":0,"timestamp":1566059082,"path_taken":["M","M","?","M","M","R","E","R","T","R","M","?","?","?","R","BOSS","M","?","?","?","?","E","M","R","T","M","?","E","M","M","R","BOSS","M","M","$","M","M","R","E","M","T","E","R","?","E","$","R","BOSS","R","$","E","BOSS"],"build_version":"2019-08-15","purchased_purges":2,"victory":false,"max_hp_per_floor":[75,75,75,75,75,75,75,75,75,75,75,75,75,75,75,75,80,80,80,85,85,85,85,85,85,85,85,85,85,85,85,85,85,85,85,85,85,85,85,85,85,85,85,85,85,85,85,85,85,85,85,85,85,85,85],"card_choices":[{"not_picked":["Auto Shields","Aggregate"],"picked":"Ball Lightning","floor":0},{"not_picked":["Lockon","Redo"],"picked":"Go for the Eyes","floor":1},{"not_picked":["Compile Driver","Turbo"],"picked":"Gash","floor":2},{"not_picked":["Sunder","Consume","Loop"],"picked":"FTL","floor":4},{"not_picked":["Double Energy","Skim","Leap"],"picked":"Electrodynamics","floor":5},{"not_picked":["Fusion","Sweeping Beam","Loop"],"picked":"Steam","floor":7},{"not_picked":["Cold Snap","Barrage","Sweeping Beam"],"picked":"Defragment","floor":11},{"not_picked":["Redo","Aggregate","Double Energy"],"picked":"Leap","floor":14},{"not_picked":["Echo Form","Rainbow","Amplify"],"picked":"All For One","floor":16},{"not_picked":["Storm","Cold Snap","Sweeping Beam"],"picked":"Coolheaded","floor":17},{"not_picked":["Conserve Battery","Double Energy","BootSequence"],"picked":"Gash+1","floor":18},{"not_picked":["Loop","Scrape+1","Blizzard","Genetic Algorithm"],"picked":"SKIP","floor":22},{"not_picked":["Barrage","Fission","Beam Cell"],"picked":"BootSequence+1","floor":23},{"not_picked":["Fusion","Hello World","Rebound"],"picked":"Hologram","floor":24},{"not_picked":["Coolheaded","Doom and Gloom","Leap"],"picked":"Chill+1","floor":27},{"not_picked":["Reinforced Body","Coolheaded","Storm"],"picked":"Core Surge","floor":29},{"not_picked":["Stack","Recycle","Consume"],"picked":"Gash","floor":30},{"not_picked":["Storm+1","Conserve Battery","Stack"],"picked":"Go for the Eyes","floor":31},{"not_picked":["Conserve Battery+1","Rebound+1","Compile Driver"],"picked":"Gash+1","floor":35},{"not_picked":["Leap+1","Conserve Battery","Cold Snap+1"],"picked":"Glacier+1","floor":36},{"not_picked":["Barrage","Heatsinks+1","Conserve Battery"],"picked":"Steam","floor":38},{"not_picked":["Aggregate","Rebound+1","Consume+1"],"picked":"Gash+1","floor":39},{"not_picked":["Rebound+1","Double Energy","Storm","Reboot"],"picked":"SKIP","floor":41},{"not_picked":["BootSequence+1","Turbo+1","Rip and Tear+1"],"picked":"Capacitor+1","floor":42},{"not_picked":["Streamline+1","Darkness+1","Double Energy","Auto Shields+1"],"picked":"SKIP","floor":44},{"not_picked":["Chill","Fusion+1","Sweeping Beam+1"],"picked":"Beam Cell+1","floor":46},{"not_picked":["Reinforced Body","Machine Learning","Auto Shields+1"],"picked":"Stack+1","floor":47},{"not_picked":["Redo","Stack+1","Chill+1"],"picked":"All For One+1","floor":54}],"player_experience":1403188,"relics_obtained":[{"floor":7,"key":"MawBank"},{"floor":9,"key":"Regal Pillow"},{"floor":23,"key":"Pantograph"},{"floor":26,"key":"Art of War"},{"floor":29,"key":"Smiling Mask"},{"floor":41,"key":"Darkstone Periapt"},{"floor":44,"key":"Molten Egg 2"},{"floor":47,"key":"Vajra"},{"floor":54,"key":"Blood Vial"}],"event_choices":[{"damage_healed":0,"gold_gain":0,"player_choice":"Success","damage_taken":3,"relics_obtained":["Question Card"],"max_hp_gain":0,"max_hp_loss":0,"event_name":"Scrap Ooze","floor":3,"gold_loss":0},{"damage_healed":0,"gold_gain":0,"player_choice":"Grow","damage_taken":0,"max_hp_gain":0,"max_hp_loss":0,"event_name":"Living Wall","floor":12,"gold_loss":0,"cards_upgraded":["Defragment"]},{"damage_healed":0,"gold_gain":0,"player_choice":"Simplicity","damage_taken":0,"max_hp_gain":0,"max_hp_loss":0,"event_name":"Back to Basics","floor":19,"gold_loss":0,"cards_upgraded":["Strike_B","Strike_B","Strike_B","Strike_B","Defend_B","Defend_B","Defend_B","Defend_B"]},{"damage_healed":0,"gold_gain":0,"player_choice":"Shed Blood","damage_taken":20,"max_hp_gain":5,"max_hp_loss":0,"event_name":"Forgotten Altar","floor":20,"gold_loss":0},{"cards_removed":["Strike_B"],"damage_healed":0,"gold_gain":0,"player_choice":"Upgrade and Remove","damage_taken":0,"max_hp_gain":0,"max_hp_loss":0,"event_name":"Designer","floor":21,"gold_loss":90,"cards_upgraded":["Ball Lightning"]},{"damage_healed":0,"gold_gain":100,"player_choice":"Bet on Murderer","damage_taken":0,"max_hp_gain":0,"max_hp_loss":0,"event_name":"The Joust","floor":28,"gold_loss":50}],"is_beta":true,"boss_relics":[{"not_picked":["Ectoplasm","White Beast Statue"],"picked":"Tiny House"},{"not_picked":["Busted Crown","Cursed Key"],"picked":"Astrolabe"}],"items_purged_floors":[37,48],"is_endless":false,"potions_floor_spawned":[1,4,11,14,16,18,24,30,35,38,42,46],"killed_by":"The Heart","ascension_level":1}