{"gold_per_floor":[213,233,21,21,21,21,46,58,58,93,93,121,138,166,166,242,242,259,269,269,194,194,194,24,88,88,103,103,115,143,171,171,248,248,258,307,5,16,238,238,238,270,270,298,298,87,113,131,131,131,131,131,131,1,1],"floor_reached":55,"playtime":2503,"items_purged":["Flex","Heavy Blade"],"score":2159,"play_id":"bf1d62c2-47be-4df5-a0be-d440a136f249","local_time":"20191017000044","is_ascension_mode":true,"campfire_choices":[{"floor":6.0,"key":"REST"},{"data":"Bash","floor":11.0,"key":"SMITH"},{"data":"Corruption","floor":15.0,"key":"SMITH"},{"floor":23.0,"key":"REST"},{"data":"Evolve","floor":28.0,"key":"SMITH"},{"floor":32.0,"key":"REST"},{"data":"Corruption","floor":40.0,"key":"SMITH"},{"floor":49,"key":"RECALL"},{"data":"True Grit","floor":53,"key":"SMITH"}],"neow_cost":"NONE","seed_source_timestamp":590273245401294,"circlet_count":0,"master_deck":["AscendersBane","Strike_R+1","Strike_R+1","Strike_R+1","Defend_R+1","Defend_R+1","Defend_R+1","Defend_R+1","Clothesline","Cleave","Thunderclap","Limit Break","Anger","Corruption+1","Limit Break","Feel No Pain","Evolve+1","Impervious","True Grit+1","True Grit","Shockwave+1","Pummel","Reaper","Corruption+1","Reaper","Reaper","Impervious"],"special_seed":0,"relics":["Burning Blood","Brimstone","Unceasing Top","The Courier","Dead Branch","Potion Belt","Bottled Lightning","Mummified Hand","Eternal Feather","Strange Spoon","Tiny Chest","Oddly Smooth Stone","Darkstone Periapt","Red Mask","Busted Crown","Turnip","Juzu Bracelet","Blood Vial","Frozen Egg 2","Bag of Preparation"],"potions_floor_usage":[],"damage_taken":[{"damage":7.0,"enemies":"2 Louse","floor":1.0,"turns":3.0},{"damage":7.0,"enemies":"Small Slimes","floor":2.0,"turns":4.0},{"damage":7.0,"enemies":"Gremlin Nob","floor":7.0,"turns":3.0},{"damage":9.0,"enemies":"Jaw Worm","floor":8.0,"turns":2.0},{"damage":24.0,"enemies":"Lagavulin","floor":10.0,"turns":5.0},{"damage":10.0,"enemies":"Gremlin Nob","floor":12.0,"turns":3.0},{"damage":0.0,"enemies":"2 Fungi Beasts","floor":13.0,"turns":2.0},{"damage":0.0,"enemies":"Lagavulin","floor":14.0,"turns":4.0},{"damage":47.0,"enemies":"The Guardian","floor":16.0,"turns":7.0},{"damage":29.0,"enemies":"Spheric Guardian","floor":18.0,"turns":4.0},{"damage":27.0,"enemies":"Shell Parasite","floor":19.0,"turns":4.0},{"damage":7.0,"enemies":"Gremlin Leader","floor":25.0,"turns":4.0},{"damage":0.0,"enemies":"3 Cultists","floor":27.0,"turns":3.0},{"damage":11.0,"enemies":"Snecko","floor":29.0,"turns":4.0},{"damage":0.0,"enemies":"Slavers","floor":30.0,"turns":3.0},{"damage":36.0,"enemies":"Masked Bandits","floor":31.0,"turns":6.0},{"damage":17.0,"enemies":"Champ","floor":33.0,"turns":5.0},{"damage":8.0,"enemies":"3 Shapes","floor":35.0,"turns":3.0},{"damage":4.0,"enemies":"2 Orb Walkers","floor":36.0,"turns":3.0},{"damage":7.0,"enemies":"3 Darklings","floor":38.0,"turns":4.0},{"damage":0.0,"enemies":"Giant Head","floor":42.0,"turns":4.0},{"damage":35,"enemies":"Nemesis","floor":44,"turns":5},{"damage":21,"enemies":"Giant Head","floor":47,"turns":5},{"damage":7,"enemies":"4 Shapes","floor":48,"turns":5},{"damage":45,"enemies":"Time Eater","floor":50,"turns":6},{"damage":57,"enemies":"Awakened One","floor":51,"turns":6},{"damage":76,"enemies":"Shield and Spear","floor":55,"turns":2}],"seed_played":"6658742075514995047","potions_obtained":[{"floor":1.0,"key":"BloodPotion"},{"floor":7.0,"key":"Energy Potion"},{"floor":13.0,"key":"PowerPotion"},{"floor":19.0,"key":"BloodPotion"},{"floor":27.0,"key":"SkillPotion"},{"floor":29.0,"key":"LiquidBronze"},{"floor":31.0,"key":"BloodPotion"}],"is_trial":false,"path_per_floor":["M","M","$","?","?","R","E","M","T","E","R","E","M","E","R","B",null,"M","M","?","?","?","R","$","E","T","M","R","M","E","?","R","B",null,"M","?","$","M","?","R","?","E","T","E","?","$","E","M","R","B","B",null,"R","$","E"],"character_chosen":"IRONCLAD","items_purchased":["Brimstone","Strange Spoon","Reaper","Reaper","Impervious","Bag of Preparation"],"campfire_rested":3,"item_purchase_floors":[3,24,37,37,46,54],"current_hp_per_floor":[67,66,66,48,25,47,46,43,43,25,25,21,27,33,33,10,59,36,15,15,15,15,46,46,45,45,51,63,58,64,34,68,57,71,69,75,75,75,75,75,75,75,75,47,47,47,75,75,75,75,75,75,75,75,0],"gold":1,"neow_bonus":"HUNDRED_GOLD","is_prod":false,"is_daily":false,"chose_seed":false,"campfire_upgraded":5,"win_rate":0,"timestamp":1571238044,"path_taken":["M","M","$","?","?","R","E","M","T","E","R","E","M","E","R","BOSS","M","M","?","?","?","R","$","E","T","M","R","M","E","?","R","BOSS","M","?","$","M","?","R","?","E","T","E","?","?","E","M","R","BOSS","BOSS","R","$","E"],"build_version":"2019-07-17","purchased_purges":2,"victory":false,"max_hp_per_floor":[75,75,75,75,75,75,75,75,75,75,75,75,75,75,75,75,75,75,75,75,75,75,75,75,75,75,75,75,75,75,75,75,75,75,75,75,75,75,75,75,75,75,75,75,75,75,75,75,75,75,75,75,75,75,75],"card_choices":[{"not_picked":["Reckless Charge","Havoc"],"picked":"Clothesline","floor":1.0},{"not_picked":["Wild Strike","Uppercut"],"picked":"Cleave","floor":2.0},{"not_picked":["Cleave","True Grit"],"picked":"Thunderclap","floor":7.0},{"not_picked":["Pommel Strike","Clothesline","Ghostly Armor"],"picked":"SKIP","floor":8.0},{"not_picked":["Burning Pact","Body Slam"],"picked":"Limit Break","floor":10.0},{"not_picked":["Twin Strike","Body Slam","Cleave"],"picked":"SKIP","floor":12.0},{"not_picked":["Twin Strike","Body Slam","Cleave"],"picked":"SKIP","floor":12.0},{"not_picked":["Spot Weakness","Headbutt"],"picked":"Anger","floor":13.0},{"not_picked":["Metallicize","Carnage"],"picked":"Corruption","floor":14.0},{"not_picked":["Brutality","Juggernaut"],"picked":"Limit Break","floor":16.0},{"not_picked":["Flex","Perfected Strike","Uppercut"],"picked":"SKIP","floor":18.0},{"not_picked":["Havoc","Headbutt+1"],"picked":"Feel No Pain","floor":19.0},{"not_picked":["True Grit","Pommel Strike"],"picked":"Impervious","floor":25.0},{"not_picked":["Clash","Clothesline"],"picked":"True Grit","floor":27.0},{"not_picked":["Blood for Blood","Flex"],"picked":"True Grit","floor":29.0},{"not_picked":["Iron Wave+1","Brutality"],"picked":"Shockwave","floor":30.0},{"not_picked":["Clothesline+1","Inflame"],"picked":"Pummel","floor":31.0},{"not_picked":["Brutality","Dark Embrace"],"picked":"Reaper","floor":33.0},{"not_picked":["Searing Blow"],"picked":"SKIP","floor":35.0},{"not_picked":[],"picked":"Corruption","floor":36.0},{"not_picked":["Heavy Blade+1"],"picked":"SKIP","floor":38.0},{"not_picked":["Inflame"],"picked":"SKIP","floor":42.0},{"not_picked":["Clash"],"picked":"SKIP","floor":44},{"not_picked":["Clash+1"],"picked":"SKIP","floor":47},{"not_picked":["Headbutt"],"picked":"SKIP","floor":48}],"player_experience":2117615,"relics_obtained":[{"floor":7.0,"key":"The Courier"},{"floor":9.0,"key":"Dead Branch"},{"floor":10.0,"key":"Potion Belt"},{"floor":12.0,"key":"Bottled Lightning"},{"floor":14.0,"key":"Mummified Hand"},{"floor":25.0,"key":"Tiny Chest"},{"floor":26.0,"key":"Oddly Smooth Stone"},{"floor":30.0,"key":"Darkstone Periapt"},{"floor":31.0,"key":"Red Mask"},{"floor":36.0,"key":"Turnip"},{"floor":42.0,"key":"Juzu Bracelet"},{"floor":44,"key":"Blood Vial"},{"floor":47,"key":"Frozen Egg 2"}],"event_choices":[{"damage_healed":0.0,"max_hp_gain":0.0,"max_hp_loss":0.0,"gold_gain":0.0,"event_name":"Scrap Ooze","player_choice":"Success","floor":4.0,"gold_loss":0.0,"damage_taken":18.0,"relics_obtained":["Unceasing Top"]},{"damage_healed":0.0,"max_hp_gain":0.0,"max_hp_loss":0.0,"gold_gain":0.0,"event_name":"Shining Light","player_choice":"Entered Light","floor":5.0,"gold_loss":0.0,"damage_taken":23.0,"cards_upgraded":["Defend_R","Strike_R"]},{"damage_healed":0.0,"max_hp_gain":0.0,"max_hp_loss":0.0,"gold_gain":0.0,"event_name":"Back to Basics","player_choice":"Simplicity","floor":20.0,"gold_loss":0.0,"damage_taken":0.0,"cards_upgraded":["Strike_R","Strike_R","Strike_R","Strike_R","Defend_R","Defend_R","Defend_R"]},{"cards_removed":["Bash"],"damage_healed":0.0,"max_hp_gain":0.0,"max_hp_loss":0.0,"gold_gain":0.0,"event_name":"Beggar","player_choice":"Gave Gold","floor":21.0,"gold_loss":75.0,"damage_taken":0.0},{"damage_healed":0.0,"max_hp_gain":0.0,"max_hp_loss":0.0,"gold_gain":0.0,"cards_transformed":["Strike_R","Strike_R"],"event_name":"Drug Dealer","player_choice":"Became Test Subject","floor":22.0,"gold_loss":0.0,"damage_taken":0.0,"cards_obtained":["Evolve","Flex"]},{"damage_healed":0.0,"max_hp_gain":0.0,"max_hp_loss":0.0,"gold_gain":0.0,"event_name":"Masked Bandits","player_choice":"Fought Bandits","floor":31.0,"gold_loss":0.0,"damage_taken":0.0},{"damage_healed":0.0,"max_hp_gain":0.0,"max_hp_loss":0.0,"gold_gain":0.0,"event_name":"Mysterious Sphere","player_choice":"Fight","floor":36.0,"gold_loss":0.0,"damage_taken":0.0},{"damage_healed":0.0,"max_hp_gain":0.0,"max_hp_loss":0.0,"gold_gain":222.0,"event_name":"Tomb of Lord Red Mask","player_choice":"Wore Mask","floor":39.0,"gold_loss":0.0,"damage_taken":0.0},{"damage_healed":0.0,"max_hp_gain":0.0,"max_hp_loss":0.0,"gold_gain":0.0,"event_name":"Accursed Blacksmith","player_choice":"Forge","floor":41.0,"gold_loss":0.0,"damage_taken":0.0,"cards_upgraded":["Shockwave"]},{"damage_healed":0,"gold_gain":0,"player_choice":"1 cards matched","damage_taken":0,"max_hp_gain":0,"max_hp_loss":0,"event_name":"Match and Keep!","floor":45,"gold_loss":0,"cards_obtained":["Heavy Blade"]}],"is_beta":false,"boss_relics":[{"not_picked":["Sozu","Velvet Choker"],"picked":"Eternal Feather"},{"not_picked":["Mark of Pain","Coffee Dripper"],"picked":"Busted Crown"}],"items_purged_floors":[37,46],"is_endless":false,"potions_floor_spawned":[1,7,8,13,19,27,29,30,31,38,47],"killed_by":"Shield and Spear","ascension_level":20}