{"gold_per_floor":[113,5,23,23,36,36,55,55,78,78,110,110,138,156,156,251,301,317,36,36,51,61,61],"floor_reached":23,"playtime":1068,"items_purged":[],"score":211,"play_id":"1b6a05b3-195d-4c05-9788-f31649889c34","local_time":"20190823185550","is_ascension_mode":true,"campfire_choices":[{"data":"Envenom","floor":6,"key":"SMITH"},{"data":"Neutralize","floor":8,"key":"SMITH"},{"data":"Footwork","floor":10,"key":"SMITH"},{"data":"Backflip","floor":15,"key":"SMITH"}],"neow_cost":"NONE","seed_source_timestamp":74932148148700,"circlet_count":0,"master_deck":["Strike_G+1","Strike_G","Strike_G","Defend_G","Defend_G","Defend_G","Defend_G","Defend_G","Survivor","Neutralize+1","Envenom+1","Well Laid Plans","Footwork","Predator","Deadly Poison","Footwork+1","Dagger Spray","Backflip+1","Flying Knee","Glass Knife","Blade Dance","Blade Dance","Accuracy+1","Choke+1","Dagger Spray+1"],"relics":["Ring of the Snake","Boot","Bronze Scales","Bottled Lightning","Tiny House","Toxic Egg 2"],"potions_floor_usage":[14,16,21,21],"damage_taken":[{"damage":1,"enemies":"Cultist","floor":1,"turns":4},{"damage":3,"enemies":"2 Louse","floor":3,"turns":3},{"damage":3,"enemies":"Jaw Worm","floor":5,"turns":4},{"damage":0,"enemies":"Red Slaver","floor":7,"turns":4},{"damage":6,"enemies":"3 Sentries","floor":11,"turns":9},{"damage":7,"enemies":"Lagavulin","floor":13,"turns":7},{"damage":6,"enemies":"Lots of Slimes","floor":14,"turns":2},{"damage":16,"enemies":"Slime Boss","floor":16,"turns":13},{"damage":2,"enemies":"3 Byrds","floor":18,"turns":3},{"damage":31,"enemies":"Spheric Guardian","floor":21,"turns":6},{"damage":9,"enemies":"Centurion and Healer","floor":22,"turns":7},{"damage":56,"enemies":"Gremlin Leader","floor":23,"turns":5}],"seed_played":"900293701360399915","potions_obtained":[{"floor":5,"key":"Regen Potion"},{"floor":11,"key":"Explosive Potion"},{"floor":13,"key":"FairyPotion"},{"floor":16,"key":"Strength Potion"},{"floor":17,"key":"Poison Potion"}],"is_trial":false,"path_per_floor":["M","$","M","?","M","R","M","R","T","R","E","?","E","M","R","B",null,"M","$","?","M","M","E"],"character_chosen":"THE_SILENT","items_purchased":["Footwork","Predator","Accuracy","Toxic Egg 2"],"campfire_rested":0,"item_purchase_floors":[2,2,19,19],"current_hp_per_floor":[69,69,66,66,63,63,63,63,63,63,57,57,50,44,44,43,75,73,73,73,42,33,0],"gold":61,"neow_bonus":"ONE_RANDOM_RARE_CARD","is_prod":false,"is_daily":false,"chose_seed":false,"campfire_upgraded":4,"win_rate":0,"timestamp":1566611750,"path_taken":["M","?","M","?","?","R","M","R","T","R","E","?","E","M","R","BOSS","M","$","?","?","M","E"],"build_version":"2019-08-15","purchased_purges":0,"victory":false,"max_hp_per_floor":[70,70,70,70,70,70,70,70,70,70,70,70,70,70,70,70,75,75,75,75,75,75,75],"card_choices":[{"not_picked":["Deflect","Acrobatics"],"picked":"Well Laid Plans","floor":1},{"not_picked":["Underhanded Strike","Flechettes"],"picked":"Deadly Poison","floor":3},{"not_picked":["Sucker Punch","Infinite Blades"],"picked":"Footwork","floor":5},{"not_picked":["Quick Slash","Flying Knee"],"picked":"Dagger Spray","floor":7},{"not_picked":["Sucker Punch","Concentrate","Acrobatics"],"picked":"SKIP","floor":11},{"not_picked":["Predator","Blur"],"picked":"Backflip","floor":13},{"not_picked":["Expertise","Bane"],"picked":"Flying Knee","floor":14},{"not_picked":["Phantasmal Killer","Grand Finale"],"picked":"Glass Knife","floor":16},{"not_picked":["Underhanded Strike","Skewer"],"picked":"Blade Dance","floor":17},{"not_picked":["Predator","PiercingWail"],"picked":"Blade Dance","floor":18},{"not_picked":["Dagger Throw","Distraction+1"],"picked":"Choke+1","floor":21},{"not_picked":["Sucker Punch+1","Deadly Poison+1"],"picked":"Dagger Spray+1","floor":22}],"player_experience":1420449,"relics_obtained":[{"floor":9,"key":"Boot"},{"floor":11,"key":"Bronze Scales"},{"floor":13,"key":"Bottled Lightning"}],"event_choices":[{"cards_removed":["Strike_G"],"damage_healed":0,"gold_gain":0,"player_choice":"Purged","damage_taken":0,"max_hp_gain":0,"max_hp_loss":0,"event_name":"Purifier","floor":4,"gold_loss":0},{"cards_removed":["Strike_G"],"damage_healed":0,"gold_gain":0,"player_choice":"Offered Basic","damage_taken":0,"max_hp_gain":0,"max_hp_loss":0,"event_name":"Bonfire Elementals","floor":12,"gold_loss":0},{"damage_healed":0,"gold_gain":0,"player_choice":"Upgraded","damage_taken":0,"max_hp_gain":0,"max_hp_loss":0,"event_name":"Upgrade Shrine","floor":20,"gold_loss":0,"cards_upgraded":["Accuracy"]}],"is_beta":true,"boss_relics":[{"not_picked":["Cursed Key","Runic Pyramid"],"picked":"Tiny House"}],"items_purged_floors":[],"is_endless":false,"potions_floor_spawned":[5,11,13,16],"killed_by":"Gremlin Leader","ascension_level":1}