{"gold_per_floor":[112,124,124,138,57,57,91,102,125,50,60,60,60,74,74,150,150,165,179,179,191,116,116,116,116,116,132,132,162,7,17,17,90,90,108,108],"floor_reached":36,"playtime":22140,"items_purged":["Dualcast"],"score":710,"play_id":"935fa530-d044-42d2-af10-a5ebe53683f9","local_time":"20190630132545","is_ascension_mode":true,"campfire_choices":[{"data":"Glacier","floor":6.0,"key":"SMITH"},{"data":"Hologram","floor":12.0,"key":"SMITH"},{"data":"Conserve Battery","floor":15.0,"key":"SMITH"},{"data":"Defragment","floor":23.0,"key":"SMITH"},{"data":"Rainbow","floor":25.0,"key":"SMITH"},{"data":"Barrage","floor":28.0,"key":"SMITH"},{"floor":32.0,"key":"REST"}],"neow_cost":"NONE","seed_source_timestamp":0,"circlet_count":0,"master_deck":["AscendersBane","Strike_B","Strike_B","Strike_B","Defend_B","Defend_B","Defend_B","Defend_B","Zap+1","Cold Snap","Glacier+1","Conserve Battery+1","Hologram+1","Rainbow+1","Defragment+1","White Noise","Barrage+1","Electrodynamics","Capacitor","White Noise","Darkness+1","Recycle+1"],"special_seed":0,"relics":["Cracked Core","NeowsBlessing","Pen Nib","Bag of Preparation","Runic Pyramid","MutagenicStrength","Shuriken","Dream Catcher","Busted Crown"],"potions_floor_usage":[],"damage_taken":[{"damage":0.0,"enemies":"Small Slimes","floor":1.0,"turns":1.0},{"damage":0.0,"enemies":"Cultist","floor":2.0,"turns":1.0},{"damage":0.0,"enemies":"Jaw Worm","floor":4.0,"turns":1.0},{"damage":1.0,"enemies":"Lagavulin","floor":7.0,"turns":9.0},{"damage":0.0,"enemies":"Blue Slaver","floor":8.0,"turns":4.0},{"damage":0.0,"enemies":"2 Fungi Beasts","floor":11.0,"turns":4.0},{"damage":0.0,"enemies":"Gremlin Gang","floor":14.0,"turns":3.0},{"damage":44.0,"enemies":"The Guardian","floor":16.0,"turns":20.0},{"damage":4.0,"enemies":"Chosen","floor":18.0,"turns":5.0},{"damage":8.0,"enemies":"Shell Parasite","floor":19.0,"turns":9.0},{"damage":7.0,"enemies":"Sentry and Sphere","floor":21.0,"turns":7.0},{"damage":0.0,"enemies":"Chosen and Byrds","floor":27.0,"turns":7.0},{"damage":4.0,"enemies":"Book of Stabbing","floor":29.0,"turns":6.0},{"damage":31.0,"enemies":"Snake Plant","floor":31.0,"turns":5.0},{"damage":3.0,"enemies":"Champ","floor":33.0,"turns":9.0},{"damage":57,"enemies":"3 Darklings","floor":35,"turns":6},{"damage":9,"enemies":"Orb Walker","floor":36,"turns":3}],"seed_played":"1469351225802544425","potions_obtained":[{"floor":1.0,"key":"Block Potion"},{"floor":4.0,"key":"Strength Potion"},{"floor":7.0,"key":"Explosive Potion"},{"floor":16.0,"key":"Regen Potion"},{"floor":27.0,"key":"EssenceOfSteel"},{"floor":31.0,"key":"Block Potion"}],"is_trial":false,"path_per_floor":["M","M","?","M","$","R","E","M","T","$","M","R","$","M","R","B",null,"M","M","?","M","?","R","?","R","T","M","R","E","$","M","R","B",null,"M","M"],"character_chosen":"DEFECT","items_purchased":["Glacier","Capacitor","White Noise"],"campfire_rested":1,"item_purchase_floors":[5,30,30],"current_hp_per_floor":[64,64,64,64,64,64,63,63,63,63,63,63,63,63,63,19,58,54,46,46,39,39,39,39,39,39,54,54,50,50,19,40,37,63,6,0],"gold":108,"neow_bonus":"THREE_ENEMY_KILL","is_prod":false,"is_daily":false,"chose_seed":false,"campfire_upgraded":6,"win_rate":0,"timestamp":1561926345,"path_taken":["M","M","?","?","$","R","E","M","T","$","M","R","?","M","R","BOSS","M","M","?","M","?","R","?","R","T","M","R","E","$","M","R","BOSS","M","?"],"build_version":"2019-01-23","purchased_purges":1,"victory":false,"max_hp_per_floor":[71,71,71,71,71,71,71,71,71,71,71,71,71,71,71,71,71,71,71,71,71,71,71,71,71,71,71,71,71,71,71,71,71,71,71,71],"card_choices":[{"not_picked":["Static Discharge","Rebound","Streamline"],"picked":"SKIP","floor":1.0},{"not_picked":["Turbo","Sweeping Beam","Fission"],"picked":"SKIP","floor":2.0},{"not_picked":["Undo","Doom and Gloom"],"picked":"Cold Snap","floor":4.0},{"not_picked":["Creative AI","Beam Cell"],"picked":"Conserve Battery","floor":7.0},{"not_picked":["Sweeping Beam","Darkness"],"picked":"Hologram","floor":8.0},{"not_picked":["Tempest","Cold Snap","Gash"],"picked":"SKIP","floor":11.0},{"not_picked":["Cold Snap","Hello World","Auto Shields"],"picked":"SKIP","floor":14.0},{"not_picked":["Fission","Amplify"],"picked":"Rainbow","floor":16.0},{"not_picked":["Cold Snap","Leap"],"picked":"Defragment","floor":18.0},{"not_picked":["Compile Driver","Sweeping Beam"],"picked":"White Noise","floor":19.0},{"not_picked":["Reinforced Body","Auto Shields","Fusion"],"picked":"SKIP","floor":21.0},{"not_picked":["Steam Power","Conserve Battery+1"],"picked":"Barrage","floor":27.0},{"not_picked":["Aggregate","Hologram+1"],"picked":"Electrodynamics","floor":29.0},{"not_picked":["Ball Lightning","Compile Driver+1"],"picked":"Darkness+1","floor":31.0},{"not_picked":[],"picked":"Recycle+1","floor":35}],"player_experience":1535495,"relics_obtained":[{"floor":7.0,"key":"Pen Nib"},{"floor":9.0,"key":"Bag of Preparation"},{"floor":26.0,"key":"Shuriken"},{"floor":29.0,"key":"Dream Catcher"}],"event_choices":[{"damage_healed":0.0,"max_hp_gain":0.0,"max_hp_loss":0.0,"gold_gain":0.0,"event_name":"Accursed Blacksmith","player_choice":"Forge","floor":3.0,"gold_loss":0.0,"damage_taken":0.0,"cards_upgraded":["Zap"]},{"damage_healed":0.0,"max_hp_gain":0.0,"max_hp_loss":0.0,"gold_gain":0.0,"event_name":"Drug Dealer","player_choice":"Inject Mutagens","floor":20.0,"gold_loss":0.0,"damage_taken":0.0,"relics_obtained":["MutagenicStrength"]},{"cards_removed":["Strike_B"],"damage_healed":0.0,"max_hp_gain":0.0,"max_hp_loss":0.0,"gold_gain":0.0,"event_name":"Beggar","player_choice":"Gave Gold","floor":22.0,"gold_loss":75.0,"damage_taken":0.0},{"damage_healed":0.0,"max_hp_gain":0.0,"max_hp_loss":0.0,"gold_gain":0.0,"event_name":"Match and Keep!","player_choice":"0 cards matched","floor":24.0,"gold_loss":0.0,"damage_taken":0.0,"cards_obtained":[]}],"is_beta":false,"boss_relics":[{"not_picked":["White Beast Statue","Snecko Eye"],"picked":"Runic Pyramid"},{"not_picked":["Runic Dome","Empty Cage"],"picked":"Busted Crown"}],"items_purged_floors":[10],"is_endless":false,"potions_floor_spawned":[1,4,7,16,19,27,31],"killed_by":"Orb Walker","ascension_level":17}