{"gold_per_floor":[110,110,110,120,120,149,149,175,201,201,211,227,244,261,261,365,365,382,382,397,6,105,105,82,93,117,117,148,148,159,174,174,271,271,283,283,296,195,208,237,253,253,306,306,323,323,340,355,355,355],"floor_reached":51,"playtime":4916,"items_purged":[],"score":736,"play_id":"b2a4e84a-f4ad-41c7-be2b-5141cc8411f6","local_time":"20181007144434","is_ascension_mode":false,"campfire_choices":[{"floor":10,"key":"REST"},{"data":"Glacier","floor":15,"key":"SMITH"},{"data":"Beam Cell","floor":23,"key":"SMITH"},{"data":"Blizzard","floor":29,"key":"SMITH"},{"data":"Defragment","floor":32,"key":"SMITH"},{"data":"Hologram","floor":44,"key":"SMITH"},{"floor":49,"key":"REST"}],"neow_cost":"NONE","seed_source_timestamp":796418136212317,"circlet_count":0,"master_deck":["Strike_B","Strike_B","Strike_B","Strike_B","Defend_B","Defend_B","Defend_B","Zap","Chill","Chill","BootSequence","Sweeping Beam+1","Self Repair","Compile Driver+1","Double Energy","Blizzard+1","Skim","Glacier+1","Rainbow","Static Discharge","Decay","Beam Cell+1","Glacier","Rebound","Defragment+1","White Noise+1","Seek","Beam Cell+1","Hologram+1","Stack+1","Blind","Melter","Hologram+1","Blizzard+1","Barrage+1"],"relics":["Cracked Core","Oddly Smooth Stone","FossilizedHelix","Whetstone","Nuclear Battery","Incense Burner","DataDisk","Bird Faced Urn","Inserter","Peace Pipe","Dream Catcher","Happy Flower","Shuriken"],"potions_floor_usage":[8,8,16,50],"damage_taken":[{"damage":3,"enemies":"Cultist","floor":1,"turns":4},{"damage":0,"enemies":"2 Louse","floor":4,"turns":2},{"damage":35,"enemies":"Lagavulin","floor":6,"turns":8},{"damage":13,"enemies":"Gremlin Nob","floor":8,"turns":5},{"damage":0,"enemies":"Small Slimes","floor":11,"turns":2},{"damage":0,"enemies":"Looter","floor":12,"turns":3},{"damage":0,"enemies":"Exordium Thugs","floor":13,"turns":4},{"damage":0,"enemies":"Large Slime","floor":14,"turns":4},{"damage":29,"enemies":"Slime Boss","floor":16,"turns":13},{"damage":0,"enemies":"3 Byrds","floor":18,"turns":4},{"damage":3,"enemies":"Spheric Guardian","floor":20,"turns":4},{"damage":0,"enemies":"Shelled Parasite and Fungi","floor":25,"turns":7},{"damage":5,"enemies":"Slavers","floor":28,"turns":8},{"damage":0,"enemies":"Snecko","floor":30,"turns":6},{"damage":0,"enemies":"Sentry and Sphere","floor":31,"turns":10},{"damage":51,"enemies":"Automaton","floor":33,"turns":12},{"damage":0,"enemies":"3 Darklings","floor":35,"turns":6},{"damage":0,"enemies":"Mind Bloom Boss Battle","floor":36,"turns":8},{"damage":0,"enemies":"Orb Walker","floor":37,"turns":5},{"damage":0,"enemies":"Reptomancer","floor":39,"turns":10},{"damage":0,"enemies":"Nemesis","floor":40,"turns":13},{"damage":15,"enemies":"Transient","floor":41,"turns":5},{"damage":64,"enemies":"4 Shapes","floor":45,"turns":5},{"damage":18,"enemies":"Sphere and 2 Shapes","floor":47,"turns":5},{"damage":0,"enemies":"Transient","floor":48,"turns":5},{"damage":13,"enemies":"Time Eater","floor":50,"turns":10}],"seed_played":"3048544745214370520","potions_obtained":[{"floor":6,"key":"Dexterity Potion"},{"floor":7,"key":"PowerPotion"},{"floor":7,"key":"Ancient Potion"},{"floor":12,"key":"FearPotion"},{"floor":13,"key":"Poison Potion"},{"floor":20,"key":"Weak Potion"},{"floor":39,"key":"Strength Potion"}],"is_trial":false,"path_per_floor":["M","?","?","M","?","E","?","E","T","R","M","M","M","M","R","B",null,"M","?","M","$","?","R","$","M","T","$","E","R","M","M","R","B",null,"M","?","M","$","M","E","M","?","T","R","M","T","M","M","R","B"],"character_chosen":"DEFECT","items_purchased":["Incense Burner","Glacier","Rebound","Blind"],"campfire_rested":2,"item_purchase_floors":[21,21,24,38],"current_hp_per_floor":[72,77,77,77,77,42,42,36,36,60,67,74,80,80,80,51,80,80,80,80,80,80,80,80,80,80,80,80,80,80,80,80,38,80,80,80,80,80,80,80,78,78,78,78,20,20,17,32,56,71],"gold":355,"neow_bonus":"THREE_CARDS","is_prod":false,"is_daily":false,"chose_seed":false,"campfire_upgraded":5,"win_rate":0,"timestamp":1538948674,"path_taken":["M","?","?","M","?","E","?","E","T","R","?","M","?","M","R","BOSS","M","?","M","$","?","R","$","?","T","?","E","R","M","M","R","BOSS","M","?","?","$","?","E","M","?","T","R","?","?","M","?","R","BOSS"],"build_version":"2018-10-04v2","purchased_purges":0,"victory":true,"max_hp_per_floor":[75,80,80,80,80,80,80,80,80,80,80,80,80,80,80,80,80,80,80,80,80,80,80,80,80,80,80,80,80,80,80,80,80,80,80,80,80,80,80,80,80,80,80,80,80,80,80,80,80,80],"card_choices":[{"not_picked":["BootSequence","Stack"],"picked":"Chill","floor":0},{"not_picked":["Stack","Rebound"],"picked":"Chill","floor":1},{"not_picked":["Stack","Beam Cell"],"picked":"Sweeping Beam","floor":4},{"not_picked":["Ball Lightning","Gash"],"picked":"Self Repair","floor":6},{"not_picked":["Biased Cognition","Turbo"],"picked":"Compile Driver","floor":8},{"not_picked":["Storm","Streamline"],"picked":"Double Energy","floor":11},{"not_picked":["Sunder","Recycle"],"picked":"Blizzard","floor":12},{"not_picked":["Force Field","Double Energy"],"picked":"Skim","floor":13},{"not_picked":["Scrape","Cold Snap"],"picked":"Glacier","floor":14},{"not_picked":["Buffer","Hyperbeam"],"picked":"Rainbow","floor":16},{"not_picked":["Barrage","Hologram"],"picked":"Static Discharge","floor":18},{"not_picked":["All For One","Rebound"],"picked":"Beam Cell","floor":20},{"not_picked":["Rebound","Fusion","BootSequence"],"picked":"SKIP","floor":25},{"not_picked":["Reinforced Body","Aggregate"],"picked":"Defragment","floor":28},{"not_picked":["Conserve Battery+1","Redo"],"picked":"White Noise+1","floor":30},{"not_picked":["Ball Lightning+1","Static Discharge","Cold Snap"],"picked":"SKIP","floor":31},{"not_picked":["Amplify","Core Surge"],"picked":"Seek","floor":33},{"not_picked":["Genetic Algorithm+1","Capacitor"],"picked":"Beam Cell+1","floor":35},{"not_picked":["Heatsinks+1","Cold Snap"],"picked":"Hologram","floor":36},{"not_picked":["Lockon","Sunder"],"picked":"Stack+1","floor":37},{"not_picked":["Conserve Battery+1","Skim","Stack+1"],"picked":"SKIP","floor":39},{"not_picked":["Cold Snap","Sunder"],"picked":"Melter","floor":40},{"not_picked":["Darkness","Cold Snap+1"],"picked":"Hologram+1","floor":41},{"not_picked":["Go for the Eyes","Sweeping Beam+1"],"picked":"Barrage+1","floor":45},{"not_picked":["Genetic Algorithm","Streamline+1","Skim"],"picked":"SKIP","floor":47},{"not_picked":["Recycle","Coolheaded","Ball Lightning"],"picked":"SKIP","floor":48}],"player_experience":427528,"relics_obtained":[{"floor":6,"key":"Oddly Smooth Stone"},{"floor":8,"key":"FossilizedHelix"},{"floor":9,"key":"Whetstone"},{"floor":26,"key":"DataDisk"},{"floor":28,"key":"Bird Faced Urn"},{"floor":36,"key":"Peace Pipe"},{"floor":40,"key":"Dream Catcher"},{"floor":43,"key":"Happy Flower"},{"floor":46,"key":"Shuriken"}],"event_choices":[{"event_name":"Big Fish","player_choice":"Donut","floor":2,"damage_taken":0},{"event_name":"Transmorgrifier","player_choice":"Transform","floor":3,"damage_taken":0},{"event_name":"Bonfire Elementals","player_choice":"BASIC","floor":5,"damage_taken":0},{"event_name":"The Lab","player_choice":"Got Potions","floor":7,"damage_taken":0},{"event_name":"Wheel of Change","player_choice":"Curse","floor":19,"damage_taken":0},{"event_name":"Nest","player_choice":"Stole From Cult","floor":22,"damage_taken":0},{"event_name":"MindBloom","player_choice":"Fight","floor":36,"damage_taken":0},{"event_name":"Duplicator","player_choice":"One dupe","floor":42,"damage_taken":0}],"is_beta":false,"boss_relics":[{"not_picked":["Fusion Hammer","Pandora\u0027s Box"],"picked":"Nuclear Battery"},{"not_picked":["Lizard Tail","Astrolabe"],"picked":"Inserter"}],"items_purged_floors":[],"is_endless":false,"potions_floor_spawned":[6,12,13,20,28,31,39,40,41,45,48],"ascension_level":0}