{"path_per_floor":["M","M","M","M","M","E","M","M","T","$","R","M","R","?","R","B",null,"M","M","M","M","?","R","E","M","T"],"character_chosen":"THE_SILENT","items_purchased":["Vajra"],"gold_per_floor":[111,122,134,150,170,197,212,223,246,16,16,28,28,28,28,126,126,138,154,168,188,188,188,219,236,236,236],"floor_reached":27,"campfire_rested":2,"playtime":2053,"current_hp_per_floor":[63,63,63,62,55,37,35,31,31,31,63,57,57,57,57,57,63,56,50,18,21,11,46,41,28,28,0],"items_purged":["Defend_G"],"gold":236,"score":306,"play_id":"987bcf7e-c38c-4ac5-8cb6-be141e234f04","local_time":"20180425153214","is_prod":false,"is_daily":false,"chose_seed":false,"is_ascension_mode":true,"campfire_upgraded":2,"timestamp":1524695534,"path_taken":["M","M","M","M","M","E","M","M","T","$","R","M","R","?","R","BOSS","M","M","M","M","?","R","E","M","T","?"],"build_version":"2018-04-19","seed_source_timestamp":1423531216522,"purchased_purges":1,"victory":false,"master_deck":["Survivor","Neutralize","Bullet Time","Skewer","Predator","Distraction","Dagger Throw","Deadly Poison","Distraction","Infinite Blades+1","A Thousand Cuts+1","Backflip","Glass Knife","Backflip","Poisoned Stab","Deflect","Distraction","Dagger Spray","Sucker Punch","Dagger Spray","Leg Sweep","Deflect","Cloak And Dagger","Necronomicurse","Accuracy+1","Acrobatics"],"max_hp_per_floor":[63,63,63,63,63,63,63,63,63,63,63,63,63,63,63,63,63,63,63,63,63,69,69,69,69,69,69],"relics":["Ring of the Snake","Darkstone Periapt","Regal Pillow","Vajra","Tough Bandages","Pandora\u0027s Box","Necronomicon","Bag of Marbles","Centennial Puzzle"],"card_choices":[{"not_picked":["Dodge and Roll","PiercingWail"],"picked":"Predator","floor":1},{"not_picked":["Skewer","Flying Knee"],"picked":"Distraction","floor":2},{"not_picked":["Deadly Poison","Dagger Spray"],"picked":"Dagger Throw","floor":3},{"not_picked":["Finisher","Quick Slash"],"picked":"Deadly Poison","floor":4},{"not_picked":["Deadly Poison","Riddle With Holes"],"picked":"Distraction","floor":5},{"not_picked":["Quick Slash","Predator"],"picked":"Infinite Blades","floor":6},{"not_picked":["Flying Knee","Quick Slash"],"picked":"A Thousand Cuts","floor":7},{"not_picked":["Slice","Prepared"],"picked":"Backflip","floor":8},{"not_picked":["Night Terror","A Thousand Cuts"],"picked":"Glass Knife","floor":16},{"not_picked":["Sucker Punch","Outmaneuver"],"picked":"Leg Sweep","floor":18},{"not_picked":["Backstab","Bane"],"picked":"Deflect","floor":19},{"not_picked":["Malaise","Prepared"],"picked":"Cloak And Dagger","floor":20},{"not_picked":["Quick Slash","Bane"],"picked":"Accuracy","floor":24},{"not_picked":["Bouncing Flask","Choke"],"picked":"Acrobatics","floor":25}],"player_experience":146067,"potions_floor_usage":[6,18,21,24,24,27],"damage_taken":[{"damage":0,"enemies":"2 Louse","floor":1,"turns":2},{"damage":0,"enemies":"Small Slimes","floor":2,"turns":2},{"damage":0,"enemies":"Jaw Worm","floor":3,"turns":5},{"damage":1,"enemies":"Lots of Slimes","floor":4,"turns":6},{"damage":7,"enemies":"Looter","floor":5,"turns":2},{"damage":18,"enemies":"Gremlin Nob","floor":6,"turns":5},{"damage":2,"enemies":"Blue Slaver","floor":7,"turns":4},{"damage":4,"enemies":"Exordium Wildlife","floor":8,"turns":3},{"damage":6,"enemies":"Exordium Thugs","floor":12,"turns":4},{"damage":0,"enemies":"Slime Boss","floor":16,"turns":6},{"damage":7,"enemies":"Shell Parasite","floor":18,"turns":3},{"damage":6,"enemies":"Chosen","floor":19,"turns":5},{"damage":32,"enemies":"Sentry and Sphere","floor":20,"turns":6},{"damage":6,"enemies":"Snake Plant","floor":21,"turns":4},{"damage":5,"enemies":"Gremlin Leader","floor":24,"turns":7},{"damage":13,"enemies":"Centurion and Healer","floor":25,"turns":7},{"damage":29,"enemies":"Sentry and Sphere","floor":27,"turns":5}],"event_choices":[{"event_name":"Dead Adventurer","player_choice":"Searched \u00272\u0027 times","floor":14,"damage_taken":0},{"event_name":"Cursed Tome","player_choice":"Obtained Book","floor":22,"damage_taken":0}],"boss_relics":[{"not_picked":["Tiny House","Runic Dome"],"picked":"Pandora\u0027s Box"}],"potions_floor_spawned":[1,4,6,7,8,21,25],"seed_played":"3072449481370793535","killed_by":"Sentry and Sphere","ascension_level":1,"is_trial":false}