{"gold_per_floor":[109,15,34,34,46,81,81,114,183,183,63,74,74,102,102,205,205,222,241,241,241,48,48,58,76,76,91,55,90,90,105,105,207,207,223,223,223,21,121,153,153,181,207,232,232,257,283,295,295,295,295,295,51,81,81],"floor_reached":56,"playtime":3556,"items_purged":["Strike_G"],"score":1505,"play_id":"e6993b82-5f55-4299-a061-2377a76d46e9","local_time":"20190831224826","is_ascension_mode":true,"campfire_choices":[{"data":"After Image","floor":7,"key":"SMITH"},{"floor":10,"key":"REST"},{"data":"Cloak And Dagger","floor":15,"key":"SMITH"},{"data":"After Image","floor":23,"key":"SMITH"},{"floor":30,"key":"REST"},{"floor":32,"key":"REST"},{"floor":41,"key":"RECALL"},{"data":"Adrenaline","floor":45,"key":"SMITH"},{"data":"Terror","floor":49,"key":"SMITH"},{"data":"Wraith Form v2","floor":52,"key":"SMITH"}],"neow_cost":"NONE","seed_source_timestamp":102340485470600,"circlet_count":0,"master_deck":["Strike_G","Strike_G+1","Strike_G","Defend_G","Defend_G","Defend_G","Defend_G","Defend_G","Survivor","Neutralize","After Image+1","Blade Dance","Backflip","Caltrops","Crippling Poison","Deadly Poison","Accuracy","Blade Dance","Noxious Fumes","Cloak And Dagger+1","Cloak And Dagger","Blade Dance","After Image+1","Well Laid Plans","Leg Sweep","Terror+1","Catalyst+1","Backflip+1","Dagger Throw+1","Backstab","Wraith Form v2+1","Catalyst+1","Expertise","Adrenaline+1","Caltrops+1","Choke","Accuracy","Cloak And Dagger"],"relics":["Ring of the Snake","Ice Cream","Bag of Marbles","Strawberry","Orrery","Kunai","Singing Bowl","Gremlin Horn","Busted Crown","TwistedFunnel","Calipers","Dodecahedron","Whetstone","PreservedInsect","Regal Pillow","Potion Belt","Art of War","Snake Skull","Bottled Tornado"],"potions_floor_usage":[6,16,18,19,33,42,50,55,55],"damage_taken":[{"damage":0,"enemies":"Cultist","floor":1,"turns":5},{"damage":0,"enemies":"Small Slimes","floor":3,"turns":4},{"damage":0,"enemies":"2 Louse","floor":5,"turns":4},{"damage":24,"enemies":"3 Sentries","floor":6,"turns":14},{"damage":4,"enemies":"Lagavulin","floor":8,"turns":8},{"damage":0,"enemies":"Blue Slaver","floor":12,"turns":5},{"damage":12,"enemies":"3 Sentries","floor":14,"turns":7},{"damage":3,"enemies":"Hexaghost","floor":16,"turns":9},{"damage":19,"enemies":"Chosen","floor":18,"turns":7},{"damage":0,"enemies":"Spheric Guardian","floor":19,"turns":5},{"damage":7,"enemies":"Centurion and Healer","floor":24,"turns":7},{"damage":0,"enemies":"Snecko","floor":25,"turns":7},{"damage":6,"enemies":"Cultist and Chosen","floor":27,"turns":7},{"damage":24,"enemies":"Gremlin Leader","floor":29,"turns":9},{"damage":11,"enemies":"Centurion and Healer","floor":31,"turns":7},{"damage":34,"enemies":"Automaton","floor":33,"turns":9},{"damage":1,"enemies":"3 Darklings","floor":35,"turns":5},{"damage":0,"enemies":"Mind Bloom Boss Battle","floor":39,"turns":5},{"damage":0,"enemies":"Reptomancer","floor":40,"turns":5},{"damage":0,"enemies":"Giant Head","floor":42,"turns":8},{"damage":0,"enemies":"Reptomancer","floor":44,"turns":4},{"damage":0,"enemies":"Giant Head","floor":46,"turns":5},{"damage":0,"enemies":"Orb Walker","floor":48,"turns":3},{"damage":13,"enemies":"Donu and Deca","floor":50,"turns":10},{"damage":0,"enemies":"Shield and Spear","floor":54,"turns":4},{"damage":40,"enemies":"The Heart","floor":55,"turns":8}],"seed_played":"429155764152761667","potions_obtained":[{"floor":1,"key":"Dexterity Potion"},{"floor":5,"key":"Fire Potion"},{"floor":6,"key":"Energy Potion"},{"floor":14,"key":"FearPotion"},{"floor":18,"key":"SkillPotion"},{"floor":24,"key":"Ancient Potion"},{"floor":33,"key":"Ancient Potion"},{"floor":40,"key":"AttackPotion"},{"floor":44,"key":"Poison Potion"}],"is_trial":false,"path_per_floor":["M","$","M","?","M","E","R","E","T","R","$","M","?","E","R","B",null,"M","M","?","?","$","R","M","M","T","M","$","E","R","M","R","B",null,"M","?","?","$","?","E","R","E","T","E","R","E","T","M","R","B",null,"R","$","E","B",null],"character_chosen":"THE_SILENT","items_purchased":["Backflip","Caltrops","Noxious Fumes","Cloak And Dagger","Dagger Throw","Backstab","Expertise","TwistedFunnel","Accuracy","Cloak And Dagger","Snake Skull"],"campfire_rested":3,"item_purchase_floors":[2,2,11,11,22,22,28,38,53,53,53],"current_hp_per_floor":[70,70,70,70,70,46,46,42,42,63,63,63,56,51,51,48,77,58,58,58,58,58,58,51,51,51,45,45,23,46,37,61,27,81,80,80,77,77,79,81,81,83,83,83,83,85,85,87,87,74,87,87,87,89,49],"gold":81,"neow_bonus":"ONE_RANDOM_RARE_CARD","is_prod":false,"is_daily":false,"chose_seed":false,"campfire_upgraded":6,"win_rate":0,"timestamp":1567316906,"path_taken":["M","?","?","?","M","E","R","E","T","R","?","M","?","E","R","BOSS","M","M","?","?","$","R","M","M","T","?","$","E","R","M","R","BOSS","M","?","?","$","?","E","R","E","T","E","R","E","?","M","R","BOSS","R","$","E","BOSS"],"build_version":"2019-08-26","purchased_purges":1,"victory":true,"max_hp_per_floor":[70,70,70,70,70,70,70,70,70,70,70,70,70,77,77,77,77,77,77,77,77,77,77,77,77,77,77,77,79,79,81,81,81,81,81,81,77,77,79,81,81,83,83,83,83,85,85,87,87,87,87,87,87,89,89],"card_choices":[{"not_picked":["Reflex","Predator"],"picked":"Blade Dance","floor":1},{"not_picked":["Heel Hook","Eviscerate"],"picked":"Crippling Poison","floor":3},{"not_picked":["Bane","Outmaneuver"],"picked":"Deadly Poison","floor":5},{"not_picked":["Riddle With Holes","Underhanded Strike"],"picked":"Accuracy","floor":6},{"not_picked":["Dagger Throw","Flechettes"],"picked":"Blade Dance","floor":8},{"not_picked":["Deadly Poison","Tools of the Trade"],"picked":"Cloak And Dagger","floor":12},{"not_picked":["Dagger Spray","Noxious Fumes"],"picked":"Blade Dance","floor":14},{"not_picked":["A Thousand Cuts","Bullet Time"],"picked":"After Image","floor":16},{"not_picked":["Outmaneuver","Dagger Spray"],"picked":"Well Laid Plans","floor":17},{"not_picked":["All Out Attack","Sucker Punch"],"picked":"Leg Sweep","floor":17},{"not_picked":["Expertise","Distraction"],"picked":"Terror","floor":17},{"not_picked":["Dagger Throw+1","Blade Dance"],"picked":"Catalyst+1","floor":18},{"not_picked":["Calculated Gamble","Poisoned Stab"],"picked":"Backflip+1","floor":19},{"not_picked":["Sucker Punch","Well Laid Plans+1"],"picked":"Wraith Form v2","floor":24},{"not_picked":["Calculated Gamble","Bane","Blade Dance"],"picked":"SKIP","floor":25},{"not_picked":["Cloak And Dagger","Quick Slash"],"picked":"Catalyst+1","floor":27},{"not_picked":["Backflip","Deadly Poison","Bullet Time"],"picked":"Singing Bowl","floor":29},{"not_picked":["Concentrate","Dagger Throw+1","Quick Slash+1"],"picked":"Singing Bowl","floor":31},{"not_picked":["Grand Finale","Phantasmal Killer"],"picked":"Adrenaline","floor":33},{"not_picked":[],"picked":"Caltrops+1","floor":35},{"not_picked":["Blade Dance+1"],"picked":"Singing Bowl","floor":39},{"not_picked":["Caltrops"],"picked":"Singing Bowl","floor":40},{"not_picked":["Tactician+1"],"picked":"Singing Bowl","floor":42},{"not_picked":[],"picked":"Choke","floor":44},{"not_picked":["Dash"],"picked":"Singing Bowl","floor":46},{"not_picked":["Infinite Blades"],"picked":"Singing Bowl","floor":48},{"not_picked":["PiercingWail"],"picked":"Singing Bowl","floor":54}],"player_experience":1455722,"relics_obtained":[{"floor":6,"key":"Ice Cream"},{"floor":8,"key":"Bag of Marbles"},{"floor":14,"key":"Strawberry"},{"floor":26,"key":"Singing Bowl"},{"floor":29,"key":"Gremlin Horn"},{"floor":39,"key":"Calipers"},{"floor":40,"key":"Dodecahedron"},{"floor":42,"key":"Whetstone"},{"floor":43,"key":"PreservedInsect"},{"floor":44,"key":"Regal Pillow"},{"floor":46,"key":"Potion Belt"},{"floor":47,"key":"Art of War"},{"floor":54,"key":"Bottled Tornado"}],"event_choices":[{"damage_healed":0,"gold_gain":0,"player_choice":"Ignored","damage_taken":0,"max_hp_gain":0,"max_hp_loss":0,"event_name":"NoteForYourself","floor":4,"gold_loss":0},{"cards_removed":["Strike_G"],"damage_healed":0,"gold_gain":0,"player_choice":"Card Removal","damage_taken":7,"max_hp_gain":0,"max_hp_loss":0,"event_name":"Golden Wing","floor":13,"gold_loss":0},{"damage_healed":0,"gold_gain":0,"player_choice":"Opened","damage_taken":0,"relics_obtained":["Kunai"],"max_hp_gain":0,"max_hp_loss":0,"event_name":"The Mausoleum","floor":20,"gold_loss":0},{"damage_healed":0,"gold_gain":0,"player_choice":"0 cards matched","damage_taken":0,"max_hp_gain":0,"max_hp_loss":0,"event_name":"Match and Keep!","floor":21,"gold_loss":0,"cards_obtained":[]},{"damage_healed":0,"gold_gain":0,"player_choice":"Ignored","damage_taken":0,"max_hp_gain":0,"max_hp_loss":0,"event_name":"Tomb of Lord Red Mask","floor":36,"gold_loss":0},{"damage_healed":0,"gold_gain":0,"player_choice":"Max HP","damage_taken":0,"max_hp_gain":0,"max_hp_loss":4,"event_name":"Winding Halls","floor":37,"gold_loss":0},{"damage_healed":0,"gold_gain":0,"player_choice":"Fight","damage_taken":0,"max_hp_gain":0,"max_hp_loss":0,"event_name":"MindBloom","floor":39,"gold_loss":0}],"is_beta":true,"boss_relics":[{"not_picked":["Cursed Key","Runic Pyramid"],"picked":"Orrery"},{"not_picked":["Coffee Dripper","Calling Bell"],"picked":"Busted Crown"}],"items_purged_floors":[22],"is_endless":false,"potions_floor_spawned":[1,5,6,14,18,24,33,40,44],"ascension_level":1}