{"gold_per_floor":[119,135,4,4,4,4,33,33,60,74,102,120,131,156,156,228,228,239,239,50,46,46],"floor_reached":22,"playtime":17308,"items_purged":[],"score":435,"play_id":"e4b0ccef-8ff8-4d25-8ed2-042e2a53d6a9","local_time":"20190719213939","is_ascension_mode":true,"campfire_choices":[{"data":"Zap","floor":6,"key":"SMITH"},{"data":"Darkness","floor":8,"key":"SMITH"},{"floor":15,"key":"REST"}],"neow_cost":"NONE","seed_source_timestamp":255316656800011,"circlet_count":0,"master_deck":["AscendersBane","Strike_B","Strike_B","Strike_B","Strike_B","Defend_B","Defend_B","Defend_B","Defend_B+1","Zap+1","Dualcast+1","Blizzard","Loop","Compile Driver","Darkness+1","Glacier","Hologram+1","Cold Snap","Coolheaded","Conserve Battery","Multi-Cast","Blizzard","Self Repair+1","Recycle","Compile Driver","Sweeping Beam","Apotheosis","Stack"],"relics":["Cracked Core","NeowsBlessing","Frozen Egg 2","War Paint","Boot","Incense Burner","Lantern","Orrery"],"potions_floor_usage":[16,18],"damage_taken":[{"damage":0,"enemies":"Jaw Worm","floor":1,"turns":1},{"damage":0,"enemies":"2 Louse","floor":2,"turns":1},{"damage":0,"enemies":"Gremlin Nob","floor":7,"turns":1},{"damage":0,"enemies":"Cultist","floor":10,"turns":3},{"damage":20,"enemies":"3 Sentries","floor":11,"turns":9},{"damage":1,"enemies":"Red Slaver","floor":12,"turns":5},{"damage":0,"enemies":"2 Fungi Beasts","floor":13,"turns":4},{"damage":9,"enemies":"Gremlin Nob","floor":14,"turns":4},{"damage":15,"enemies":"Slime Boss","floor":16,"turns":12},{"damage":27,"enemies":"3 Byrds","floor":18,"turns":7},{"damage":22,"enemies":"2 Thieves","floor":21,"turns":4},{"damage":19,"enemies":"Snake Plant","floor":22,"turns":2}],"seed_played":"2934882956526809806","potions_obtained":[{"floor":7,"key":"SneckoOil"},{"floor":10,"key":"Block Potion"},{"floor":14,"key":"FocusPotion"},{"floor":16,"key":"Dexterity Potion"}],"is_trial":false,"path_per_floor":["M","M","$","?","?","R","E","R","T","M","E","M","M","E","R","B",null,"M","?","$","M","M"],"character_chosen":"DEFECT","items_purchased":["Loop","Compile Driver","Apotheosis"],"campfire_rested":1,"item_purchase_floors":[3,3,20],"current_hp_per_floor":[64,64,64,64,53,53,53,53,53,53,33,32,32,23,44,29,61,44,44,44,22,3],"gold":46,"neow_bonus":"THREE_ENEMY_KILL","is_prod":false,"is_daily":false,"chose_seed":false,"campfire_upgraded":2,"win_rate":0,"timestamp":1563597579,"path_taken":["M","M","$","?","?","R","E","R","T","M","E","M","M","E","R","BOSS","M","?","$","?","M"],"build_version":"2019-07-05","purchased_purges":0,"victory":false,"max_hp_per_floor":[71,71,71,71,71,71,71,71,71,71,71,71,71,71,71,71,71,71,71,71,71,71],"card_choices":[{"not_picked":["Stack","Chaos"],"picked":"Blizzard","floor":1},{"not_picked":["Beam Cell","Leap","Steam Power"],"picked":"SKIP","floor":2},{"not_picked":["Rip and Tear","Hyperbeam"],"picked":"Darkness","floor":7},{"not_picked":["Rebound","Chill"],"picked":"Glacier","floor":10},{"not_picked":["Heatsinks+1","Static Discharge+1"],"picked":"Hologram","floor":11},{"not_picked":["Hologram","Reprogram"],"picked":"Cold Snap","floor":12},{"not_picked":["Aggregate","Steam Power"],"picked":"Coolheaded","floor":13},{"not_picked":["Barrage","Redo"],"picked":"Conserve Battery","floor":14},{"not_picked":["Buffer+1","Core Surge"],"picked":"Multi-Cast","floor":16},{"not_picked":["Storm+1","Consume"],"picked":"Blizzard","floor":17},{"not_picked":["Undo","Blizzard"],"picked":"Self Repair+1","floor":17},{"not_picked":["Static Discharge+1","Go for the Eyes"],"picked":"Recycle","floor":17},{"not_picked":["BootSequence","Coolheaded"],"picked":"Compile Driver","floor":17},{"not_picked":["Tempest","BootSequence"],"picked":"Sweeping Beam","floor":18},{"not_picked":["Sweeping Beam","Compile Driver"],"picked":"Stack","floor":21}],"player_experience":2184342,"relics_obtained":[{"floor":7,"key":"War Paint"},{"floor":9,"key":"Boot"},{"floor":11,"key":"Incense Burner"},{"floor":14,"key":"Lantern"}],"event_choices":[{"damage_healed":0,"gold_gain":0,"player_choice":"Ignored","damage_taken":0,"max_hp_gain":0,"max_hp_loss":0,"event_name":"Liars Game","floor":4,"gold_loss":0},{"damage_healed":0,"gold_gain":0,"player_choice":"Success","damage_taken":11,"relics_obtained":["Frozen Egg 2"],"max_hp_gain":0,"max_hp_loss":0,"event_name":"Scrap Ooze","floor":5,"gold_loss":0},{"damage_healed":0,"gold_gain":0,"player_choice":"Upgraded","damage_taken":0,"max_hp_gain":0,"max_hp_loss":0,"event_name":"Upgrade Shrine","floor":19,"gold_loss":0,"cards_upgraded":["Hologram"]}],"is_beta":false,"boss_relics":[{"not_picked":["Astrolabe","Fusion Hammer"],"picked":"Orrery"}],"items_purged_floors":[],"is_endless":false,"potions_floor_spawned":[7,10,11,14,16],"killed_by":"Snake Plant","ascension_level":18}