{"gold_per_floor":[118,137,155,120,134,166,196,215,215,215,233,233,233,243,243,339,339,352,78,98,118,131,131,146,146,169,39,39,56,75,175,175,275,275,291,291,291,309,327,327,339,339],"floor_reached":42,"playtime":10362,"items_purged":["Strike_B"],"score":406,"play_id":"11b07c07-a770-41b7-83c2-b668fb87923c","local_time":"20191014234720","is_ascension_mode":false,"campfire_choices":[{"floor":10,"key":"REST"},{"floor":13,"key":"REST"},{"data":"Coolheaded","floor":15,"key":"SMITH"},{"floor":23,"key":"REST"},{"data":"Defragment","floor":25,"key":"SMITH"},{"data":"Capacitor","floor":32,"key":"SMITH"},{"floor":40,"key":"REST"}],"neow_cost":"NONE","seed_source_timestamp":123854870327300,"circlet_count":0,"master_deck":["Strike_B","Defend_B","Defend_B","Defend_B","Zap","Dualcast","Coolheaded+1","Defragment+1","Compile Driver","Conserve Battery","Capacitor+1","Barrage","Glacier","White Noise","Electrodynamics","White Noise","Skim","Seek","Hello World","Ball Lightning","Coolheaded+1","Cold Snap","Self Repair","Bandage Up","Ball Lightning","Hologram","Electrodynamics","Panache","Conserve Battery+1","Blizzard","Darkness+1"],"relics":["Cracked Core","Lantern","StoneCalendar","Velvet Choker","Blood Vial","Eternal Feather"],"potions_floor_usage":[6,7,16,39,41,41],"damage_taken":[{"damage":5,"enemies":"Small Slimes","floor":1,"turns":4},{"damage":6,"enemies":"2 Louse","floor":2,"turns":3},{"damage":6,"enemies":"Jaw Worm","floor":3,"turns":4},{"damage":2,"enemies":"2 Fungi Beasts","floor":5,"turns":4},{"damage":12,"enemies":"3 Sentries","floor":6,"turns":9},{"damage":14,"enemies":"Gremlin Nob","floor":7,"turns":3},{"damage":2,"enemies":"Blue Slaver","floor":8,"turns":4},{"damage":18,"enemies":"Large Slime","floor":11,"turns":7},{"damage":4,"enemies":"Red Slaver","floor":14,"turns":4},{"damage":24,"enemies":"The Guardian","floor":16,"turns":11},{"damage":0,"enemies":"Spheric Guardian","floor":18,"turns":4},{"damage":13,"enemies":"2 Thieves","floor":20,"turns":3},{"damage":4,"enemies":"Snake Plant","floor":21,"turns":6},{"damage":11,"enemies":"Shelled Parasite and Fungi","floor":22,"turns":7},{"damage":6,"enemies":"Sentry and Sphere","floor":24,"turns":10},{"damage":24,"enemies":"Cultist and Chosen","floor":29,"turns":7},{"damage":0,"enemies":"Snecko","floor":30,"turns":5},{"damage":22,"enemies":"Champ","floor":33,"turns":14},{"damage":13,"enemies":"3 Shapes","floor":35,"turns":2},{"damage":15,"enemies":"Orb Walker","floor":38,"turns":5},{"damage":47,"enemies":"3 Darklings","floor":39,"turns":4},{"damage":20,"enemies":"Spire Growth","floor":41,"turns":5},{"damage":57,"enemies":"2 Orb Walkers","floor":42,"turns":3}],"seed_played":"1230456854615553485","potions_obtained":[{"floor":2,"key":"SpeedPotion"},{"floor":5,"key":"Explosive Potion"},{"floor":6,"key":"SmokeBomb"},{"floor":14,"key":"PowerPotion"},{"floor":21,"key":"AttackPotion"},{"floor":24,"key":"FearPotion"},{"floor":33,"key":"Weak Potion"},{"floor":39,"key":"Poison Potion"},{"floor":41,"key":"Strength Potion"}],"is_trial":false,"path_per_floor":["M","M","M","?","M","E","?","M","T","R","M","?","R","M","R","B",null,"M","$","M","M","M","R","M","R","T","$","?","M","M","?","R","B",null,"M","?","?","M","M","R","M","?"],"character_chosen":"DEFECT","items_purchased":["Skim","Seek","Self Repair","Bandage Up"],"campfire_rested":4,"item_purchase_floors":[19,19,27,27],"current_hp_per_floor":[70,64,58,75,73,61,47,45,45,67,49,42,64,60,60,36,75,75,75,62,58,47,69,63,63,63,63,63,63,69,69,69,60,75,62,62,62,53,15,55,48,0],"gold":339,"neow_bonus":"REMOVE_CARD","is_prod":false,"is_daily":false,"chose_seed":false,"campfire_upgraded":3,"win_rate":0,"timestamp":1571093240,"path_taken":["M","M","M","?","M","E","?","M","T","R","?","?","R","M","R","BOSS","M","$","M","M","M","R","M","R","T","$","?","M","M","?","R","BOSS","M","?","?","M","?","R","M","?"],"build_version":"2019-07-17","purchased_purges":1,"victory":false,"max_hp_per_floor":[75,75,75,75,75,75,75,75,75,75,75,75,75,75,75,75,75,75,75,75,75,75,75,75,75,75,75,75,75,75,75,75,75,75,75,75,75,75,75,75,75,75],"card_choices":[{"not_picked":["Capacitor","Steam"],"picked":"Coolheaded","floor":1},{"not_picked":["Gash","Storm"],"picked":"Defragment","floor":2},{"not_picked":["Sweeping Beam","Stack"],"picked":"Compile Driver","floor":3},{"not_picked":["Sweeping Beam","Compile Driver"],"picked":"Conserve Battery","floor":5},{"not_picked":["Redo","Stack"],"picked":"Capacitor","floor":6},{"not_picked":["Beam Cell","BootSequence"],"picked":"Barrage","floor":8},{"not_picked":["Beam Cell","Sweeping Beam"],"picked":"Glacier","floor":11},{"not_picked":["Creative AI","Tempest"],"picked":"White Noise","floor":14},{"not_picked":["Thunder Strike","All For One"],"picked":"Electrodynamics","floor":16},{"not_picked":["Stack+1","Capacitor"],"picked":"White Noise","floor":18},{"not_picked":["Reprogram","Sweeping Beam+1"],"picked":"Hello World","floor":20},{"not_picked":["Steam","Sweeping Beam"],"picked":"Ball Lightning","floor":21},{"not_picked":["Chaos","Melter"],"picked":"Coolheaded+1","floor":22},{"not_picked":["Coolheaded+1","Melter"],"picked":"Cold Snap","floor":24},{"not_picked":["Tempest","Compile Driver"],"picked":"Ball Lightning","floor":29},{"not_picked":["Stack","Leap+1"],"picked":"Hologram","floor":30},{"not_picked":["Fission","All For One"],"picked":"Electrodynamics","floor":33},{"not_picked":["Streamline","Leap","Steam Power+1"],"picked":"SKIP","floor":35},{"not_picked":["Secret Weapon","The Bomb"],"picked":"Panache","floor":36},{"not_picked":["Leap","Barrage+1"],"picked":"Conserve Battery+1","floor":38},{"not_picked":["Beam Cell+1","Streamline"],"picked":"Blizzard","floor":39},{"not_picked":["Ball Lightning","Barrage+1"],"picked":"Darkness+1","floor":41}],"player_experience":75018,"relics_obtained":[{"floor":6,"key":"Lantern"},{"floor":9,"key":"StoneCalendar"},{"floor":26,"key":"Blood Vial"}],"event_choices":[{"damage_healed":18,"gold_gain":0,"player_choice":"Healed","damage_taken":0,"max_hp_gain":0,"max_hp_loss":0,"event_name":"The Cleric","floor":4,"gold_loss":35},{"damage_healed":0,"gold_gain":30,"player_choice":"Searched \u00272\u0027 times","damage_taken":0,"max_hp_gain":0,"max_hp_loss":0,"event_name":"Dead Adventurer","floor":7,"gold_loss":0},{"cards_removed":["Strike_B"],"damage_healed":0,"gold_gain":0,"player_choice":"Card Removal","damage_taken":7,"max_hp_gain":0,"max_hp_loss":0,"event_name":"Golden Wing","floor":12,"gold_loss":0},{"damage_healed":0,"gold_gain":100,"player_choice":"Pray","damage_taken":0,"max_hp_gain":0,"max_hp_loss":0,"event_name":"Golden Shrine","floor":31,"gold_loss":0},{"damage_healed":0,"gold_gain":0,"player_choice":"Memory 1","damage_taken":0,"max_hp_gain":0,"max_hp_loss":0,"event_name":"SensoryStone","floor":36,"gold_loss":0},{"cards_removed":["Defend_B"],"damage_healed":0,"gold_gain":0,"player_choice":"Offered Basic","damage_taken":0,"max_hp_gain":0,"max_hp_loss":0,"event_name":"Bonfire Elementals","floor":37,"gold_loss":0},{"damage_healed":0,"gold_gain":0,"player_choice":"Fight","damage_taken":0,"max_hp_gain":0,"max_hp_loss":0,"event_name":"Mysterious Sphere","floor":42,"gold_loss":0}],"is_beta":false,"boss_relics":[{"not_picked":["Cursed Key","Nuclear Battery"],"picked":"Velvet Choker"},{"not_picked":["Snecko Eye","Lizard Tail"],"picked":"Eternal Feather"}],"items_purged_floors":[19],"is_endless":false,"potions_floor_spawned":[2,5,6,7,14,21,24,30,33,38,39,41],"killed_by":"2 Orb Walkers","ascension_level":0}