{"gold_per_floor":[110,64,74,24,41,41,52,80,107,119,119,129,158,174,174,249,249,235,254,64,64,83,83,101,114,114,29,29,29,43,43,43,117,167,182,200,200],"floor_reached":37,"playtime":2997,"items_purged":[],"score":660,"play_id":"f680c2b3-6ab2-476a-8132-2e3dcbf92756","local_time":"20190718200950","is_ascension_mode":true,"campfire_choices":[{"data":"True Grit","floor":6.0,"key":"SMITH"},{"data":"True Grit","floor":11.0,"key":"SMITH"},{"data":"Juggernaut","floor":15.0,"key":"SMITH"},{"floor":23.0,"key":"REST"},{"floor":29.0,"key":"REST"},{"floor":32.0,"key":"REST"}],"neow_cost":"NONE","seed_source_timestamp":0,"circlet_count":0,"master_deck":["AscendersBane","Strike_R","Strike_R","Strike_R","Defend_R","Defend_R","Defend_R","Defend_R","Bash","Juggernaut+1","True Grit+1","Shrug It Off","Iron Wave","True Grit+1","Uppercut","Feed","Shrug It Off","Feel No Pain","Disarm","Burning Pact","Barricade+1","Entrench+1","Havoc","Searing Blow","Warcry","Corruption","Body Slam","Juggernaut","Infernal Blade","Bloodletting","Body Slam+1"],"special_seed":0,"relics":["Black Blood","Happy Flower","Red Skull","Ancient Tea Set","ClockworkSouvenir","Meat on the Bone","Molten Egg 2","MutagenicStrength","Tiny House"],"potions_floor_usage":[35,36,37],"damage_taken":[{"damage":1.0,"enemies":"Cultist","floor":1.0,"turns":4.0},{"damage":2.0,"enemies":"Small Slimes","floor":3.0,"turns":4.0},{"damage":7.0,"enemies":"Jaw Worm","floor":5.0,"turns":4.0},{"damage":4.0,"enemies":"Red Slaver","floor":7.0,"turns":5.0},{"damage":18.0,"enemies":"Lagavulin","floor":8.0,"turns":8.0},{"damage":5.0,"enemies":"Blue Slaver","floor":10.0,"turns":4.0},{"damage":1.0,"enemies":"Looter","floor":12.0,"turns":4.0},{"damage":31.0,"enemies":"Gremlin Nob","floor":13.0,"turns":5.0},{"damage":12.0,"enemies":"3 Louse","floor":14.0,"turns":5.0},{"damage":4.0,"enemies":"Slime Boss","floor":16.0,"turns":10.0},{"damage":14.0,"enemies":"2 Thieves","floor":18.0,"turns":5.0},{"damage":10.0,"enemies":"3 Byrds","floor":19.0,"turns":4.0},{"damage":39.0,"enemies":"Sentry and Sphere","floor":22.0,"turns":8.0},{"damage":59.0,"enemies":"Cultist and Chosen","floor":24.0,"turns":7.0},{"damage":14.0,"enemies":"Centurion and Healer","floor":25.0,"turns":8.0},{"damage":18.0,"enemies":"Snecko","floor":30.0,"turns":6.0},{"damage":82.0,"enemies":"Champ","floor":33.0,"turns":15.0},{"damage":16,"enemies":"Orb Walker","floor":35,"turns":5},{"damage":49,"enemies":"3 Shapes","floor":36,"turns":4},{"damage":53,"enemies":"Spire Growth","floor":37,"turns":3}],"seed_played":"7194683578199087551","potions_obtained":[{"floor":3.0,"key":"LiquidBronze"},{"floor":7.0,"key":"SteroidPotion"},{"floor":12.0,"key":"AttackPotion"},{"floor":16.0,"key":"Explosive Potion"},{"floor":19.0,"key":"Block Potion"},{"floor":22.0,"key":"Strength Potion"},{"floor":33.0,"key":"SkillPotion"},{"floor":34,"key":"Block Potion"},{"floor":36,"key":"Block Potion"}],"is_trial":false,"path_per_floor":["M","$","M","?","M","R","M","E","T","M","R","M","E","M","R","B",null,"M","M","$","?","M","R","M","M","T","?","?","R","M","$","R","B",null,"M","M","M"],"character_chosen":"IRONCLAD","items_purchased":["Shrug It Off","ClockworkSouvenir"],"campfire_rested":3,"item_purchase_floors":[2,20],"current_hp_per_floor":[77,77,80,80,79,79,80,68,68,72,72,77,55,52,52,54,80,76,79,79,79,50,77,31,27,27,27,27,55,59,59,87,27,83,77,50,0],"gold":200,"neow_bonus":"ONE_RANDOM_RARE_CARD","is_prod":false,"is_daily":false,"chose_seed":false,"campfire_upgraded":3,"win_rate":0,"timestamp":1563505790,"path_taken":["M","?","M","?","M","R","M","E","T","M","R","M","E","M","R","BOSS","M","M","$","?","M","R","?","M","T","?","?","R","M","$","R","BOSS","M","M","M"],"build_version":"2019-07-17","purchased_purges":0,"victory":false,"max_hp_per_floor":[80,80,80,80,80,80,80,80,80,83,83,83,86,89,89,89,89,89,92,92,92,92,92,95,95,95,95,95,95,95,95,95,95,100,100,100,100],"card_choices":[{"not_picked":["Clothesline","Flame Barrier"],"picked":"True Grit","floor":1.0},{"not_picked":["Clothesline","Armaments"],"picked":"Iron Wave","floor":3.0},{"not_picked":["Offering","Anger"],"picked":"True Grit","floor":5.0},{"not_picked":["Pommel Strike","Sword Boomerang"],"picked":"Uppercut","floor":7.0},{"not_picked":["Limit Break","Fire Breathing"],"picked":"Feed","floor":8.0},{"not_picked":["Heavy Blade","Reckless Charge"],"picked":"Shrug It Off","floor":10.0},{"not_picked":["Clothesline","Sword Boomerang"],"picked":"Feel No Pain","floor":12.0},{"not_picked":["Bloodletting","Searing Blow"],"picked":"Disarm","floor":13.0},{"not_picked":["Blood for Blood","Bludgeon"],"picked":"Burning Pact","floor":14.0},{"not_picked":["Berserk","Immolate"],"picked":"Barricade","floor":16.0},{"not_picked":["Pommel Strike","Evolve+1"],"picked":"Entrench+1","floor":18.0},{"not_picked":["Thunderclap","Sword Boomerang"],"picked":"Havoc","floor":19.0},{"not_picked":["Shrug It Off","Iron Wave"],"picked":"Warcry","floor":22.0},{"not_picked":["Uppercut","True Grit"],"picked":"Corruption","floor":24.0},{"not_picked":["Disarm","Offering"],"picked":"Body Slam","floor":25.0},{"not_picked":["Perfected Strike+1","True Grit","Searing Blow+1"],"picked":"SKIP","floor":30.0},{"not_picked":["Reaper+1","Barricade"],"picked":"Juggernaut","floor":33.0},{"not_picked":["Iron Wave+1","Rupture"],"picked":"Infernal Blade","floor":34},{"not_picked":["Clash+1","Entrench"],"picked":"Bloodletting","floor":35},{"not_picked":["Fire Breathing+1","True Grit+1"],"picked":"Body Slam+1","floor":36}],"player_experience":665775,"relics_obtained":[{"floor":8.0,"key":"Happy Flower"},{"floor":9.0,"key":"Red Skull"},{"floor":13.0,"key":"Ancient Tea Set"},{"floor":26.0,"key":"Meat on the Bone"}],"event_choices":[{"cards_removed":["Strike_R"],"damage_healed":0.0,"max_hp_gain":0.0,"max_hp_loss":0.0,"gold_gain":0.0,"event_name":"The Cleric","player_choice":"Card Removal","floor":4.0,"gold_loss":50.0,"damage_taken":0.0},{"damage_healed":0.0,"max_hp_gain":0.0,"max_hp_loss":0.0,"gold_gain":0.0,"cards_transformed":["Strike_R"],"event_name":"Transmorgrifier","player_choice":"Transformed","floor":21.0,"gold_loss":0.0,"damage_taken":0.0,"cards_obtained":["Searing Blow"]},{"damage_healed":0.0,"max_hp_gain":0.0,"max_hp_loss":0.0,"gold_gain":0.0,"event_name":"Addict","player_choice":"Obtained Relic","floor":27.0,"gold_loss":85.0,"damage_taken":0.0,"relics_obtained":["Molten Egg 2"]},{"damage_healed":0.0,"max_hp_gain":0.0,"max_hp_loss":0.0,"gold_gain":0.0,"event_name":"Drug Dealer","player_choice":"Inject Mutagens","floor":28.0,"gold_loss":0.0,"damage_taken":0.0,"relics_obtained":["MutagenicStrength"]}],"is_beta":false,"boss_relics":[{"not_picked":["Eternal Feather","Coffee Dripper"],"picked":"Black Blood"},{"not_picked":["Lizard Tail","Orrery"],"picked":"Tiny House"}],"items_purged_floors":[],"is_endless":false,"potions_floor_spawned":[3,7,12,16,19,22,33,36],"killed_by":"Spire Growth","ascension_level":13}