{"gold_per_floor":[211,211,131,131,149,149,149,183,210,210,221,221,247,45,45,45],"floor_reached":16,"playtime":594,"items_purged":[],"score":170,"play_id":"aebd1e1e-8a37-47d5-a311-a6fa92f6afda","local_time":"20190101155806","is_ascension_mode":true,"campfire_choices":[{"data":"Hemokinesis","floor":6,"key":"SMITH"},{"data":"Shrug It Off","floor":10,"key":"SMITH"},{"data":"Thunderclap","floor":15,"key":"SMITH"}],"neow_cost":"NONE","seed_source_timestamp":1029943233241893,"circlet_count":0,"master_deck":["AscendersBane","Strike_R","Strike_R","Strike_R","Strike_R","Strike_R","Defend_R","Defend_R","Defend_R","Defend_R","Bash+1","Hemokinesis+1","Corruption","Wild Strike","Shrug It Off+1","Thunderclap+1"],"relics":["Burning Blood","WingedGreaves","Art of War","Pantograph","Smiling Mask","TheAbacus"],"potions_floor_usage":[],"damage_taken":[{"damage":2,"enemies":"2 Louse","floor":1,"turns":4},{"damage":8,"enemies":"Small Slimes","floor":5,"turns":5},{"damage":10,"enemies":"Gremlin Nob","floor":8,"turns":3},{"damage":2,"enemies":"Cultist","floor":11,"turns":3},{"damage":34,"enemies":"3 Sentries","floor":13,"turns":8},{"damage":74,"enemies":"Hexaghost","floor":16,"turns":12}],"seed_played":"-5011129207568899622","potions_obtained":[{"floor":1,"key":"SneckoOil"},{"floor":11,"key":"Ancient Potion"}],"is_trial":false,"path_per_floor":["M","?","$","?","M","R","?","E","T","R","M","T","E","$","R","B"],"character_chosen":"IRONCLAD","items_purchased":["Corruption","TheAbacus"],"campfire_rested":0,"item_purchase_floors":[3,14],"current_hp_per_floor":[76,76,76,76,74,74,74,70,70,70,74,74,46,46,46,0],"gold":45,"neow_bonus":"HUNDRED_GOLD","is_prod":false,"is_daily":false,"chose_seed":false,"campfire_upgraded":3,"win_rate":0,"timestamp":1546387086,"path_taken":["M","?","$","?","M","R","?","E","T","R","M","?","E","$","R","BOSS"],"build_version":"2018-12-20","purchased_purges":0,"victory":false,"max_hp_per_floor":[80,80,80,80,80,80,80,80,80,80,80,80,80,80,80,80],"card_choices":[{"not_picked":["Sword Boomerang","Bloodletting"],"picked":"Hemokinesis","floor":1},{"not_picked":["Body Slam","Flex"],"picked":"Wild Strike","floor":5},{"not_picked":["Blood for Blood","Exhume"],"picked":"Shrug It Off","floor":8},{"not_picked":["Dual Wield","Metallicize","Armaments"],"picked":"SKIP","floor":11},{"not_picked":["True Grit","Power Through"],"picked":"Thunderclap","floor":13}],"player_experience":579976,"relics_obtained":[{"floor":8,"key":"WingedGreaves"},{"floor":9,"key":"Art of War"},{"floor":12,"key":"Pantograph"},{"floor":13,"key":"Smiling Mask"}],"event_choices":[{"damage_healed":0,"gold_gain":0,"player_choice":"Fled","damage_taken":0,"max_hp_gain":0,"max_hp_loss":0,"event_name":"Scrap Ooze","floor":2,"gold_loss":0},{"damage_healed":0,"gold_gain":0,"player_choice":"Ignored","damage_taken":0,"max_hp_gain":0,"max_hp_loss":0,"event_name":"Liars Game","floor":4,"gold_loss":0},{"damage_healed":0,"gold_gain":0,"player_choice":"Grow","damage_taken":0,"max_hp_gain":0,"max_hp_loss":0,"event_name":"Living Wall","floor":7,"gold_loss":0,"cards_upgraded":["Bash"]}],"is_beta":false,"boss_relics":[],"items_purged_floors":[],"is_endless":false,"potions_floor_spawned":[1,11],"killed_by":"Hexaghost","ascension_level":12}