{"gold_per_floor":[109,125,139,139,156,156,81,10,10,10,43,43,58,75,75,175,175,187,201,216,116,134,150,183,183,237,237,237,237,270,270,270,367,367,381,256,256,276,120,152,168,168,168,186,204,204,220,21,21,21],"floor_reached":51,"playtime":5207,"items_purged":["Defend_G","Strike_G","Strike_G","Strike_G"],"score":1067,"play_id":"2b29ee08-fb89-40de-b2da-0f3575af6568","local_time":"20190105015411","is_ascension_mode":true,"campfire_choices":[{"data":"Expertise","floor":6,"key":"SMITH"},{"data":"Underhanded Strike","floor":10,"key":"SMITH"},{"data":"Acrobatics","floor":12,"key":"SMITH"},{"data":"Underhanded Strike","floor":15,"key":"SMITH"},{"data":"Phantasmal Killer","floor":25,"key":"SMITH"},{"data":"Eviscerate","floor":27,"key":"SMITH"},{"data":"RitualDagger","floor":29,"key":"SMITH"},{"floor":32,"key":"REST"},{"data":"Defend_G","floor":42,"key":"SMITH"},{"floor":49,"key":"REST"}],"neow_cost":"NONE","seed_source_timestamp":1320269801301512,"circlet_count":0,"master_deck":["Defend_G+1","Defend_G","Defend_G","Defend_G","Strike_G","Strike_G","Survivor","Neutralize","Underhanded Strike+1","Expertise+1","Underhanded Strike+1","Acrobatics+1","Phantasmal Killer+1","Dash+1","Eviscerate+1","RitualDagger+1","Finisher+1","Reflex+1","Tactician+1"],"relics":["HoveringKite","Mango","Kunai","Bag of Preparation","Busted Crown","Dream Catcher","Bronze Scales","Du-Vu Doll","Snecko Eye","Vajra","Ancient Tea Set","Bottled Flame"],"potions_floor_usage":[11,16,30,31,33,45,45,50,50],"damage_taken":[{"damage":0,"enemies":"2 Louse","floor":1,"turns":3},{"damage":3,"enemies":"Cultist","floor":2,"turns":4},{"damage":1,"enemies":"Small Slimes","floor":3,"turns":3},{"damage":6,"enemies":"Exordium Wildlife","floor":5,"turns":6},{"damage":9,"enemies":"Lagavulin","floor":11,"turns":5},{"damage":2,"enemies":"Lots of Slimes","floor":13,"turns":3},{"damage":0,"enemies":"2 Fungi Beasts","floor":14,"turns":2},{"damage":0,"enemies":"Slime Boss","floor":16,"turns":9},{"damage":0,"enemies":"3 Byrds","floor":18,"turns":4},{"damage":2,"enemies":"Chosen","floor":19,"turns":2},{"damage":6,"enemies":"Snake Plant","floor":20,"turns":4},{"damage":0,"enemies":"Centurion and Healer","floor":22,"turns":3},{"damage":4,"enemies":"Sentry and Sphere","floor":23,"turns":3},{"damage":0,"enemies":"Gremlin Leader","floor":24,"turns":6},{"damage":17,"enemies":"Slavers","floor":30,"turns":3},{"damage":3,"enemies":"Snake Plant","floor":31,"turns":2},{"damage":58,"enemies":"Automaton","floor":33,"turns":9},{"damage":0,"enemies":"Orb Walker","floor":35,"turns":2},{"damage":0,"enemies":"3 Shapes","floor":38,"turns":4},{"damage":0,"enemies":"Reptomancer","floor":40,"turns":2},{"damage":0,"enemies":"Jaw Worm Horde","floor":41,"turns":2},{"damage":0,"enemies":"Spire Growth","floor":44,"turns":2},{"damage":0,"enemies":"Transient","floor":45,"turns":5},{"damage":0,"enemies":"Maw","floor":47,"turns":2},{"damage":0,"enemies":"Donu and Deca","floor":50,"turns":6}],"seed_played":"-859791188130470980","potions_obtained":[{"floor":1,"key":"FearPotion"},{"floor":11,"key":"Dexterity Potion"},{"floor":13,"key":"AttackPotion"},{"floor":16,"key":"EssenceOfSteel"},{"floor":20,"key":"Fire Potion"},{"floor":24,"key":"SmokeBomb"},{"floor":33,"key":"Swift Potion"},{"floor":35,"key":"Fire Potion"},{"floor":40,"key":"PowerPotion"},{"floor":47,"key":"SteroidPotion"}],"is_trial":false,"path_per_floor":["M","M","M","$","M","R","$","?","T","R","E","R","M","M","R","B",null,"M","M","M","$","M","M","E","R","T","R","?","R","E","M","R","B",null,"M","$","?","M","$","E","M","R","T","M","M","?","M","$","R","B",null],"character_chosen":"THE_SILENT","items_purchased":["Vajra","Dexterity Potion"],"campfire_rested":2,"item_purchase_floors":[39,48],"current_hp_per_floor":[63,60,59,59,53,53,53,67,67,67,58,58,56,56,56,56,77,77,75,69,69,69,65,65,65,65,65,59,59,42,39,64,6,65,65,65,65,65,65,65,65,65,65,65,65,65,65,65,80,80],"gold":21,"neow_bonus":"BOSS_RELIC","is_prod":false,"is_daily":false,"chose_seed":false,"campfire_upgraded":8,"win_rate":0,"timestamp":1546682051,"path_taken":["M","M","M","$","M","R","$","?","T","R","E","R","M","M","R","BOSS","M","M","M","$","M","?","E","R","T","R","?","R","E","M","R","BOSS","M","$","?","M","$","E","M","R","T","?","M","?","M","$","R","BOSS"],"build_version":"2019-01-03v4","purchased_purges":4,"victory":true,"max_hp_per_floor":[70,70,70,70,70,70,70,84,84,84,84,84,84,84,84,84,84,84,84,84,84,84,84,84,84,84,84,84,84,84,84,84,84,84,84,84,84,84,84,84,84,84,84,84,84,80,80,80,80,80],"card_choices":[{"not_picked":["Heel Hook","Dagger Throw"],"picked":"Underhanded Strike","floor":1},{"not_picked":["Infinite Blades","Poisoned Stab"],"picked":"Expertise","floor":2},{"not_picked":["Prepared","Predator"],"picked":"Underhanded Strike","floor":3},{"not_picked":["Calculated Gamble","Flying Knee","Footwork"],"picked":"SKIP","floor":5},{"not_picked":["Slice","Grand Finale"],"picked":"Acrobatics","floor":11},{"not_picked":["Deadly Poison","Flechettes","Underhanded Strike"],"picked":"SKIP","floor":13},{"not_picked":["Concentrate","Setup","Noxious Fumes"],"picked":"SKIP","floor":14},{"not_picked":["Bullet Time","Glass Knife"],"picked":"Phantasmal Killer","floor":16},{"not_picked":[],"picked":"Dash+1","floor":18},{"not_picked":["Dagger Spray"],"picked":"SKIP","floor":19},{"not_picked":[],"picked":"Eviscerate","floor":20},{"not_picked":["Crippling Poison"],"picked":"SKIP","floor":22},{"not_picked":["Noxious Fumes"],"picked":"SKIP","floor":23},{"not_picked":["Blur"],"picked":"SKIP","floor":24},{"not_picked":["Grand Finale"],"picked":"SKIP","floor":30},{"not_picked":[],"picked":"Finisher+1","floor":32},{"not_picked":[],"picked":"Reflex+1","floor":35},{"not_picked":["Dagger Spray"],"picked":"SKIP","floor":38},{"not_picked":["Choke"],"picked":"SKIP","floor":40},{"not_picked":["Backstab"],"picked":"SKIP","floor":41},{"not_picked":["Prepared"],"picked":"SKIP","floor":44},{"not_picked":["Prepared+1"],"picked":"SKIP","floor":45},{"not_picked":["Infinite Blades"],"picked":"SKIP","floor":47},{"not_picked":[],"picked":"Tactician+1","floor":49}],"player_experience":587392,"relics_obtained":[{"floor":9,"key":"Kunai"},{"floor":11,"key":"Bag of Preparation"},{"floor":24,"key":"Dream Catcher"},{"floor":26,"key":"Bronze Scales"},{"floor":30,"key":"Du-Vu Doll"},{"floor":40,"key":"Ancient Tea Set"},{"floor":43,"key":"Bottled Flame"}],"event_choices":[{"damage_healed":0,"gold_gain":0,"player_choice":"Paid Gold","damage_taken":0,"relics_obtained":["Mango"],"max_hp_gain":0,"max_hp_loss":0,"event_name":"WeMeetAgain","floor":8,"gold_loss":71},{"damage_healed":0,"gold_gain":0,"player_choice":"Joined the Cult","damage_taken":6,"max_hp_gain":0,"max_hp_loss":0,"event_name":"Nest","floor":28,"gold_loss":0,"cards_obtained":["RitualDagger"]},{"damage_healed":0,"gold_gain":0,"player_choice":"Bought 0 Potions","damage_taken":0,"max_hp_gain":0,"max_hp_loss":0,"event_name":"The Woman in Blue","floor":37,"gold_loss":0},{"damage_healed":0,"gold_gain":0,"player_choice":"Max HP","damage_taken":0,"max_hp_gain":0,"max_hp_loss":4,"event_name":"Winding Halls","floor":46,"gold_loss":0}],"is_beta":false,"boss_relics":[{"not_picked":["Ectoplasm","Tiny House"],"picked":"Busted Crown"},{"not_picked":["Coffee Dripper","WristBlade"],"picked":"Snecko Eye"}],"items_purged_floors":[7,21,36,48],"is_endless":false,"potions_floor_spawned":[1,11,13,16,20,24,33,35,40,47],"ascension_level":6}