{"path_per_floor":["M","M","$","M","?","R","?","R","T","M","M","M","M","M","R","B",null,"M"],"character_chosen":"DEFECT","items_purchased":[],"gold_per_floor":[115,131,56,74,74,74,74,74,74,85,104,122,142,157,157,256,256,271,271],"floor_reached":19,"campfire_rested":2,"playtime":1031,"item_purchase_floors":[],"current_hp_per_floor":[75,68,68,63,38,38,38,60,60,38,34,32,13,8,30,5,58,17,0],"items_purged":["Strike_B"],"gold":271,"score":204,"play_id":"0ac38aba-1504-4838-8437-6872f6b41f73","local_time":"20180609203338","is_prod":false,"is_daily":false,"chose_seed":false,"is_ascension_mode":true,"campfire_upgraded":1,"win_rate":0,"timestamp":1528601618,"campfire_choices":[{"data":"Zap","floor":6,"key":"SMITH"},{"floor":8,"key":"REST"},{"floor":15,"key":"REST"}],"path_taken":["M","M","$","M","?","R","?","R","T","M","?","M","M","M","R","BOSS","M","M"],"build_version":"2018-06-07v3","seed_source_timestamp":21787151442139,"purchased_purges":1,"victory":false,"master_deck":["Strike_B","Strike_B","Defend_B","Defend_B","Defend_B","Defend_B","Zap+1","Dualcast","Loop","Ball Lightning","Decay","Leap","Darkness","Thunder Strike","Conserve Battery"],"max_hp_per_floor":[75,75,75,75,75,75,75,75,75,75,75,75,75,75,75,75,75,75,75],"relics":["Cracked Core","DataDisk","Ornamental Fan","Nuclear Battery"],"card_choices":[{"not_picked":["Hologram","Steam"],"picked":"Loop","floor":1},{"not_picked":["Redo","Recycle","Reprogram"],"picked":"SKIP","floor":2},{"not_picked":["Storm","Coolheaded"],"picked":"Ball Lightning","floor":4},{"not_picked":["Consume","Ball Lightning","Redo"],"picked":"SKIP","floor":10},{"not_picked":["Compile Driver","Conserve Battery","Steam"],"picked":"SKIP","floor":11},{"not_picked":["Stack","Doom and Gloom","Steam"],"picked":"SKIP","floor":12},{"not_picked":["Conserve Battery","Go for the Eyes"],"picked":"Leap","floor":13},{"not_picked":["Hologram","Streamline"],"picked":"Darkness","floor":14},{"not_picked":["Creative AI","All For One"],"picked":"Thunder Strike","floor":16},{"not_picked":["Steam+1","Turbo"],"picked":"Conserve Battery","floor":18}],"player_experience":415102,"potions_floor_usage":[11,13],"damage_taken":[{"damage":0,"enemies":"Small Slimes","floor":1,"turns":2},{"damage":7,"enemies":"Jaw Worm","floor":2,"turns":3},{"damage":5,"enemies":"2 Louse","floor":4,"turns":3},{"damage":22,"enemies":"Lots of Slimes","floor":10,"turns":3},{"damage":4,"enemies":"Red Slaver","floor":11,"turns":3},{"damage":2,"enemies":"Large Slime","floor":12,"turns":4},{"damage":19,"enemies":"Lots of Slimes","floor":13,"turns":3},{"damage":5,"enemies":"Blue Slaver","floor":14,"turns":3},{"damage":25,"enemies":"The Guardian","floor":16,"turns":8},{"damage":41,"enemies":"Chosen","floor":18,"turns":5},{"damage":25,"enemies":"Spheric Guardian","floor":19,"turns":3}],"relics_obtained":[{"floor":9,"key":"Ornamental Fan"}],"event_choices":[{"event_name":"Scrap Ooze","player_choice":"success","floor":5,"damage_taken":25},{"event_name":"Wheel of Change","player_choice":"Curse","floor":7,"damage_taken":0}],"boss_relics":[{"not_picked":["Calling Bell","Cursed Key"],"picked":"Nuclear Battery"}],"items_purged_floors":[3],"potions_floor_spawned":[1,10,12,18],"seed_played":"-54427868407898622","killed_by":"Spheric Guardian","ascension_level":5,"potions_obtained":[{"floor":1,"key":"FocusPotion"},{"floor":10,"key":"SkillPotion"},{"floor":12,"key":"Poison Potion"},{"floor":18,"key":"AttackPotion"}],"is_trial":false}