{"gold_per_floor":[113,123,136,136,136,170,170,190,217,229,229,240,240,253,253,357,357,372,389,26,26,26,26],"floor_reached":23,"playtime":1091,"items_purged":[],"score":193,"play_id":"6ce315a3-3be9-4c5e-8ce1-bf298fbc54bf","local_time":"20191007194127","is_ascension_mode":false,"campfire_choices":[{"data":"Barricade","floor":7,"key":"SMITH"},{"floor":15,"key":"REST"}],"neow_cost":"NONE","seed_source_timestamp":196267996598800,"circlet_count":0,"master_deck":["Strike_R","Strike_R","Strike_R","Strike_R","Strike_R","Defend_R","Defend_R","Defend_R","Defend_R","Bash","Berserk","Anger","Seeing Red+1","Iron Wave","Barricade+1","Havoc","Perfected Strike","Shrug It Off","Clothesline","Immolate","Havoc+1","Iron Wave","Mayhem","Armaments","True Grit","Finesse"],"relics":["Burning Blood","PreservedInsect","Ancient Tea Set","Runic Cube"],"potions_floor_usage":[16,16,16],"damage_taken":[{"damage":2,"enemies":"Small Slimes","floor":1,"turns":5},{"damage":7,"enemies":"2 Louse","floor":2,"turns":2},{"damage":6,"enemies":"Cultist","floor":3,"turns":3},{"damage":40,"enemies":"Lagavulin","floor":6,"turns":8},{"damage":19,"enemies":"2 Fungi Beasts","floor":8,"turns":5},{"damage":17,"enemies":"Looter","floor":10,"turns":4},{"damage":11,"enemies":"Blue Slaver","floor":12,"turns":5},{"damage":8,"enemies":"3 Louse","floor":14,"turns":3},{"damage":24,"enemies":"The Guardian","floor":16,"turns":13},{"damage":25,"enemies":"3 Byrds","floor":18,"turns":5},{"damage":55,"enemies":"2 Thieves","floor":19,"turns":5},{"damage":41,"enemies":"Slavers","floor":23,"turns":5}],"seed_played":"-190321489932826923","potions_obtained":[{"floor":2,"key":"Fire Potion"},{"floor":6,"key":"Weak Potion"},{"floor":8,"key":"Explosive Potion"},{"floor":12,"key":"PowerPotion"}],"is_trial":false,"path_per_floor":["M","M","M","?","?","E","R","M","T","M","?","M","?","M","R","B",null,"M","M","$","?","?","E"],"character_chosen":"IRONCLAD","items_purchased":["Mayhem","Armaments","True Grit","Finesse"],"campfire_rested":1,"item_purchase_floors":[20,20,20,20],"current_hp_per_floor":[80,79,79,79,79,45,45,32,32,21,18,13,13,11,35,17,80,61,12,12,12,38,0],"gold":26,"neow_bonus":"ONE_RANDOM_RARE_CARD","is_prod":false,"is_daily":false,"chose_seed":false,"campfire_upgraded":1,"win_rate":0.0,"timestamp":1570502487,"path_taken":["M","M","M","?","?","E","R","M","T","M","?","M","?","M","R","BOSS","M","M","$","?","?","E"],"build_version":"2019-07-17","purchased_purges":0,"victory":false,"max_hp_per_floor":[80,80,80,80,80,80,80,80,80,80,80,80,80,80,80,80,80,80,80,80,80,80,80],"card_choices":[{"not_picked":["Shockwave","Headbutt"],"picked":"Anger","floor":1},{"not_picked":["Evolve","Shrug It Off"],"picked":"Seeing Red","floor":2},{"not_picked":["True Grit","Clash"],"picked":"Iron Wave","floor":3},{"not_picked":["Shrug It Off","Wild Strike"],"picked":"Barricade","floor":6},{"not_picked":["Blood for Blood","Burning Pact"],"picked":"Havoc","floor":8},{"not_picked":["Cleave","Sword Boomerang"],"picked":"Perfected Strike","floor":10},{"not_picked":["Flex","Disarm"],"picked":"Shrug It Off","floor":12},{"not_picked":["Bloodletting","Combust"],"picked":"Clothesline","floor":14},{"not_picked":["Offering","Demon Form"],"picked":"Immolate","floor":16},{"not_picked":["Sentinel","Sword Boomerang"],"picked":"Havoc+1","floor":18},{"not_picked":["Heavy Blade","True Grit"],"picked":"Iron Wave","floor":19}],"player_experience":23700,"relics_obtained":[{"floor":6,"key":"PreservedInsect"},{"floor":9,"key":"Ancient Tea Set"}],"event_choices":[{"damage_healed":0,"gold_gain":0,"player_choice":"Ignored","damage_taken":0,"max_hp_gain":0,"max_hp_loss":0,"event_name":"Liars Game","floor":4,"gold_loss":0},{"damage_healed":0,"gold_gain":0,"player_choice":"Grow","damage_taken":0,"max_hp_gain":0,"max_hp_loss":0,"event_name":"Living Wall","floor":5,"gold_loss":0,"cards_upgraded":["Seeing Red"]},{"damage_healed":0,"gold_gain":0,"player_choice":"Fled","damage_taken":3,"max_hp_gain":0,"max_hp_loss":0,"event_name":"Scrap Ooze","floor":11,"gold_loss":0},{"damage_healed":0,"gold_gain":0,"player_choice":"Ignored","damage_taken":0,"max_hp_gain":0,"max_hp_loss":0,"event_name":"Shining Light","floor":13,"gold_loss":0},{"damage_healed":0,"gold_gain":0,"player_choice":"Ignored","damage_taken":0,"max_hp_gain":0,"max_hp_loss":0,"event_name":"Ghosts","floor":21,"gold_loss":0},{"damage_healed":26,"gold_gain":0,"player_choice":"Heal","damage_taken":0,"max_hp_gain":0,"max_hp_loss":0,"event_name":"The Library","floor":22,"gold_loss":0}],"is_beta":false,"boss_relics":[{"not_picked":["Fusion Hammer","Runic Dome"],"picked":"Runic Cube"}],"items_purged_floors":[],"is_endless":false,"potions_floor_spawned":[2,6,8,12],"killed_by":"Slavers","ascension_level":0}