{"path_per_floor":["M","M","M","$","M","R","M","M","T","R","M","R","E","M","R","B",null,"M","?","?","$","?","R","M","M","T","$","M","M","M","$","R"],"character_chosen":"DEFECT","items_purchased":["Loop","Ball Lightning","Leap","Loop"],"gold_per_floor":[115,133,148,68,87,87,97,117,117,117,130,130,165,177,177,277,277,296,211,136,14,14,14,34,52,75,75,87,106,122,39,39,39],"floor_reached":33,"campfire_rested":3,"playtime":6599,"item_purchase_floors":[4,21,31,31],"current_hp_per_floor":[74,67,65,65,65,65,58,52,52,52,48,70,44,36,58,51,69,54,54,54,54,54,54,56,40,40,40,52,50,34,34,56,0],"items_purged":["Dualcast"],"gold":39,"score":316,"play_id":"bc0466a2-1e17-464a-988e-14e3d8e580ca","local_time":"20180613225749","is_prod":false,"is_daily":false,"chose_seed":false,"is_ascension_mode":true,"campfire_upgraded":3,"win_rate":0,"timestamp":1528955869,"campfire_choices":[{"data":"Zap","floor":6,"key":"SMITH"},{"data":"Loop","floor":10,"key":"SMITH"},{"floor":12,"key":"REST"},{"floor":15,"key":"REST"},{"data":"Beam Cell","floor":23,"key":"SMITH"},{"floor":32,"key":"REST"}],"path_taken":["BOSS","M","M","M","$","?","R","M","M","T","R","?","R","E","M","R","BOSS","M","?","?","$","?","R","?","M","T","$","M","M","M","$","R","BOSS"],"build_version":"2018-06-07v3","seed_source_timestamp":0,"purchased_purges":1,"victory":false,"master_deck":["Strike_B","Strike_B","Defend_B","Defend_B","Defend_B","Defend_B","Zap+1","Streamline","Self Repair","Loop+1","Capacitor","Genetic Algorithm","Beam Cell+1","Loop","Coolheaded","Auto Shields+1","Ball Lightning","Cold Snap","Coolheaded+1","Leap","Loop"],"max_hp_per_floor":[75,75,75,75,75,75,75,75,75,75,75,75,75,75,75,75,75,75,75,75,75,75,75,75,75,75,75,75,75,75,75,75,75],"relics":["Cracked Core","Meat on the Bone","Sundial","Inserter","Mercury Hourglass","Anchor"],"card_choices":[{"not_picked":["Rebound","Conserve Battery"],"picked":"Streamline","floor":1},{"not_picked":["Reprogram","Streamline","Sweeping Beam"],"picked":"SKIP","floor":2},{"not_picked":["Barrage","Leap"],"picked":"Self Repair","floor":3},{"not_picked":["Turbo","Streamline"],"picked":"Capacitor","floor":5},{"not_picked":["Turbo","Heatsinks"],"picked":"Genetic Algorithm","floor":7},{"not_picked":["Sweeping Beam","Redo","Streamline"],"picked":"SKIP","floor":8},{"not_picked":["Streamline","Steam"],"picked":"Beam Cell","floor":11},{"not_picked":["Ball Lightning","Gash"],"picked":"Loop","floor":13},{"not_picked":["Redo","Sunder"],"picked":"Coolheaded","floor":14},{"not_picked":["Conserve Battery","Sunder+1"],"picked":"Auto Shields+1","floor":18},{"not_picked":["Turbo","Stack","Rebound"],"picked":"SKIP","floor":24},{"not_picked":["Ball Lightning+1","Turbo"],"picked":"Cold Snap","floor":25},{"not_picked":["Steam Power","Biased Cognition"],"picked":"Coolheaded+1","floor":28},{"not_picked":["Turbo","Lockon","Melter"],"picked":"SKIP","floor":29},{"not_picked":["Stack","Steam","Barrage"],"picked":"SKIP","floor":30}],"player_experience":514968,"potions_floor_usage":[13,25,28,29,29],"damage_taken":[{"damage":1,"enemies":"Cultist","floor":1,"turns":3},{"damage":7,"enemies":"2 Louse","floor":2,"turns":3},{"damage":2,"enemies":"Jaw Worm","floor":3,"turns":3},{"damage":7,"enemies":"2 Fungi Beasts","floor":5,"turns":4},{"damage":14,"enemies":"Large Slime","floor":7,"turns":5},{"damage":6,"enemies":"Looter","floor":8,"turns":2},{"damage":23,"enemies":"Exordium Wildlife","floor":11,"turns":5},{"damage":26,"enemies":"Gremlin Nob","floor":13,"turns":5},{"damage":27,"enemies":"Large Slime","floor":14,"turns":6},{"damage":14,"enemies":"The Guardian","floor":16,"turns":11},{"damage":22,"enemies":"Shell Parasite","floor":18,"turns":9},{"damage":17,"enemies":"Spheric Guardian","floor":24,"turns":4},{"damage":35,"enemies":"Snake Plant","floor":25,"turns":5},{"damage":7,"enemies":"Centurion and Healer","floor":28,"turns":9},{"damage":9,"enemies":"Snecko","floor":29,"turns":5},{"damage":28,"enemies":"3 Cultists","floor":30,"turns":6},{"damage":58,"enemies":"Collector","floor":33,"turns":8}],"relics_obtained":[{"floor":9,"key":"Meat on the Bone"},{"floor":13,"key":"Sundial"},{"floor":26,"key":"Anchor"}],"event_choices":[{"event_name":"Addict","player_choice":"Obtained Relic","floor":19,"damage_taken":0},{"event_name":"Beggar","player_choice":"Gave Gold","floor":20,"damage_taken":0},{"event_name":"Cursed Tome","player_choice":"Ignored","floor":22,"damage_taken":0}],"boss_relics":[{"not_picked":["Lizard Tail","Busted Crown"],"picked":"Inserter"}],"items_purged_floors":[21],"potions_floor_spawned":[2,5,7,13,25,28,29],"seed_played":"311938902565469334","killed_by":"Collector","ascension_level":5,"potions_obtained":[{"floor":2,"key":"FocusPotion"},{"floor":5,"key":"SpeedPotion"},{"floor":7,"key":"Energy Potion"},{"floor":13,"key":"SpeedPotion"},{"floor":25,"key":"Block Potion"},{"floor":28,"key":"FearPotion"},{"floor":29,"key":"Ancient Potion"}],"is_trial":false}