{"gold_per_floor":[110,129,129,143,143,168,168,133,133,163,176,176,176,200,200,290,290,304,304,304,304],"floor_reached":21,"playtime":13194,"items_purged":[],"score":365,"play_id":"8dfe56ca-7d49-46c3-b238-09bfab13b3a1","local_time":"20190726215242","is_ascension_mode":true,"campfire_choices":[{"data":"Zap","floor":7.0,"key":"SMITH"},{"data":"Defragment","floor":12.0,"key":"SMITH"},{"floor":15.0,"key":"REST"}],"neow_cost":"NONE","seed_source_timestamp":0,"circlet_count":0,"master_deck":["AscendersBane","Strike_B","Strike_B","Strike_B","Strike_B","Defend_B","Defend_B","Defend_B","Defend_B","Zap+1","Dualcast","Ball Lightning","Undo","Compile Driver","Reinforced Body","Genetic Algorithm","Defragment+1","Gash+1","All For One+1","Stack"],"special_seed":0,"relics":["Cracked Core","NeowsBlessing","Happy Flower","PreservedInsect","Molten Egg 2","Smiling Mask","Golden Idol","Inserter"],"potions_floor_usage":[],"damage_taken":[{"damage":0.0,"enemies":"Small Slimes","floor":1.0,"turns":1.0},{"damage":0.0,"enemies":"Jaw Worm","floor":2.0,"turns":1.0},{"damage":0.0,"enemies":"2 Louse","floor":4.0,"turns":1.0},{"damage":20.0,"enemies":"3 Sentries","floor":6.0,"turns":8.0},{"damage":22.0,"enemies":"Lagavulin","floor":10.0,"turns":5.0},{"damage":3.0,"enemies":"Blue Slaver","floor":11.0,"turns":3.0},{"damage":0.0,"enemies":"Looter","floor":14.0,"turns":3.0},{"damage":27.0,"enemies":"The Guardian","floor":16.0,"turns":10.0},{"damage":30.0,"enemies":"Shell Parasite","floor":18.0,"turns":6.0},{"damage":27,"enemies":"3 Byrds","floor":21,"turns":4}],"seed_played":"2729379548396345050","potions_obtained":[{"floor":10.0,"key":"SteroidPotion"},{"floor":11.0,"key":"Weak Potion"},{"floor":14.0,"key":"Weak Potion"},{"floor":20,"key":"SteroidPotion"},{"floor":20,"key":"Poison Potion"}],"is_trial":false,"path_per_floor":["M","M","?","M","?","E","R","?","T","E","M","R","?","M","R","B",null,"M","?","?","M"],"character_chosen":"DEFECT","items_purchased":[],"campfire_rested":1,"item_purchase_floors":[],"current_hp_per_floor":[64,64,53,53,58,38,38,57,57,35,32,32,6,6,28,1,57,27,27,27,0],"gold":304,"neow_bonus":"THREE_ENEMY_KILL","is_prod":false,"is_daily":false,"chose_seed":false,"campfire_upgraded":2,"win_rate":0,"timestamp":1564203162,"path_taken":["M","M","?","M","?","E","R","?","T","E","M","R","?","?","R","BOSS","M","?","?","M"],"build_version":"2019-07-17","purchased_purges":0,"victory":false,"max_hp_per_floor":[71,71,71,71,76,76,76,76,76,76,76,76,76,76,76,76,76,76,76,76,76],"card_choices":[{"not_picked":["Turbo","Streamline"],"picked":"Ball Lightning","floor":1.0},{"not_picked":["Doom and Gloom","Leap"],"picked":"Undo","floor":2.0},{"not_picked":["Streamline","Lockon"],"picked":"Compile Driver","floor":4.0},{"not_picked":["Static Discharge","Redo"],"picked":"Reinforced Body","floor":6.0},{"not_picked":["Go for the Eyes+1","Reboot"],"picked":"Genetic Algorithm","floor":10.0},{"not_picked":["Ball Lightning+1","Rebound+1"],"picked":"Defragment","floor":11.0},{"not_picked":["Beam Cell+1","FTL+1"],"picked":"Gash+1","floor":14.0},{"not_picked":["Machine Learning","Hyperbeam+1"],"picked":"All For One+1","floor":16.0},{"not_picked":["Leap","Hologram"],"picked":"Stack","floor":18.0}],"player_experience":2319083,"relics_obtained":[{"floor":6.0,"key":"PreservedInsect"},{"floor":9.0,"key":"Molten Egg 2"},{"floor":10.0,"key":"Smiling Mask"}],"event_choices":[{"damage_healed":0.0,"max_hp_gain":0.0,"max_hp_loss":0.0,"gold_gain":0.0,"event_name":"Scrap Ooze","player_choice":"Success","floor":3.0,"gold_loss":0.0,"damage_taken":11.0,"relics_obtained":["Happy Flower"]},{"damage_healed":0.0,"max_hp_gain":5.0,"max_hp_loss":0.0,"gold_gain":0.0,"event_name":"Big Fish","player_choice":"Donut","floor":5.0,"gold_loss":0.0,"damage_taken":0.0},{"damage_healed":19.0,"max_hp_gain":0.0,"max_hp_loss":0.0,"gold_gain":0.0,"event_name":"The Cleric","player_choice":"Healed","floor":8.0,"gold_loss":35.0,"damage_taken":0.0},{"damage_healed":0.0,"max_hp_gain":0.0,"max_hp_loss":0.0,"gold_gain":0.0,"event_name":"Golden Idol","player_choice":"Take Damage","floor":13.0,"gold_loss":0.0,"damage_taken":26.0,"relics_obtained":["Golden Idol"]},{"damage_healed":0,"gold_gain":0,"player_choice":"Ignored","damage_taken":0,"max_hp_gain":0,"max_hp_loss":0,"event_name":"The Mausoleum","floor":19,"gold_loss":0},{"damage_healed":0,"gold_gain":0,"player_choice":"Got Potions","damage_taken":0,"max_hp_gain":0,"max_hp_loss":0,"event_name":"Lab","floor":20,"gold_loss":0}],"is_beta":false,"boss_relics":[{"not_picked":["Runic Pyramid","Ectoplasm"],"picked":"Inserter"}],"items_purged_floors":[],"is_endless":false,"potions_floor_spawned":[10,11,14],"killed_by":"3 Byrds","ascension_level":19}