{"gold_per_floor":[109,129,54,54,71,71,71,90,114,114,14,14,29,29,29,29],"floor_reached":16,"playtime":504,"items_purged":["Dualcast","Strike_B"],"score":158,"play_id":"fa5724ec-a224-4cca-af65-e6313a8079b9","local_time":"20190530174915","is_ascension_mode":true,"campfire_choices":[{"data":"Zap","floor":6.0,"key":"SMITH"},{"data":"Glacier","floor":10.0,"key":"SMITH"},{"data":"Rebound","floor":15.0,"key":"SMITH"}],"neow_cost":"NONE","seed_source_timestamp":0,"circlet_count":0,"master_deck":["AscendersBane","Strike_B","Strike_B","Defend_B+1","Defend_B","Defend_B","Defend_B","Zap+1","Glacier+1","Chill+1","Rebound+1"],"special_seed":0,"relics":["Cracked Core","NeowsBlessing","War Paint","Matryoshka"],"potions_floor_usage":[16],"damage_taken":[{"damage":0.0,"enemies":"Cultist","floor":1.0,"turns":1.0},{"damage":0.0,"enemies":"Jaw Worm","floor":2.0,"turns":1.0},{"damage":0.0,"enemies":"2 Louse","floor":5.0,"turns":1.0},{"damage":0.0,"enemies":"Looter","floor":8.0,"turns":3.0},{"damage":0.0,"enemies":"Exordium Thugs","floor":13.0,"turns":5.0},{"damage":9,"enemies":"Slime Boss","floor":16,"turns":6}],"seed_played":"-7951288241668086468","potions_obtained":[{"floor":1.0,"key":"SteroidPotion"},{"floor":2.0,"key":"Weak Potion"}],"is_trial":false,"path_per_floor":["M","M","$","$","M","R","?","M","T","R","$","?","M","T","R","B"],"character_chosen":"DEFECT","items_purchased":[],"campfire_rested":0,"item_purchase_floors":[],"current_hp_per_floor":[64,64,64,64,64,64,64,64,64,64,64,64,64,64,64,55],"gold":29,"neow_bonus":"THREE_ENEMY_KILL","is_prod":false,"is_daily":false,"chose_seed":false,"campfire_upgraded":3,"win_rate":0,"timestamp":1559263755,"path_taken":["M","?","?","$","M","R","?","M","T","R","$","?","M","?","R","BOSS"],"build_version":"2019-01-23","purchased_purges":2,"victory":false,"max_hp_per_floor":[71,71,71,71,71,71,71,71,71,71,71,71,71,71,71,71],"card_choices":[{"not_picked":["Self Repair","Heatsinks"],"picked":"Glacier","floor":1.0},{"not_picked":["Gash","Leap","Doom and Gloom"],"picked":"SKIP","floor":2.0},{"not_picked":["Steam","Reinforced Body"],"picked":"Chill","floor":5.0},{"not_picked":["Darkness","Leap","Barrage"],"picked":"SKIP","floor":8.0},{"not_picked":["Rip and Tear","Creative AI"],"picked":"Rebound","floor":13.0}],"player_experience":1215873,"relics_obtained":[{"floor":9.0,"key":"War Paint"},{"floor":14.0,"key":"Matryoshka"}],"event_choices":[{"cards_removed":["Strike_B"],"damage_healed":0.0,"max_hp_gain":0.0,"max_hp_loss":0.0,"gold_gain":0.0,"event_name":"Living Wall","player_choice":"Forget","floor":7.0,"gold_loss":0.0,"damage_taken":0.0},{"damage_healed":0.0,"max_hp_gain":0.0,"max_hp_loss":0.0,"gold_gain":0.0,"event_name":"The Cleric","player_choice":"Leave","floor":12.0,"gold_loss":0.0,"damage_taken":0.0}],"is_beta":false,"boss_relics":[],"items_purged_floors":[3,11],"is_endless":false,"potions_floor_spawned":[1,2,8,13],"killed_by":"Slime Boss","ascension_level":15}