{"gold_per_floor":[119,129,146,113,129,163,163,192,217,247,247,247,258,284,284,385,385,398,413,338,351,16,16,41,41,41,41,41,56,56,71,71,172,172,187,198,198,215,229,229,244,244,297,324,52,52,63,63,63,63],"floor_reached":51,"playtime":3921,"items_purged":["Strike_B"],"score":971,"play_id":"597351f3-74b6-47d3-a84e-6907bd4ccec2","local_time":"20190826233451","is_ascension_mode":true,"campfire_choices":[{"data":"Echo Form","floor":7,"key":"SMITH"},{"floor":15,"key":"REST"},{"data":"Buffer","floor":23,"key":"SMITH"},{"data":"Double Energy","floor":28,"key":"SMITH"},{"data":"Glacier","floor":30,"key":"SMITH"},{"data":"Blizzard","floor":32,"key":"SMITH"},{"data":"Sunder","floor":40,"key":"SMITH"},{"data":"Compile Driver","floor":42,"key":"SMITH"},{"data":"Consume","floor":46,"key":"SMITH"},{"data":"Secret Weapon","floor":49,"key":"SMITH"}],"neow_cost":"NONE","seed_source_timestamp":1110085557105920,"circlet_count":0,"master_deck":["Strike_B","Defend_B","Defend_B","Defend_B","Zap","Dualcast","Chill","Sunder+1","Glacier+1","Chill","Leap","Echo Form+1","Conserve Battery","Creative AI","Double Energy+1","Darkness","Cold Snap","Buffer+1","Compile Driver+1","Blizzard+1","Secret Weapon+1","Blizzard+1","Reboot","Doubt","Consume+1"],"relics":["White Beast Statue","Pen Nib","Lantern","Dream Catcher","Happy Flower","Odd Mushroom","Eternal Feather","Blood Vial","Oddly Smooth Stone","Mummified Hand","Cursed Key","Potion Belt","Frozen Egg 2"],"potions_floor_usage":[3,8,8,14,16,16,19,21,24,31,44,50,50],"damage_taken":[{"damage":7,"enemies":"Small Slimes","floor":1,"turns":4},{"damage":0,"enemies":"2 Louse","floor":2,"turns":4},{"damage":0,"enemies":"Cultist","floor":3,"turns":3},{"damage":0,"enemies":"Exordium Thugs","floor":4,"turns":5},{"damage":2,"enemies":"Blue Slaver","floor":5,"turns":6},{"damage":5,"enemies":"3 Sentries","floor":6,"turns":10},{"damage":20,"enemies":"Gremlin Nob","floor":8,"turns":4},{"damage":1,"enemies":"Lagavulin","floor":10,"turns":6},{"damage":1,"enemies":"2 Fungi Beasts","floor":13,"turns":7},{"damage":0,"enemies":"The Mushroom Lair","floor":14,"turns":6},{"damage":12,"enemies":"Hexaghost","floor":16,"turns":13},{"damage":0,"enemies":"Shell Parasite","floor":18,"turns":11},{"damage":9,"enemies":"2 Thieves","floor":19,"turns":5},{"damage":15,"enemies":"Sentry and Sphere","floor":21,"turns":6},{"damage":0,"enemies":"Gremlin Leader","floor":24,"turns":8},{"damage":0,"enemies":"Cultist and Chosen","floor":29,"turns":7},{"damage":13,"enemies":"Centurion and Healer","floor":31,"turns":7},{"damage":6,"enemies":"Collector","floor":33,"turns":9},{"damage":22,"enemies":"Orb Walker","floor":35,"turns":6},{"damage":9,"enemies":"3 Darklings","floor":36,"turns":4},{"damage":22,"enemies":"Spire Growth","floor":38,"turns":6},{"damage":0,"enemies":"Maw","floor":39,"turns":9},{"damage":0,"enemies":"Sphere and 2 Shapes","floor":41,"turns":4},{"damage":0,"enemies":"Giant Head","floor":44,"turns":9},{"damage":16,"enemies":"4 Shapes","floor":47,"turns":8},{"damage":44,"enemies":"Time Eater","floor":50,"turns":10}],"seed_played":"790582084247488815","potions_obtained":[{"floor":1,"key":"EssenceOfSteel"},{"floor":2,"key":"SteroidPotion"},{"floor":3,"key":"SpeedPotion"},{"floor":4,"key":"SpeedPotion"},{"floor":5,"key":"Weak Potion"},{"floor":6,"key":"Swift Potion"},{"floor":8,"key":"LiquidBronze"},{"floor":10,"key":"Fire Potion"},{"floor":13,"key":"Energy Potion"},{"floor":14,"key":"Regen Potion"},{"floor":16,"key":"SteroidPotion"},{"floor":18,"key":"EssenceOfSteel"},{"floor":19,"key":"SteroidPotion"},{"floor":21,"key":"Fruit Juice"},{"floor":24,"key":"AttackPotion"},{"floor":29,"key":"Energy Potion"},{"floor":31,"key":"SteroidPotion"},{"floor":35,"key":"LiquidBronze"},{"floor":36,"key":"SkillPotion"},{"floor":39,"key":"GamblersBrew"},{"floor":44,"key":"PowerPotion"},{"floor":47,"key":"PowerPotion"}],"is_trial":false,"path_per_floor":["M","M","M","M","M","E","R","E","T","E","?","?","M","?","R","B",null,"M","M","?","M","$","R","E","?","T","?","R","M","R","M","R","B",null,"M","M","?","M","M","R","M","R","T","E","$","R","M","?","R","B",null],"character_chosen":"DEFECT","items_purchased":["Secret Weapon","Blood Vial","Consume","Ancient Potion","Energy Potion"],"campfire_rested":1,"item_purchase_floors":[22,22,45,45,45],"current_hp_per_floor":[61,61,61,61,59,54,54,34,34,33,33,33,32,32,54,57,71,71,69,69,66,66,78,80,65,65,65,77,85,85,79,85,85,85,70,63,63,50,59,74,83,85,85,85,85,85,76,76,85,41],"gold":63,"neow_bonus":"BOSS_RELIC","is_prod":false,"is_daily":false,"chose_seed":false,"campfire_upgraded":9,"win_rate":0,"timestamp":1566887691,"path_taken":["M","M","M","M","M","E","R","E","T","E","?","?","M","?","R","BOSS","M","M","?","M","$","R","E","?","T","?","R","M","R","M","R","BOSS","M","M","?","M","M","R","?","R","T","E","$","R","M","?","R","BOSS"],"build_version":"2019-07-17","purchased_purges":1,"victory":true,"max_hp_per_floor":[75,75,75,75,75,75,75,75,75,75,75,75,75,75,75,75,75,75,75,75,80,80,80,80,85,85,85,85,85,85,85,85,85,85,85,85,85,85,85,85,85,85,85,85,85,85,85,85,85,85],"card_choices":[{"not_picked":["Stack","Go for the Eyes"],"picked":"Chill","floor":1},{"not_picked":["Stack","Static Discharge"],"picked":"Sunder","floor":2},{"not_picked":["Conserve Battery","Fusion"],"picked":"Glacier","floor":3},{"not_picked":["Rebound","Hologram"],"picked":"Chill","floor":4},{"not_picked":["Lockon","Coolheaded"],"picked":"Leap","floor":5},{"not_picked":["Go for the Eyes","Beam Cell"],"picked":"Echo Form","floor":6},{"not_picked":["Gash","Rainbow"],"picked":"Conserve Battery","floor":8},{"not_picked":["Hello World","Electrodynamics"],"picked":"Creative AI","floor":10},{"not_picked":["Gash","Undo"],"picked":"Double Energy","floor":13},{"not_picked":["Force Field","Static Discharge"],"picked":"Darkness","floor":14},{"not_picked":["FTL","Stack"],"picked":"Cold Snap","floor":15},{"not_picked":["Multi-Cast","Fission"],"picked":"Buffer","floor":16},{"not_picked":["Capacitor","Rebound+1"],"picked":"Self Repair","floor":18},{"not_picked":["Reprogram","Go for the Eyes"],"picked":"Compile Driver","floor":19},{"not_picked":["Ball Lightning","Stack"],"picked":"Blizzard+1","floor":21},{"not_picked":["Steam","Recycle"],"picked":"Blizzard","floor":24},{"not_picked":["Auto Shields+1","Turbo","Stack"],"picked":"SKIP","floor":29},{"not_picked":["Blizzard","Ball Lightning","Steam"],"picked":"SKIP","floor":31},{"not_picked":["All For One","Amplify"],"picked":"Reboot","floor":33},{"not_picked":["Leap+1","Compile Driver+1","Cold Snap+1"],"picked":"SKIP","floor":35},{"not_picked":["Go for the Eyes+1","Turbo+1","Cold Snap"],"picked":"SKIP","floor":36},{"not_picked":["Blizzard","Steam","Cold Snap"],"picked":"SKIP","floor":38},{"not_picked":["Force Field","Undo+1","Steam"],"picked":"SKIP","floor":39},{"not_picked":["Streamline+1","Ball Lightning","Sweeping Beam+1"],"picked":"SKIP","floor":41},{"not_picked":["Leap","Doom and Gloom+1","Chaos+1"],"picked":"SKIP","floor":44},{"not_picked":["Stack+1","Cold Snap+1","BootSequence+1"],"picked":"SKIP","floor":47}],"player_experience":745152,"relics_obtained":[{"floor":6,"key":"Pen Nib"},{"floor":8,"key":"Lantern"},{"floor":9,"key":"Dream Catcher"},{"floor":10,"key":"Happy Flower"},{"floor":14,"key":"Odd Mushroom"},{"floor":24,"key":"Oddly Smooth Stone"},{"floor":26,"key":"Mummified Hand"},{"floor":43,"key":"Potion Belt"},{"floor":44,"key":"Frozen Egg 2"}],"event_choices":[{"cards_removed":["Strike_B"],"damage_healed":0,"gold_gain":0,"player_choice":"Forget","damage_taken":0,"max_hp_gain":0,"max_hp_loss":0,"event_name":"Living Wall","floor":11,"gold_loss":0},{"damage_healed":0,"gold_gain":0,"player_choice":"Fled","damage_taken":0,"max_hp_gain":0,"max_hp_loss":0,"event_name":"Scrap Ooze","floor":12,"gold_loss":0},{"damage_healed":0,"gold_gain":0,"player_choice":"Fought Mushrooms","damage_taken":0,"max_hp_gain":0,"max_hp_loss":0,"event_name":"Mushrooms","floor":14,"gold_loss":0},{"cards_removed":["Defend_B"],"damage_healed":0,"gold_gain":0,"player_choice":"Gave Gold","damage_taken":0,"max_hp_gain":0,"max_hp_loss":0,"event_name":"Beggar","floor":20,"gold_loss":75},{"damage_healed":0,"gold_gain":0,"player_choice":"Shed Blood","damage_taken":20,"max_hp_gain":5,"max_hp_loss":0,"event_name":"Forgotten Altar","floor":25,"gold_loss":0},{"cards_removed":["Strike_B"],"damage_healed":0,"gold_gain":0,"player_choice":"Elegance","damage_taken":0,"max_hp_gain":0,"max_hp_loss":0,"event_name":"Back to Basics","floor":27,"gold_loss":0},{"damage_healed":0,"gold_gain":0,"player_choice":"Bought 0 Potions","damage_taken":0,"max_hp_gain":0,"max_hp_loss":0,"event_name":"The Woman in Blue","floor":37,"gold_loss":0},{"cards_removed":["Self Repair"],"damage_healed":0,"gold_gain":0,"player_choice":"Removed Power","damage_taken":0,"max_hp_gain":0,"max_hp_loss":0,"event_name":"Falling","floor":48,"gold_loss":0}],"is_beta":false,"boss_relics":[{"not_picked":["Tiny House","Runic Pyramid"],"picked":"Eternal Feather"},{"not_picked":["Philosopher\u0027s Stone","Calling Bell"],"picked":"Cursed Key"}],"items_purged_floors":[45],"is_endless":false,"potions_floor_spawned":[1,2,3,4,5,6,8,10,13,14,16,18,19,21,24,29,31,33,35,36,38,39,41,44,47],"ascension_level":7}