{"gold_per_floor":[112,127,137,154,168,197,197,210,210,197,175,190,204,232,232,232],"floor_reached":16,"playtime":795,"items_purged":[],"score":165,"play_id":"1fae4d70-8664-4396-a471-3839b3e3e344","local_time":"20181027141334","is_ascension_mode":true,"campfire_choices":[{"floor":7,"key":"REST"},{"floor":15,"key":"REST"}],"neow_cost":"NONE","seed_source_timestamp":1108790534556154,"circlet_count":0,"master_deck":["Strike_R","Strike_R","Strike_R","Strike_R","Strike_R","Defend_R","Defend_R","Defend_R","Defend_R","Bash+1","Thunderclap","Perfected Strike","True Grit","Demon Form","Headbutt","Sentinel","Corruption","Heavy Blade","Armaments","Seeing Red","Iron Wave"],"relics":["Burning Blood","Boot","Mango","Smiling Mask"],"potions_floor_usage":[6,12,13,14],"damage_taken":[{"damage":6,"enemies":"Jaw Worm","floor":1,"turns":4},{"damage":1,"enemies":"Cultist","floor":2,"turns":4},{"damage":6,"enemies":"Small Slimes","floor":3,"turns":4},{"damage":0,"enemies":"3 Louse","floor":4,"turns":3},{"damage":23,"enemies":"Red Slaver","floor":5,"turns":3},{"damage":49,"enemies":"3 Sentries","floor":6,"turns":12},{"damage":5,"enemies":"Large Slime","floor":8,"turns":7},{"damage":16,"enemies":"Exordium Thugs","floor":10,"turns":4},{"damage":5,"enemies":"Red Slaver","floor":12,"turns":3},{"damage":5,"enemies":"3 Louse","floor":13,"turns":4},{"damage":3,"enemies":"Gremlin Nob","floor":14,"turns":3},{"damage":83,"enemies":"Slime Boss","floor":16,"turns":9}],"seed_played":"593772352708200465","potions_obtained":[{"floor":1,"key":"GamblersBrew"},{"floor":2,"key":"Swift Potion"},{"floor":3,"key":"Swift Potion"},{"floor":10,"key":"Fire Potion"},{"floor":13,"key":"AttackPotion"}],"is_trial":false,"path_per_floor":["M","M","M","M","M","E","R","M","T","M","$","M","M","E","R"],"character_chosen":"IRONCLAD","items_purchased":["Armaments"],"campfire_rested":2,"item_purchase_floors":[11],"current_hp_per_floor":[72,77,77,80,63,20,44,45,59,49,49,50,51,54,82,0],"gold":232,"neow_bonus":"UPGRADE_CARD","is_prod":false,"is_daily":false,"chose_seed":false,"campfire_upgraded":0,"win_rate":0,"timestamp":1540674814,"path_taken":["M","M","M","M","M","E","R","M","T","M","$","M","M","E","R","BOSS"],"build_version":"2018-10-25v2","purchased_purges":0,"victory":false,"max_hp_per_floor":[80,80,80,80,80,80,80,80,94,94,94,94,94,94,94,94],"card_choices":[{"not_picked":["Pommel Strike","Clash"],"picked":"Thunderclap","floor":1},{"not_picked":["Fire Breathing","Rage"],"picked":"Perfected Strike","floor":2},{"not_picked":["Evolve","Twin Strike"],"picked":"True Grit","floor":3},{"not_picked":["Wild Strike","Body Slam"],"picked":"Demon Form","floor":4},{"not_picked":["Havoc","True Grit"],"picked":"Headbutt","floor":5},{"not_picked":["Berserk","Rage"],"picked":"Sentinel","floor":6},{"not_picked":["Reckless Charge","Feel No Pain"],"picked":"Corruption","floor":8},{"not_picked":["Sword Boomerang","Clothesline"],"picked":"Heavy Blade","floor":10},{"not_picked":["Headbutt","Bloodletting","Hemokinesis"],"picked":"SKIP","floor":12},{"not_picked":["Dual Wield","Infernal Blade"],"picked":"Seeing Red","floor":13},{"not_picked":["Dual Wield","Twin Strike"],"picked":"Iron Wave","floor":14}],"player_experience":473005,"relics_obtained":[{"floor":6,"key":"Boot"},{"floor":9,"key":"Mango"},{"floor":14,"key":"Smiling Mask"}],"event_choices":[],"is_beta":false,"boss_relics":[],"items_purged_floors":[],"is_endless":false,"potions_floor_spawned":[1,2,3,10,13],"killed_by":"Slime Boss","ascension_level":8}