{"gold_per_floor":[113,113,130,144,244,273,285,285,310,310,324,324,358,376,376,376],"floor_reached":16,"playtime":759,"items_purged":[],"score":112,"play_id":"d2749d71-9583-46db-9b4a-79a2455204c8","local_time":"20191011220649","is_ascension_mode":false,"campfire_choices":[{"floor":8,"key":"REST"},{"floor":12,"key":"REST"},{"floor":15,"key":"REST"}],"neow_cost":"NONE","seed_source_timestamp":246441720452200,"circlet_count":0,"master_deck":["Strike_G+1","Strike_G","Strike_G","Strike_G","Defend_G","Defend_G","Defend_G","Defend_G","Defend_G","Survivor","Neutralize","Skewer+1","Infinite Blades","Deflect","All Out Attack","PiercingWail","Backflip","After Image","Terror"],"relics":["Ring of the Snake","Centennial Puzzle","Strawberry","Juzu Bracelet","Ancient Tea Set"],"potions_floor_usage":[16,16,16],"damage_taken":[{"damage":0,"enemies":"Small Slimes","floor":1,"turns":4},{"damage":3,"enemies":"Jaw Worm","floor":3,"turns":4},{"damage":6,"enemies":"Cultist","floor":4,"turns":3},{"damage":41,"enemies":"Lagavulin","floor":6,"turns":10},{"damage":8,"enemies":"Exordium Thugs","floor":7,"turns":5},{"damage":0,"enemies":"Red Slaver","floor":11,"turns":6},{"damage":27,"enemies":"3 Sentries","floor":13,"turns":7},{"damage":8,"enemies":"Lots of Slimes","floor":14,"turns":4},{"damage":40,"enemies":"Slime Boss","floor":16,"turns":12}],"seed_played":"6608976383983167320","potions_obtained":[{"floor":4,"key":"Block Potion"},{"floor":6,"key":"SpeedPotion"},{"floor":11,"key":"SkillPotion"}],"is_trial":false,"path_per_floor":["M","?","M","M","?","E","M","R","T","?","M","R","E","M","R","B"],"character_chosen":"THE_SILENT","items_purchased":[],"campfire_rested":3,"item_purchase_floors":[],"current_hp_per_floor":[70,70,67,61,61,27,19,42,42,27,27,50,23,15,38,0],"gold":376,"neow_bonus":"RANDOM_COMMON_RELIC","is_prod":false,"is_daily":false,"chose_seed":false,"campfire_upgraded":0,"win_rate":0.0,"timestamp":1570856809,"path_taken":["M","?","M","M","?","E","M","R","T","?","M","R","E","M","R","BOSS"],"build_version":"2019-07-17","purchased_purges":0,"victory":false,"max_hp_per_floor":[70,70,70,70,70,77,77,77,77,77,77,77,77,77,77,77],"card_choices":[{"not_picked":["PiercingWail","Dodge and Roll"],"picked":"Skewer","floor":1},{"not_picked":["Dodge and Roll","Calculated Gamble"],"picked":"Infinite Blades","floor":3},{"not_picked":["Dagger Throw","Poisoned Stab"],"picked":"Deflect","floor":4},{"not_picked":["Deadly Poison","Tools of the Trade"],"picked":"All Out Attack","floor":6},{"not_picked":["Sucker Punch","Finisher"],"picked":"PiercingWail","floor":7},{"not_picked":["Dagger Spray","Sucker Punch"],"picked":"Backflip","floor":11},{"not_picked":["Sucker Punch","PiercingWail"],"picked":"After Image","floor":13},{"not_picked":["Slice","Infinite Blades"],"picked":"Terror","floor":14}],"player_experience":54121,"relics_obtained":[{"floor":6,"key":"Strawberry"},{"floor":9,"key":"Juzu Bracelet"},{"floor":13,"key":"Ancient Tea Set"}],"event_choices":[{"cards_removed":["Strike_G"],"damage_healed":0,"gold_gain":0,"player_choice":"Forget","damage_taken":0,"max_hp_gain":0,"max_hp_loss":0,"event_name":"Living Wall","floor":2,"gold_loss":0},{"damage_healed":0,"gold_gain":100,"player_choice":"Pray","damage_taken":0,"max_hp_gain":0,"max_hp_loss":0,"event_name":"Golden Shrine","floor":5,"gold_loss":0},{"damage_healed":0,"gold_gain":0,"player_choice":"Entered Light","damage_taken":15,"max_hp_gain":0,"max_hp_loss":0,"event_name":"Shining Light","floor":10,"gold_loss":0,"cards_upgraded":["Skewer","Strike_G"]}],"is_beta":false,"boss_relics":[],"items_purged_floors":[],"is_endless":false,"potions_floor_spawned":[4,6,11],"killed_by":"Slime Boss","ascension_level":0}