{"gold_per_floor":[210,224,244,244,261,292,292,311,311,311,341,516,516,47,47,148,148,162,143,163,183,29,63,63,63],"floor_reached":25,"playtime":1207,"items_purged":["Strike_B","Strike_B"],"score":326,"play_id":"6a7071a0-0579-47ee-8d9a-af2489cce039","local_time":"20190831211521","is_ascension_mode":true,"campfire_choices":[{"floor":7,"key":"REST"},{"floor":10,"key":"REST"},{"floor":13,"key":"REST"},{"data":"Scrape","floor":15,"key":"SMITH"},{"floor":24,"key":"REST"}],"neow_cost":"NONE","seed_source_timestamp":1536431640195602,"circlet_count":0,"master_deck":["Strike_B","Strike_B","Defend_B","Defend_B","Defend_B","Defend_B","Zap","Dualcast","Scrape+1","Capacitor","Blizzard","Gash","Biased Cognition","Conserve Battery","Glacier","Gash","Conserve Battery","Buffer","Leap","Streamline","Capacitor","Barrage","Ball Lightning","Tempest"],"relics":["Cracked Core","GremlinMask","Mercury Hourglass","Omamori","Orichalcum","Pen Nib","Lantern","Sozu","The Courier"],"potions_floor_usage":[6,16,21,23],"damage_taken":[{"damage":1,"enemies":"Cultist","floor":1,"turns":3},{"damage":0,"enemies":"Small Slimes","floor":2,"turns":2},{"damage":0,"enemies":"2 Louse","floor":3,"turns":2},{"damage":15,"enemies":"Large Slime","floor":5,"turns":6},{"damage":25,"enemies":"3 Sentries","floor":6,"turns":7},{"damage":12,"enemies":"Looter","floor":8,"turns":3},{"damage":21,"enemies":"Lagavulin","floor":11,"turns":6},{"damage":14,"enemies":"Slime Boss","floor":16,"turns":10},{"damage":0,"enemies":"Spheric Guardian","floor":18,"turns":4},{"damage":5,"enemies":"2 Thieves","floor":19,"turns":4},{"damage":25,"enemies":"Sentry and Sphere","floor":20,"turns":6},{"damage":0,"enemies":"3 Cultists","floor":21,"turns":5},{"damage":22,"enemies":"Slavers","floor":23,"turns":5},{"damage":40,"enemies":"Book of Stabbing","floor":25,"turns":6}],"seed_played":"-9067950829102780089","potions_obtained":[{"floor":1,"key":"LiquidBronze"},{"floor":3,"key":"Fire Potion"},{"floor":8,"key":"SkillPotion"},{"floor":11,"key":"FocusPotion"},{"floor":16,"key":"FocusPotion"}],"is_trial":false,"path_per_floor":["M","M","M","?","M","E","R","M","T","R","E","?","R","$","R","B",null,"M","M","M","M","$","E","R","E"],"character_chosen":"DEFECT","items_purchased":["Pen Nib","Gash","Lantern","Conserve Battery","Ball Lightning"],"campfire_rested":4,"item_purchase_floors":[14,14,14,14,22],"current_hp_per_floor":[67,67,67,67,52,27,49,37,37,59,38,38,60,60,60,46,68,68,63,38,38,38,16,38,0],"gold":63,"neow_bonus":"HUNDRED_GOLD","is_prod":false,"is_daily":false,"chose_seed":false,"campfire_upgraded":1,"win_rate":0,"timestamp":1567311321,"path_taken":["M","M","M","?","M","E","R","?","T","R","E","?","R","$","R","BOSS","M","M","M","M","$","E","R","E"],"build_version":"2019-07-17","purchased_purges":2,"victory":false,"max_hp_per_floor":[75,75,75,75,75,75,75,75,75,75,75,75,75,75,75,75,75,75,75,75,75,75,75,75,75],"card_choices":[{"not_picked":["Storm","Stack"],"picked":"Scrape","floor":1},{"not_picked":["Coolheaded","Leap"],"picked":"Capacitor","floor":2},{"not_picked":["Scrape","Darkness"],"picked":"Blizzard","floor":3},{"not_picked":["Stack","Aggregate"],"picked":"Gash","floor":5},{"not_picked":["Storm","Stack"],"picked":"Biased Cognition","floor":6},{"not_picked":["Barrage","Stack"],"picked":"Conserve Battery","floor":8},{"not_picked":["Streamline","Steam Power"],"picked":"Glacier","floor":11},{"not_picked":["Reboot","Hyperbeam"],"picked":"Buffer","floor":16},{"not_picked":["Compile Driver","Hologram"],"picked":"Leap","floor":18},{"not_picked":["Double Energy","Compile Driver"],"picked":"Streamline","floor":19},{"not_picked":["Compile Driver","Hologram"],"picked":"Capacitor","floor":20},{"not_picked":["Compile Driver","Capacitor"],"picked":"Barrage","floor":21},{"not_picked":["Hologram","Double Energy"],"picked":"Tempest","floor":23}],"player_experience":753751,"relics_obtained":[{"floor":6,"key":"Mercury Hourglass"},{"floor":9,"key":"Omamori"},{"floor":11,"key":"Orichalcum"},{"floor":23,"key":"The Courier"}],"event_choices":[{"damage_healed":0,"gold_gain":0,"player_choice":"Trade","damage_taken":0,"relics_obtained":["GremlinMask"],"max_hp_gain":0,"max_hp_loss":0,"event_name":"FaceTrader","floor":4,"gold_loss":0},{"damage_healed":0,"gold_gain":175,"player_choice":"AGREE","damage_taken":0,"max_hp_gain":0,"max_hp_loss":0,"event_name":"Liars Game","floor":12,"gold_loss":0,"cards_obtained":["Doubt"]}],"is_beta":false,"boss_relics":[{"not_picked":["Eternal Feather","Orrery"],"picked":"Sozu"}],"items_purged_floors":[14,22],"is_endless":false,"potions_floor_spawned":[1,3,8,11,16,19],"killed_by":"Book of Stabbing","ascension_level":8}