{"gold_per_floor":[217,34,34,109,120,120,132,132,156,186,186,201,228,238,238,310,310,328,158,129,142,122,151,151,163,163,163,213,227,102,116,116,194,194,204,54,54,65,65,65,65,75,75,85,85],"floor_reached":45,"playtime":10992,"items_purged":["Dualcast","Strike_B","Strike_B","Defend_B"],"score":849,"play_id":"fd66893d-1de9-4150-9af6-8b12a072ecd1","local_time":"20190616120129","is_ascension_mode":true,"campfire_choices":[{"data":"Zap","floor":6.0,"key":"SMITH"},{"data":"Hologram","floor":8.0,"key":"SMITH"},{"floor":11.0,"key":"REST"},{"data":"Defragment","floor":15.0,"key":"SMITH"},{"data":"Coolheaded","floor":24.0,"key":"SMITH"},{"data":"Capacitor","floor":27.0,"key":"SMITH"},{"floor":32.0,"key":"REST"},{"data":"Recycle","floor":40.0,"key":"SMITH"}],"neow_cost":"NONE","seed_source_timestamp":0,"circlet_count":0,"master_deck":["AscendersBane","Strike_B","Defend_B","Defend_B","Defend_B","Zap+1","Hologram+1","Defragment+1","Genetic Algorithm","Go for the Eyes","Conserve Battery","Coolheaded+1","BootSequence","Creative AI","Cold Snap+1","Capacitor+1","Blizzard","Barrage","Undo","Thunder Strike","Recycle+1","Self Repair","Skim"],"special_seed":0,"relics":["Cracked Core","Potion Belt","Emotion Chip","Lantern","Velvet Choker","Art of War","Blood Vial","Orrery","Blue Candle"],"potions_floor_usage":[],"damage_taken":[{"damage":4.0,"enemies":"2 Louse","floor":1.0,"turns":3.0},{"damage":3.0,"enemies":"Jaw Worm","floor":5.0,"turns":5.0},{"damage":0.0,"enemies":"Small Slimes","floor":7.0,"turns":3.0},{"damage":23.0,"enemies":"Gremlin Nob","floor":10.0,"turns":5.0},{"damage":6.0,"enemies":"Gremlin Gang","floor":12.0,"turns":2.0},{"damage":10.0,"enemies":"Exordium Wildlife","floor":14.0,"turns":4.0},{"damage":19.0,"enemies":"The Guardian","floor":16.0,"turns":16.0},{"damage":0.0,"enemies":"3 Byrds","floor":18.0,"turns":3.0},{"damage":5.0,"enemies":"2 Thieves","floor":20.0,"turns":5.0},{"damage":0.0,"enemies":"Centurion and Healer","floor":21.0,"turns":10.0},{"damage":10.0,"enemies":"Gremlin Leader","floor":23.0,"turns":10.0},{"damage":0.0,"enemies":"Snecko","floor":25.0,"turns":9.0},{"damage":6.0,"enemies":"Chosen and Byrds","floor":29.0,"turns":7.0},{"damage":4.0,"enemies":"Snake Plant","floor":31.0,"turns":6.0},{"damage":0.0,"enemies":"Automaton","floor":33.0,"turns":14.0},{"damage":11.0,"enemies":"3 Shapes","floor":35.0,"turns":9.0},{"damage":7.0,"enemies":"3 Darklings","floor":38.0,"turns":7.0},{"damage":67.0,"enemies":"4 Shapes","floor":42.0,"turns":8.0},{"damage":6,"enemies":"Writhing Mass","floor":44,"turns":11},{"damage":19,"enemies":"Spire Growth","floor":45,"turns":5}],"seed_played":"-1288423664860594194","potions_obtained":[{"floor":5.0,"key":"LiquidBronze"},{"floor":7.0,"key":"Block Potion"},{"floor":10.0,"key":"PowerPotion"},{"floor":16.0,"key":"LiquidBronze"},{"floor":20.0,"key":"Block Potion"},{"floor":21.0,"key":"Swift Potion"},{"floor":22.0,"key":"SteroidPotion"},{"floor":31.0,"key":"FocusPotion"},{"floor":33.0,"key":"Strength Potion"},{"floor":35.0,"key":"Poison Potion"},{"floor":38.0,"key":"Poison Potion"},{"floor":44,"key":"FearPotion"}],"is_trial":false,"path_per_floor":["M","$","?","?","M","R","M","R","T","E","R","M","T","M","R","B",null,"M","$","M","M","?","E","R","M","T","R","?","M","$","M","R","B",null,"M","$","?","M","$","R","$","M","T","M","M"],"character_chosen":"DEFECT","items_purchased":["Defragment","Genetic Algorithm","Capacitor"],"campfire_rested":2,"item_purchase_floors":[2,2,19],"current_hp_per_floor":[60,60,53,42,39,39,39,39,39,16,37,31,31,21,21,2,54,54,54,49,49,49,39,39,39,39,39,39,35,35,33,54,56,67,65,65,65,67,67,67,67,9,9,12,0],"gold":85,"neow_bonus":"HUNDRED_GOLD","is_prod":false,"is_daily":false,"chose_seed":false,"campfire_upgraded":6,"win_rate":0,"timestamp":1560711689,"path_taken":["M","$","?","?","M","R","M","R","T","E","R","M","?","M","R","BOSS","M","$","M","M","?","E","R","?","T","R","?","M","$","M","R","BOSS","M","?","?","?","?","R","$","M","T","M","M"],"build_version":"2019-01-23","purchased_purges":4,"victory":false,"max_hp_per_floor":[71,71,71,71,71,71,71,71,71,71,71,71,71,71,71,71,71,71,71,71,71,71,71,71,71,71,71,71,71,71,71,71,71,71,71,71,71,71,71,71,71,71,71,71,71],"card_choices":[{"not_picked":["Undo","Chaos"],"picked":"Hologram","floor":1.0},{"not_picked":["Leap","Steam"],"picked":"Go for the Eyes","floor":5.0},{"not_picked":["Hologram","Static Discharge","Turbo"],"picked":"SKIP","floor":7.0},{"not_picked":["Hologram","Auto Shields"],"picked":"Conserve Battery","floor":10.0},{"not_picked":["Fusion","Multi-Cast"],"picked":"Coolheaded","floor":12.0},{"not_picked":["Sweeping Beam","Coolheaded"],"picked":"BootSequence","floor":14.0},{"not_picked":["Thunder Strike","Multi-Cast"],"picked":"Creative AI","floor":16.0},{"not_picked":["Genetic Algorithm","Sweeping Beam+1"],"picked":"Cold Snap+1","floor":18.0},{"not_picked":["Stack","Steam","Coolheaded"],"picked":"SKIP","floor":20.0},{"not_picked":["Beam Cell","Sweeping Beam","Ball Lightning"],"picked":"SKIP","floor":21.0},{"not_picked":["Rebound","Beam Cell"],"picked":"Blizzard","floor":23.0},{"not_picked":["All For One","Blizzard","Reinforced Body"],"picked":"SKIP","floor":25.0},{"not_picked":["Streamline","Blizzard"],"picked":"Barrage","floor":29.0},{"not_picked":["Go for the Eyes","FTL"],"picked":"Undo","floor":31.0},{"not_picked":["Fission","Multi-Cast"],"picked":"Thunder Strike","floor":33.0},{"not_picked":["Fusion","Static Discharge"],"picked":"Recycle","floor":34.0},{"not_picked":["Stack","Reprogram"],"picked":"Self Repair","floor":34.0},{"not_picked":["Go for the Eyes","Sweeping Beam"],"picked":"Skim","floor":34.0},{"not_picked":["Streamline","Force Field+1","Conserve Battery"],"picked":"SKIP","floor":35.0},{"not_picked":["Rainbow","Chaos","FTL"],"picked":"SKIP","floor":38.0},{"not_picked":["Streamline","Undo","Leap"],"picked":"SKIP","floor":42.0},{"not_picked":["Gash","Sweeping Beam","Steam Power"],"picked":"SKIP","floor":44}],"player_experience":1256307,"relics_obtained":[{"floor":9.0,"key":"Potion Belt"},{"floor":10.0,"key":"Emotion Chip"},{"floor":13.0,"key":"Lantern"},{"floor":23.0,"key":"Art of War"},{"floor":26.0,"key":"Blood Vial"},{"floor":43.0,"key":"Blue Candle"}],"event_choices":[{"cards_removed":["Strike_B"],"damage_healed":0.0,"max_hp_gain":0.0,"max_hp_loss":0.0,"gold_gain":0.0,"event_name":"Golden Wing","player_choice":"Card Removal","floor":3.0,"gold_loss":0.0,"damage_taken":7.0},{"damage_healed":0.0,"max_hp_gain":0.0,"max_hp_loss":0.0,"gold_gain":75.0,"event_name":"World of Goop","player_choice":"Gather Gold","floor":4.0,"gold_loss":0.0,"damage_taken":11.0},{"damage_healed":0.0,"max_hp_gain":0.0,"max_hp_loss":0.0,"gold_gain":0.0,"event_name":"The Woman in Blue","player_choice":"Bought 1 Potion","floor":22.0,"gold_loss":0.0,"damage_taken":0.0},{"damage_healed":0.0,"max_hp_gain":0.0,"max_hp_loss":0.0,"gold_gain":100.0,"event_name":"The Joust","player_choice":"Bet on Murderer","floor":28.0,"gold_loss":50.0,"damage_taken":0.0},{"damage_healed":0.0,"max_hp_gain":0.0,"max_hp_loss":0.0,"gold_gain":0.0,"event_name":"Match and Keep!","player_choice":"0 cards matched","floor":37.0,"gold_loss":0.0,"damage_taken":0.0,"cards_obtained":[]}],"is_beta":false,"boss_relics":[{"not_picked":["Black Star","Eternal Feather"],"picked":"Velvet Choker"},{"not_picked":["Nuclear Battery","Fusion Hammer"],"picked":"Orrery"}],"items_purged_floors":[2,19,30,36],"is_endless":false,"potions_floor_spawned":[5,7,10,16,20,21,31,33,35,38,44],"killed_by":"Spire Growth","ascension_level":15}