{"gold_per_floor":[115,127,143,5,5,31,31,41,41,60,85,105,123,133,133,230,230,248,268,268,285,295,295,328,328,354,354,368,44,44,75,75,75],"floor_reached":33,"playtime":1480,"items_purged":[],"score":301,"play_id":"36e7c4ee-ed40-4c9f-83ad-cc4d90b1869d","local_time":"20191009223214","is_ascension_mode":false,"campfire_choices":[{"data":"Clash","floor":7.0,"key":"SMITH"},{"data":"Spot Weakness","floor":15.0,"key":"SMITH"},{"data":"Demon Form","floor":23.0,"key":"SMITH"},{"floor":25.0,"key":"REST"},{"data":"Iron Wave","floor":27.0,"key":"SMITH"},{"floor":32.0,"key":"REST"}],"neow_cost":"NONE","seed_source_timestamp":74114204104900,"circlet_count":0,"master_deck":["Strike_R","Strike_R","Strike_R","Strike_R","Strike_R","Defend_R","Defend_R","Defend_R","Defend_R","Bash","Pommel Strike","Cleave","Clash","Immolate","Clash+1","Shockwave","True Grit","Iron Wave+1","Offering","Spot Weakness+1","Flex","Demon Form+1","Uppercut","Blood for Blood","Necronomicurse","Ghostly Armor","Uppercut+1","Anger","Barricade","Flame Barrier","Finesse","Apotheosis","Pummel+1"],"special_seed":0,"relics":["Burning Blood","Champion Belt","Dodecahedron","Bottled Flame","Black Star","Necronomicon","Boot","Happy Flower","Centennial Puzzle","Shuriken","Bronze Scales"],"potions_floor_usage":[33],"damage_taken":[{"damage":1.0,"enemies":"Cultist","floor":1.0,"turns":4.0},{"damage":15.0,"enemies":"Jaw Worm","floor":2.0,"turns":4.0},{"damage":1.0,"enemies":"2 Louse","floor":3.0,"turns":2.0},{"damage":6.0,"enemies":"Gremlin Nob","floor":6.0,"turns":3.0},{"damage":0.0,"enemies":"2 Fungi Beasts","floor":8.0,"turns":2.0},{"damage":0.0,"enemies":"Blue Slaver","floor":10.0,"turns":2.0},{"damage":19.0,"enemies":"Lagavulin","floor":11.0,"turns":4.0},{"damage":0.0,"enemies":"3 Louse","floor":12.0,"turns":1.0},{"damage":5.0,"enemies":"Looter","floor":13.0,"turns":2.0},{"damage":11.0,"enemies":"Large Slime","floor":14.0,"turns":4.0},{"damage":26.0,"enemies":"Hexaghost","floor":16.0,"turns":6.0},{"damage":6.0,"enemies":"3 Byrds","floor":18.0,"turns":3.0},{"damage":5.0,"enemies":"Chosen","floor":19.0,"turns":3.0},{"damage":9.0,"enemies":"Centurion and Healer","floor":21.0,"turns":5.0},{"damage":13.0,"enemies":"3 Cultists","floor":22.0,"turns":3.0},{"damage":33.0,"enemies":"Gremlin Leader","floor":24.0,"turns":4.0},{"damage":3.0,"enemies":"Snecko","floor":28.0,"turns":3.0},{"damage":37.0,"enemies":"Book of Stabbing","floor":31.0,"turns":6.0},{"damage":60,"enemies":"Collector","floor":33,"turns":7}],"seed_played":"4890230220704869109","potions_obtained":[{"floor":1.0,"key":"Ancient Potion"},{"floor":2.0,"key":"Swift Potion"},{"floor":6.0,"key":"Regen Potion"},{"floor":22.0,"key":"GamblersBrew"}],"is_trial":false,"path_per_floor":["M","M","M","$","?","E","R","M","T","M","E","M","M","M","R","B",null,"M","M","?","M","M","R","E","R","T","R","M","$","?","E","R","B"],"character_chosen":"IRONCLAD","items_purchased":["Immolate","Flame Barrier","Finesse","Apotheosis"],"campfire_rested":2,"item_purchase_floors":[4,29,29,29],"current_hp_per_floor":[88,79,84,84,84,84,84,88,88,88,75,81,82,77,77,71,88,88,88,72,69,62,62,35,61,61,61,64,64,64,33,59,0],"gold":75,"neow_bonus":"TEN_PERCENT_HP_BONUS","is_prod":false,"is_daily":false,"chose_seed":false,"campfire_upgraded":4,"win_rate":0.0,"timestamp":1570685534,"path_taken":["M","M","M","?","?","E","R","M","T","M","E","M","M","M","R","BOSS","M","M","?","M","M","R","E","R","T","R","M","$","?","E","R","BOSS"],"build_version":"2019-07-17","purchased_purges":0,"victory":false,"max_hp_per_floor":[88,88,88,88,88,88,88,88,88,88,88,88,88,88,88,88,88,88,88,88,88,88,88,88,88,88,88,88,88,88,88,88,88],"card_choices":[{"not_picked":["Rupture","Body Slam"],"picked":"Pommel Strike","floor":1.0},{"not_picked":["Clash","Heavy Blade"],"picked":"Cleave","floor":2.0},{"not_picked":["Pommel Strike","Whirlwind"],"picked":"Clash","floor":3.0},{"not_picked":["Warcry","Immolate"],"picked":"Clash","floor":6.0},{"not_picked":["Clash","Sever Soul"],"picked":"Shockwave","floor":8.0},{"not_picked":["Sword Boomerang","Battle Trance"],"picked":"True Grit","floor":10.0},{"not_picked":["Entrench","Body Slam"],"picked":"Iron Wave","floor":11.0},{"not_picked":["Uppercut","Clothesline"],"picked":"Offering","floor":12.0},{"not_picked":["Bloodletting","Wild Strike"],"picked":"Spot Weakness","floor":13.0},{"not_picked":["Reckless Charge","Shockwave"],"picked":"Flex","floor":14.0},{"not_picked":["Berserk","Exhume"],"picked":"Demon Form","floor":16.0},{"not_picked":["Corruption","Burning Pact+1"],"picked":"Uppercut","floor":18.0},{"not_picked":["Body Slam","Cleave"],"picked":"Blood for Blood","floor":19.0},{"not_picked":["Corruption","Clash"],"picked":"Ghostly Armor","floor":21.0},{"not_picked":["Thunderclap+1","Body Slam"],"picked":"Uppercut+1","floor":22.0},{"not_picked":["Flex","Battle Trance"],"picked":"Anger","floor":24.0},{"not_picked":["Clothesline+1","Havoc"],"picked":"Barricade","floor":28.0},{"not_picked":["True Grit","Combust"],"picked":"Pummel+1","floor":31.0}],"player_experience":45643,"relics_obtained":[{"floor":6.0,"key":"Champion Belt"},{"floor":9.0,"key":"Dodecahedron"},{"floor":11.0,"key":"Bottled Flame"},{"floor":20.0,"key":"Necronomicon"},{"floor":24.0,"key":"Boot"},{"floor":24.0,"key":"Happy Flower"},{"floor":26.0,"key":"Centennial Puzzle"},{"floor":31.0,"key":"Shuriken"},{"floor":31.0,"key":"Bronze Scales"}],"event_choices":[{"damage_healed":0.0,"max_hp_gain":0.0,"max_hp_loss":0.0,"gold_gain":0.0,"event_name":"Golden Idol","player_choice":"Ignored","floor":5.0,"gold_loss":0.0,"damage_taken":0.0},{"damage_healed":0.0,"max_hp_gain":0.0,"max_hp_loss":0.0,"gold_gain":0.0,"event_name":"Cursed Tome","player_choice":"Obtained Book","floor":20.0,"gold_loss":0.0,"damage_taken":16.0}],"is_beta":false,"boss_relics":[{"not_picked":["Runic Dome","Tiny House"],"picked":"Black Star"}],"items_purged_floors":[],"is_endless":false,"potions_floor_spawned":[1,2,6,8,12,22,28],"killed_by":"Collector","ascension_level":0}