{"gold_per_floor":[115,134,147,157,157,157,184,203,229,229,245,260,292,14,14,92,92,111,33,33,53,69,69,104,104,153,153,253,253,253,271,271,345,345,356,370,770,770,695,695,705,725,750,750,750,414,425,66,66,66],"floor_reached":51,"playtime":2867,"items_purged":["Strike_B","Strike_B"],"score":1241,"play_id":"22bb46a8-3105-445d-ba23-d289121b46a5","local_time":"20190723175111","is_ascension_mode":true,"campfire_choices":[{"floor":6.0,"key":"REST"},{"floor":10.0,"key":"REST"},{"data":"Zap","floor":15.0,"key":"SMITH"},{"floor":23.0,"key":"REST"},{"floor":27.0,"key":"REST"},{"floor":29.0,"key":"REST"},{"data":"Capacitor","floor":32.0,"key":"SMITH"},{"data":"Echo Form","floor":40.0,"key":"SMITH"},{"floor":45,"key":"REST"},{"data":"Defragment","floor":49,"key":"SMITH"}],"neow_cost":"NONE","seed_source_timestamp":0,"circlet_count":0,"master_deck":["AscendersBane","Strike_B","Defend_B","Defend_B","Defend_B","Defend_B","Zap+1","Dualcast","Self Repair","Rebound","Streamline","Cold Snap","Defragment","Defragment","Chaos","Glacier","Ball Lightning","Electrodynamics","Capacitor+1","Glacier","White Noise","Recycle","Defragment+1","Echo Form+1","Hologram+1","Stack+1","Conserve Battery+1","Tempest+1","Chill","Self Repair","Thunder Strike","Loop","Force Field","Melter"],"special_seed":0,"relics":["Cracked Core","NeowsBlessing","Anchor","DataDisk","Orichalcum","Happy Flower","Mummified Hand","Black Star","Singing Bowl","Bird Faced Urn","Darkstone Periapt","Blood Vial","Girya","Mercury Hourglass","MutagenicStrength","Philosopher\u0027s Stone","Old Coin","Bag of Preparation","Lee\u0027s Waffle"],"potions_floor_usage":[47],"damage_taken":[{"damage":0.0,"enemies":"Cultist","floor":1.0,"turns":1.0},{"damage":0.0,"enemies":"2 Louse","floor":2.0,"turns":1.0},{"damage":0.0,"enemies":"Small Slimes","floor":3.0,"turns":1.0},{"damage":23.0,"enemies":"Exordium Wildlife","floor":4.0,"turns":5.0},{"damage":28.0,"enemies":"Gremlin Nob","floor":7.0,"turns":4.0},{"damage":0.0,"enemies":"3 Louse","floor":8.0,"turns":4.0},{"damage":0.0,"enemies":"Large Slime","floor":11.0,"turns":5.0},{"damage":5.0,"enemies":"Blue Slaver","floor":12.0,"turns":4.0},{"damage":4.0,"enemies":"Lagavulin","floor":13.0,"turns":7.0},{"damage":14.0,"enemies":"The Guardian","floor":16.0,"turns":9.0},{"damage":0.0,"enemies":"Spheric Guardian","floor":18.0,"turns":4.0},{"damage":7.0,"enemies":"2 Thieves","floor":21.0,"turns":2.0},{"damage":13.0,"enemies":"Sentry and Sphere","floor":22.0,"turns":4.0},{"damage":58.0,"enemies":"Book of Stabbing","floor":24.0,"turns":4.0},{"damage":7.0,"enemies":"Colosseum Slavers","floor":28.0,"turns":2.0},{"damage":26.0,"enemies":"Colosseum Nobs","floor":28.0,"turns":5.0},{"damage":0.0,"enemies":"Snake Plant","floor":31.0,"turns":3.0},{"damage":51.0,"enemies":"Champ","floor":33.0,"turns":13.0},{"damage":6.0,"enemies":"Orb Walker","floor":35.0,"turns":3.0},{"damage":14.0,"enemies":"3 Shapes","floor":36.0,"turns":4.0},{"damage":0.0,"enemies":"Mind Bloom Boss Battle","floor":37.0,"turns":8.0},{"damage":61.0,"enemies":"Jaw Worm Horde","floor":41.0,"turns":6.0},{"damage":50,"enemies":"Writhing Mass","floor":42,"turns":6},{"damage":0,"enemies":"4 Shapes","floor":47,"turns":5},{"damage":47,"enemies":"Donu and Deca","floor":50,"turns":7}],"seed_played":"-5808275559049831099","potions_obtained":[{"floor":1.0,"key":"SpeedPotion"},{"floor":2.0,"key":"Swift Potion"},{"floor":8.0,"key":"EssenceOfSteel"},{"floor":12.0,"key":"Explosive Potion"},{"floor":22.0,"key":"Energy Potion"},{"floor":24.0,"key":"SteroidPotion"},{"floor":31.0,"key":"Energy Potion"},{"floor":35.0,"key":"FairyPotion"},{"floor":47,"key":"Fruit Juice"}],"is_trial":false,"path_per_floor":["M","M","M","M","?","R","E","M","T","R","M","M","E","$","R","B",null,"M","$","?","M","M","R","E","?","T","R","?","R","?","M","R","B",null,"M","M","?","?","$","R","M","M","T","?","R","$","M","$","R","B",null],"character_chosen":"DEFECT","items_purchased":["Mummified Hand","Glacier","Self Repair","Thunder Strike","Force Field","Lee\u0027s Waffle","Melter"],"campfire_rested":6,"item_purchase_floors":[14,19,46,46,48,48,48],"current_hp_per_floor":[64,64,64,48,13,34,13,20,20,41,48,50,53,53,53,46,65,65,65,65,60,47,68,17,17,17,38,36,58,58,68,68,33,66,77,72,77,77,77,77,50,27,27,27,50,50,74,89,89,72],"gold":66,"neow_bonus":"THREE_ENEMY_KILL","is_prod":false,"is_daily":false,"chose_seed":false,"campfire_upgraded":4,"win_rate":0,"timestamp":1563929471,"path_taken":["M","?","M","M","?","R","E","M","T","R","M","M","E","$","R","BOSS","M","$","?","?","M","R","E","?","T","R","?","R","?","?","R","BOSS","M","M","?","?","$","R","M","M","T","?","R","?","M","$","R","BOSS"],"build_version":"2019-07-17","purchased_purges":2,"victory":true,"max_hp_per_floor":[71,71,71,71,71,71,71,71,71,71,71,71,71,71,71,71,71,71,71,71,73,73,73,73,73,73,73,75,75,75,77,77,77,77,77,77,77,77,77,77,77,77,77,77,77,77,82,89,89,89],"card_choices":[{"not_picked":["Cold Snap","Beam Cell"],"picked":"Self Repair","floor":1.0},{"not_picked":["Doom and Gloom","Redo"],"picked":"Rebound","floor":2.0},{"not_picked":["Gash","Redo"],"picked":"Streamline","floor":3.0},{"not_picked":["FTL","Rebound"],"picked":"Cold Snap","floor":4.0},{"not_picked":["Gash","Lockon"],"picked":"Defragment","floor":7.0},{"not_picked":["Conserve Battery","Hyperbeam"],"picked":"Defragment","floor":8.0},{"not_picked":["Rip and Tear","Rebound"],"picked":"Chaos","floor":11.0},{"not_picked":["Turbo","Ball Lightning"],"picked":"Glacier","floor":12.0},{"not_picked":["Skim","Rip and Tear"],"picked":"Ball Lightning","floor":13.0},{"not_picked":["Amplify","Reboot"],"picked":"Electrodynamics","floor":16.0},{"not_picked":["Aggregate+1","Steam+1"],"picked":"Capacitor","floor":18.0},{"not_picked":["Streamline+1","Beam Cell","Gash+1"],"picked":"Singing Bowl","floor":21.0},{"not_picked":["Coolheaded+1","Chill"],"picked":"White Noise","floor":22.0},{"not_picked":["Thunder Strike","Leap"],"picked":"Recycle","floor":24.0},{"not_picked":["Rebound","Redo","Undo"],"picked":"Singing Bowl","floor":28.0},{"not_picked":["Coolheaded","Redo","Leap"],"picked":"Singing Bowl","floor":31.0},{"not_picked":["Rainbow","Hyperbeam"],"picked":"Echo Form","floor":33.0},{"not_picked":["Ball Lightning+1","Beam Cell"],"picked":"Hologram+1","floor":35.0},{"not_picked":["Genetic Algorithm","Beam Cell"],"picked":"Stack+1","floor":36.0},{"not_picked":["Double Energy","Melter"],"picked":"Conserve Battery+1","floor":37.0},{"not_picked":["Streamline","Redo"],"picked":"Tempest+1","floor":41.0},{"not_picked":["Steam+1","Tempest"],"picked":"Chill","floor":42},{"not_picked":["Steam Power+1","Rainbow"],"picked":"Loop","floor":47}],"player_experience":2292448,"relics_obtained":[{"floor":7.0,"key":"DataDisk"},{"floor":9.0,"key":"Orichalcum"},{"floor":13.0,"key":"Happy Flower"},{"floor":24.0,"key":"Bird Faced Urn"},{"floor":24.0,"key":"Darkstone Periapt"},{"floor":26.0,"key":"Blood Vial"},{"floor":28.0,"key":"Girya"},{"floor":28.0,"key":"Mercury Hourglass"},{"floor":37.0,"key":"Old Coin"},{"floor":43,"key":"Bag of Preparation"}],"event_choices":[{"damage_healed":0.0,"max_hp_gain":0.0,"max_hp_loss":0.0,"gold_gain":0.0,"event_name":"Scrap Ooze","player_choice":"Success","floor":5.0,"gold_loss":0.0,"damage_taken":35.0,"relics_obtained":["Anchor"]},{"damage_healed":0.0,"max_hp_gain":0.0,"max_hp_loss":0.0,"gold_gain":0.0,"event_name":"WeMeetAgain","player_choice":"Gave Potion","floor":20.0,"gold_loss":0.0,"damage_taken":0.0,"relics_obtained":["Singing Bowl"]},{"damage_healed":0.0,"max_hp_gain":0.0,"max_hp_loss":0.0,"gold_gain":0.0,"event_name":"The Library","player_choice":"Read","floor":25.0,"gold_loss":0.0,"damage_taken":0.0,"cards_obtained":["Defragment"]},{"damage_healed":0.0,"max_hp_gain":0.0,"max_hp_loss":0.0,"gold_gain":0.0,"event_name":"Colosseum","player_choice":"Fight","floor":28.0,"gold_loss":0.0,"damage_taken":0.0},{"damage_healed":0.0,"max_hp_gain":0.0,"max_hp_loss":0.0,"gold_gain":0.0,"event_name":"Colosseum","player_choice":"Fought Nobs","floor":28.0,"gold_loss":0.0,"damage_taken":0.0},{"damage_healed":0.0,"max_hp_gain":0.0,"max_hp_loss":0.0,"gold_gain":0.0,"event_name":"Drug Dealer","player_choice":"Inject Mutagens","floor":30.0,"gold_loss":0.0,"damage_taken":0.0,"relics_obtained":["MutagenicStrength"]},{"damage_healed":0.0,"max_hp_gain":0.0,"max_hp_loss":0.0,"gold_gain":0.0,"event_name":"MindBloom","player_choice":"Fight","floor":37.0,"gold_loss":0.0,"damage_taken":0.0},{"cards_removed":["Strike_B"],"damage_healed":0.0,"max_hp_gain":0.0,"max_hp_loss":0.0,"gold_gain":0.0,"event_name":"Falling","player_choice":"Removed Attack","floor":38.0,"gold_loss":0.0,"damage_taken":0.0},{"damage_healed":0,"gold_gain":0,"player_choice":"Ignored","damage_taken":0,"max_hp_gain":0,"max_hp_loss":0,"event_name":"Tomb of Lord Red Mask","floor":44,"gold_loss":0}],"is_beta":false,"boss_relics":[{"not_picked":["Runic Dome","Lizard Tail"],"picked":"Black Star"},{"not_picked":["Busted Crown","Fusion Hammer"],"picked":"Philosopher\u0027s Stone"}],"items_purged_floors":[39,46],"is_endless":false,"potions_floor_spawned":[1,2,8,12,13,22,24,28,31,35,41,47],"ascension_level":18}