{"gold_per_floor":[114,114,389,46,59,59,82,148,148,148,166,205,205,225,225,349,349,374,66,86,8,8,8,8,49,100,100,100,100,123,141,141,141],"floor_reached":33,"playtime":893,"items_purged":["Regret","Injury"],"score":462,"play_id":"26ecb2b5-81d9-4264-8477-69a3e081863a","local_time":"20190321114118","is_ascension_mode":true,"campfire_choices":[{"data":"Wild Strike","floor":6,"key":"SMITH"},{"data":"Perfected Strike","floor":10,"key":"SMITH"},{"data":"Rage","floor":13,"key":"SMITH"},{"data":"Armaments","floor":15,"key":"SMITH"},{"data":"Offering","floor":23,"key":"SMITH"},{"floor":28,"key":"REST"},{"floor":32,"key":"REST"}],"neow_cost":"NONE","seed_source_timestamp":41588230304820,"circlet_count":0,"master_deck":["AscendersBane","Strike_R","Strike_R","Strike_R","Strike_R+1","Defend_R","Defend_R","Defend_R","Defend_R","Bash","Wild Strike+1","Battle Trance","Perfected Strike+1","Perfected Strike+1","Inflame","Rage+1","Armaments+1","Immolate","Shrug It Off","Shrug It Off","Offering+1","Iron Wave+1","Metallicize","Iron Wave+1"],"relics":["Black Blood","Golden Idol","Lee\u0027s Waffle","Tiny Chest","Question Card","Whetstone","Bronze Scales","Boot","Anchor","Omamori"],"potions_floor_usage":[8,16,20],"damage_taken":[{"damage":13,"enemies":"Jaw Worm","floor":1,"turns":6},{"damage":0,"enemies":"2 Louse","floor":5,"turns":2},{"damage":1,"enemies":"Cultist","floor":7,"turns":3},{"damage":21,"enemies":"Gremlin Nob","floor":8,"turns":4},{"damage":14,"enemies":"Lots of Slimes","floor":11,"turns":4},{"damage":25,"enemies":"3 Sentries","floor":12,"turns":7},{"damage":0,"enemies":"Exordium Wildlife","floor":14,"turns":2},{"damage":43,"enemies":"The Guardian","floor":16,"turns":9},{"damage":28,"enemies":"Chosen","floor":18,"turns":5},{"damage":12,"enemies":"2 Thieves","floor":20,"turns":4},{"damage":47,"enemies":"Slavers","floor":25,"turns":5},{"damage":3,"enemies":"Chosen and Byrds","floor":30,"turns":3},{"damage":14,"enemies":"Centurion and Healer","floor":31,"turns":5},{"damage":102,"enemies":"Champ","floor":33,"turns":11}],"seed_played":"-3509489055260924808","potions_obtained":[{"floor":5,"key":"Strength Potion"},{"floor":11,"key":"Energy Potion"},{"floor":14,"key":"LiquidBronze"},{"floor":18,"key":"Ancient Potion"}],"is_trial":false,"path_per_floor":["M","?","?","$","M","R","M","E","T","R","M","E","R","M","R","B",null,"M","$","M","$","$","R","$","E","T","T","R","?","M","M","R","B"],"character_chosen":"IRONCLAD","items_purchased":["Lee\u0027s Waffle","Battle Trance","Bronze Scales","Shrug It Off","Offering"],"campfire_rested":2,"item_purchase_floors":[4,4,19,19,21],"current_hp_per_floor":[73,73,73,95,95,95,95,80,80,80,72,53,53,59,59,22,77,59,59,57,57,57,57,57,20,20,20,48,48,55,51,79,0],"gold":141,"neow_bonus":"TEN_PERCENT_HP_BONUS","is_prod":false,"is_daily":false,"chose_seed":false,"campfire_upgraded":5,"win_rate":0,"timestamp":1553179278,"path_taken":["M","?","?","$","M","R","M","E","T","R","M","E","R","?","R","BOSS","M","$","M","?","$","R","$","E","T","?","R","?","M","?","R","BOSS"],"build_version":"2019-01-23","purchased_purges":2,"victory":false,"max_hp_per_floor":[88,88,88,95,95,95,95,95,95,95,95,95,95,95,95,95,95,95,95,95,95,95,95,95,95,95,95,95,95,95,95,95,95],"card_choices":[{"not_picked":["Clothesline","Shrug It Off"],"picked":"Wild Strike","floor":1},{"not_picked":["Feel No Pain","Heavy Blade","Sever Soul"],"picked":"SKIP","floor":5},{"not_picked":["Whirlwind","Twin Strike"],"picked":"Perfected Strike","floor":7},{"not_picked":["Brutality","Blood for Blood"],"picked":"Perfected Strike","floor":8},{"not_picked":["Perfected Strike","Clothesline","Flame Barrier"],"picked":"Inflame","floor":11},{"not_picked":["Perfected Strike","Headbutt","Clothesline"],"picked":"Rage","floor":12},{"not_picked":["Thunderclap","True Grit","Whirlwind"],"picked":"Armaments","floor":14},{"not_picked":["Impervious","Fiend Fire","Bludgeon"],"picked":"Immolate","floor":16},{"not_picked":["Cleave","Pommel Strike","Havoc","Sword Boomerang"],"picked":"SKIP","floor":18},{"not_picked":["Perfected Strike","Warcry","Cleave"],"picked":"Shrug It Off","floor":20},{"not_picked":["Bloodletting","Wild Strike","Dropkick"],"picked":"Iron Wave+1","floor":25},{"not_picked":["Sentinel","Metallicize","Armaments"],"picked":"Iron Wave+1","floor":30},{"not_picked":["Warcry","Burning Pact","Battle Trance","Pommel Strike+1"],"picked":"SKIP","floor":31}],"player_experience":981287,"relics_obtained":[{"floor":8,"key":"Tiny Chest"},{"floor":9,"key":"Question Card"},{"floor":12,"key":"Whetstone"},{"floor":25,"key":"Boot"},{"floor":26,"key":"Anchor"},{"floor":27,"key":"Omamori"}],"event_choices":[{"damage_healed":0,"gold_gain":0,"player_choice":"Take Wound","damage_taken":0,"relics_obtained":["Golden Idol"],"max_hp_gain":0,"max_hp_loss":0,"event_name":"Golden Idol","floor":2,"gold_loss":0,"cards_obtained":["Injury"]},{"damage_healed":0,"gold_gain":275,"player_choice":"Desecrate","damage_taken":0,"max_hp_gain":0,"max_hp_loss":0,"event_name":"Golden Shrine","floor":3,"gold_loss":0,"cards_obtained":["Regret"]},{"damage_healed":0,"gold_gain":0,"cards_transformed":["Strike_R"],"player_choice":"Transformed","damage_taken":0,"max_hp_gain":0,"max_hp_loss":0,"event_name":"Transmorgrifier","floor":29,"gold_loss":0,"cards_obtained":["Metallicize"]}],"is_beta":false,"boss_relics":[{"not_picked":["Calling Bell","Ectoplasm"],"picked":"Black Blood"}],"items_purged_floors":[4,19],"is_endless":false,"potions_floor_spawned":[5,11,14,18],"killed_by":"Champ","ascension_level":12}