{"gold_per_floor":[117,117,134,150,168,168,188,188,188,188,216,216,216,246,246,349,349,368,44,44,61,80,114,114,213,213,213,213,213,232,250,250,348,348,358,358,368,368,385,385,410,426,426,70,70,95,95,108,108,108],"floor_reached":51,"playtime":1523,"items_purged":["Strike_R","Strike_R"],"score":810,"play_id":"7f34217d-c8b2-49a3-a51d-47f7664f04fc","local_time":"20190216020220","is_ascension_mode":false,"campfire_choices":[{"data":"Searing Blow","floor":6,"key":"SMITH"},{"data":"Searing Blow+1","floor":8,"key":"SMITH"},{"data":"Searing Blow+2","floor":12,"key":"SMITH"},{"data":"Searing Blow+3","floor":15,"key":"SMITH"},{"data":"Searing Blow+4","floor":24,"key":"SMITH"},{"data":"True Grit","floor":29,"key":"SMITH"},{"data":"Searing Blow+5","floor":32,"key":"SMITH"},{"data":"Searing Blow+6","floor":40,"key":"SMITH"},{"data":"Searing Blow+7","floor":45,"key":"SMITH"},{"data":"Searing Blow+8","floor":47,"key":"SMITH"},{"data":"Searing Blow+9","floor":49,"key":"SMITH"}],"neow_cost":"NONE","seed_source_timestamp":225875115202169,"circlet_count":0,"master_deck":["Strike_R+1","Strike_R+1","Defend_R","Defend_R","Defend_R","Defend_R","Bash","Immolate","Headbutt","Clothesline","Searing Blow+10","Shrug It Off","Impervious","True Grit+1","Offering","Pommel Strike","True Grit+1","Dual Wield+1","Pommel Strike","Armaments","Double Tap","Disarm+1","Shrug It Off+1"],"relics":["Burning Blood","Omamori","Lantern","Question Card","Runic Dome","Gremlin Horn","CultistMask","Ancient Tea Set","Pear","Matryoshka","Snecko Eye","Art of War","Anchor","Gambling Chip","Mercury Hourglass","Paper Frog"],"potions_floor_usage":[5,5,13,16,31,50],"damage_taken":[{"damage":5,"enemies":"Small Slimes","floor":1,"turns":3},{"damage":1,"enemies":"Cultist","floor":3,"turns":3},{"damage":2,"enemies":"2 Louse","floor":4,"turns":3},{"damage":16,"enemies":"Large Slime","floor":5,"turns":7},{"damage":2,"enemies":"Exordium Thugs","floor":7,"turns":4},{"damage":18,"enemies":"Lagavulin","floor":11,"turns":5},{"damage":19,"enemies":"Gremlin Nob","floor":14,"turns":4},{"damage":24,"enemies":"The Guardian","floor":16,"turns":11},{"damage":15,"enemies":"Shell Parasite","floor":18,"turns":4},{"damage":5,"enemies":"3 Byrds","floor":21,"turns":4},{"damage":0,"enemies":"Snake Plant","floor":22,"turns":4},{"damage":6,"enemies":"Gremlin Leader","floor":23,"turns":5},{"damage":7,"enemies":"Shelled Parasite and Fungi","floor":30,"turns":3},{"damage":16,"enemies":"Snecko","floor":31,"turns":3},{"damage":65,"enemies":"Automaton","floor":33,"turns":8},{"damage":6,"enemies":"Orb Walker","floor":35,"turns":1},{"damage":1,"enemies":"3 Shapes","floor":37,"turns":1},{"damage":13,"enemies":"Maw","floor":39,"turns":4},{"damage":5,"enemies":"Nemesis","floor":41,"turns":3},{"damage":5,"enemies":"Sphere and 2 Shapes","floor":42,"turns":3},{"damage":7,"enemies":"Giant Head","floor":46,"turns":4},{"damage":6,"enemies":"4 Shapes","floor":48,"turns":1},{"damage":34,"enemies":"Awakened One","floor":50,"turns":5}],"seed_played":"-6138620192051617386","potions_obtained":[{"floor":3,"key":"GamblersBrew"},{"floor":4,"key":"Weak Potion"},{"floor":13,"key":"Dexterity Potion"},{"floor":13,"key":"Fruit Juice"},{"floor":13,"key":"Ancient Potion"},{"floor":16,"key":"Poison Potion"},{"floor":18,"key":"Energy Potion"},{"floor":23,"key":"SkillPotion"},{"floor":31,"key":"Regen Potion"},{"floor":39,"key":"FearPotion"},{"floor":42,"key":"PowerPotion"}],"is_trial":false,"path_per_floor":["M","?","M","M","M","R","M","R","T","?","E","R","?","E","R","B",null,"M","$","?","M","M","E","R","?","T","T","?","R","M","M","R","B",null,"M","?","M","?","M","R","E","M","T","$","R","E","R","M","R","B",null],"character_chosen":"IRONCLAD","items_purchased":["Gremlin Horn","Mercury Hourglass"],"campfire_rested":0,"item_purchase_floors":[19,44],"current_hp_per_floor":[80,80,80,80,70,70,74,74,74,58,46,46,51,38,38,20,85,76,76,76,77,83,83,83,83,93,93,93,93,92,82,82,23,95,95,95,95,95,88,88,89,90,90,90,90,89,89,89,89,61],"gold":108,"neow_bonus":"ONE_RANDOM_RARE_CARD","is_prod":false,"is_daily":false,"chose_seed":false,"campfire_upgraded":11,"win_rate":0,"timestamp":1550282540,"path_taken":["M","?","?","M","M","R","M","R","T","?","E","R","?","E","R","BOSS","M","$","?","M","?","E","R","?","T","?","?","R","M","M","R","BOSS","M","?","M","?","M","R","E","?","T","$","R","E","R","M","R","BOSS"],"build_version":"2019-02-06","purchased_purges":2,"victory":true,"max_hp_per_floor":[80,80,80,80,80,80,80,80,80,80,80,80,85,85,85,85,85,85,85,85,85,85,85,85,85,95,95,95,95,95,95,95,95,95,95,95,95,95,95,95,95,95,95,95,95,95,95,95,95,95],"card_choices":[{"not_picked":["Warcry","Fire Breathing"],"picked":"Headbutt","floor":1},{"not_picked":["Intimidate","Havoc"],"picked":"Searing Blow","floor":3},{"not_picked":["Disarm","Burning Pact"],"picked":"Shrug It Off","floor":4},{"not_picked":["Sword Boomerang","Twin Strike"],"picked":"Impervious","floor":5},{"not_picked":["Havoc","Infernal Blade","Flex"],"picked":"SKIP","floor":7},{"not_picked":["Second Wind","Fire Breathing"],"picked":"True Grit","floor":11},{"not_picked":["Fiend Fire","Rage","Berserk"],"picked":"SKIP","floor":14},{"not_picked":["Brutality","Exhume","Barricade"],"picked":"Offering","floor":16},{"not_picked":["Clash+1","Wild Strike+1","Hemokinesis"],"picked":"Pommel Strike","floor":18},{"not_picked":["Shrug It Off","Iron Wave","Sword Boomerang+1"],"picked":"True Grit+1","floor":21},{"not_picked":["Havoc+1","Second Wind","Pommel Strike+1"],"picked":"Dual Wield+1","floor":22},{"not_picked":["Twin Strike","Berserk","Clash"],"picked":"Pommel Strike","floor":23},{"not_picked":["Havoc","Clothesline","Second Wind+1","Thunderclap"],"picked":"SKIP","floor":30},{"not_picked":["Entrench","Dual Wield","Spot Weakness","Armaments+1"],"picked":"SKIP","floor":31},{"not_picked":["Juggernaut","Feed","Immolate"],"picked":"Double Tap","floor":33},{"not_picked":["Clothesline+1","Battle Trance","Shrug It Off+1"],"picked":"Disarm+1","floor":35},{"not_picked":["Thunderclap+1","Iron Wave","Flex","Shrug It Off"],"picked":"SKIP","floor":37},{"not_picked":["Entrench+1","Twin Strike+1","Combust+1","Thunderclap+1"],"picked":"SKIP","floor":39},{"not_picked":["Rage+1","Inflame+1","True Grit+1","Fire Breathing"],"picked":"SKIP","floor":41},{"not_picked":["Cleave+1","Carnage","Rampage","Iron Wave+1"],"picked":"SKIP","floor":42},{"not_picked":["Cleave+1","Sword Boomerang+1","Body Slam","Second Wind+1"],"picked":"SKIP","floor":46},{"not_picked":["Uppercut","Power Through+1","Perfected Strike+1"],"picked":"Shrug It Off+1","floor":48}],"player_experience":923167,"relics_obtained":[{"floor":9,"key":"Omamori"},{"floor":11,"key":"Lantern"},{"floor":14,"key":"Question Card"},{"floor":23,"key":"Ancient Tea Set"},{"floor":26,"key":"Pear"},{"floor":27,"key":"Matryoshka"},{"floor":41,"key":"Art of War"},{"floor":43,"key":"Anchor"},{"floor":43,"key":"Gambling Chip"},{"floor":46,"key":"Paper Frog"}],"event_choices":[{"damage_healed":0,"gold_gain":0,"player_choice":"1 cards matched","damage_taken":0,"max_hp_gain":0,"max_hp_loss":0,"event_name":"Match and Keep!","floor":2,"gold_loss":0,"cards_obtained":["Clothesline"]},{"damage_healed":0,"gold_gain":0,"player_choice":"Entered Light","damage_taken":16,"max_hp_gain":0,"max_hp_loss":0,"event_name":"Shining Light","floor":10,"gold_loss":0,"cards_upgraded":["Strike_R","Strike_R"]},{"damage_healed":0,"gold_gain":0,"player_choice":"Got Potions","damage_taken":0,"max_hp_gain":0,"max_hp_loss":0,"event_name":"Lab","floor":13,"gold_loss":0},{"damage_healed":0,"gold_gain":0,"player_choice":"Trade","damage_taken":0,"relics_obtained":["CultistMask"],"max_hp_gain":0,"max_hp_loss":0,"event_name":"FaceTrader","floor":20,"gold_loss":0},{"damage_healed":0,"gold_gain":99,"player_choice":"Stole From Cult","damage_taken":0,"max_hp_gain":0,"max_hp_loss":0,"event_name":"Nest","floor":25,"gold_loss":0},{"damage_healed":0,"gold_gain":0,"player_choice":"Read","damage_taken":0,"max_hp_gain":0,"max_hp_loss":0,"event_name":"The Library","floor":28,"gold_loss":0,"cards_obtained":["Armaments"]},{"cards_removed":["Strike_R"],"damage_healed":0,"gold_gain":0,"player_choice":"Removed Attack","damage_taken":0,"max_hp_gain":0,"max_hp_loss":0,"event_name":"Falling","floor":36,"gold_loss":0},{"damage_healed":0,"gold_gain":0,"player_choice":"Ignored","damage_taken":0,"max_hp_gain":0,"max_hp_loss":0,"event_name":"NoteForYourself","floor":38,"gold_loss":0}],"is_beta":true,"boss_relics":[{"not_picked":["White Beast Statue","Runic Cube"],"picked":"Runic Dome"},{"not_picked":["Orrery","Lizard Tail"],"picked":"Snecko Eye"}],"items_purged_floors":[19,44],"is_endless":false,"potions_floor_spawned":[3,4,16,18,23,31,39,42],"ascension_level":0}