{"gold_per_floor":[12,22,22,22,40,40,69,69,69,80,96,47,47,57,57,57],"floor_reached":16,"playtime":541,"items_purged":[],"score":158,"play_id":"411ac0dd-7b16-41f5-a3b4-47cf0bfbd1f3","local_time":"20190503152910","is_ascension_mode":true,"campfire_choices":[{"data":"Bash","floor":6,"key":"SMITH"},{"floor":8,"key":"REST"},{"floor":13,"key":"REST"},{"data":"Armaments","floor":15,"key":"SMITH"}],"neow_cost":"NO_GOLD","seed_source_timestamp":1816860720105400,"circlet_count":0,"master_deck":["Strike_R","Strike_R","Strike_R","Strike_R","Strike_R","Defend_R","Defend_R","Defend_R","Defend_R","Bash+1","Feed+1","Sword Boomerang","Iron Wave","Thunderclap","Sword Boomerang","Intimidate","Flex","Armaments+1"],"relics":["Burning Blood","Mummified Hand","Paper Frog"],"potions_floor_usage":[16,16,16],"damage_taken":[{"damage":17,"enemies":"Jaw Worm","floor":1,"turns":8},{"damage":1,"enemies":"2 Louse","floor":2,"turns":3},{"damage":10,"enemies":"Cultist","floor":5,"turns":5},{"damage":63,"enemies":"Lagavulin","floor":7,"turns":9},{"damage":8,"enemies":"Blue Slaver","floor":10,"turns":2},{"damage":31,"enemies":"Red Slaver","floor":11,"turns":5},{"damage":8,"enemies":"Exordium Wildlife","floor":14,"turns":3},{"damage":53,"enemies":"Slime Boss","floor":16,"turns":11}],"seed_played":"3528903712937793081","potions_obtained":[{"floor":2,"key":"LiquidBronze"},{"floor":11,"key":"Weak Potion"},{"floor":14,"key":"Weak Potion"}],"is_trial":false,"path_per_floor":["M","M","?","?","M","R","E","R","T","M","M","$","R","M","R","B"],"character_chosen":"IRONCLAD","items_purchased":["Flex"],"campfire_rested":2,"item_purchase_floors":[12],"current_hp_per_floor":[64,72,72,72,72,72,19,47,47,49,24,24,53,55,55,2],"gold":57,"neow_bonus":"THREE_RARE_CARDS","is_prod":false,"is_daily":false,"chose_seed":false,"campfire_upgraded":2,"win_rate":0,"timestamp":1556911750,"path_taken":["M","M","?","?","?","R","E","R","T","M","M","$","R","M","R","BOSS"],"build_version":"2019-01-23","purchased_purges":0,"victory":false,"max_hp_per_floor":[83,86,86,86,90,90,94,94,94,98,98,98,98,102,102,102],"card_choices":[{"not_picked":["Fiend Fire","Double Tap"],"picked":"Feed","floor":0},{"not_picked":["Heavy Blade","Havoc"],"picked":"Sword Boomerang","floor":1},{"not_picked":["Corruption","Heavy Blade"],"picked":"Iron Wave","floor":2},{"not_picked":["Disarm","Twin Strike"],"picked":"Thunderclap","floor":5},{"not_picked":["Iron Wave","Corruption","Dual Wield"],"picked":"SKIP","floor":7},{"not_picked":["Blood for Blood","Body Slam"],"picked":"Sword Boomerang","floor":10},{"not_picked":["Reckless Charge","Wild Strike"],"picked":"Intimidate","floor":11},{"not_picked":["Iron Wave","Corruption"],"picked":"Armaments","floor":14}],"player_experience":143266,"relics_obtained":[{"floor":7,"key":"Mummified Hand"},{"floor":9,"key":"Paper Frog"}],"event_choices":[{"damage_healed":0,"gold_gain":0,"player_choice":"Ignored","damage_taken":0,"max_hp_gain":0,"max_hp_loss":0,"event_name":"Liars Game","floor":3,"gold_loss":0},{"damage_healed":0,"gold_gain":0,"player_choice":"Upgraded","damage_taken":0,"max_hp_gain":0,"max_hp_loss":0,"event_name":"Upgrade Shrine","floor":4,"gold_loss":0,"cards_upgraded":["Feed"]}],"is_beta":false,"boss_relics":[],"items_purged_floors":[],"is_endless":false,"potions_floor_spawned":[2,11,14],"killed_by":"Slime Boss","ascension_level":6}