{"gold_per_floor":[118,23,298,315,326,354,354,687,687,687],"floor_reached":10,"playtime":181,"items_purged":[],"score":91,"play_id":"05329ae1-05e8-485d-92ea-850526d277f7","local_time":"20190113213148","is_ascension_mode":true,"campfire_choices":[{"floor":7,"key":"REST"}],"neow_cost":"NONE","seed_source_timestamp":35188312841589,"circlet_count":0,"master_deck":["Defend_G","Defend_G","Defend_G","Defend_G","Defend_G","Strike_G","Strike_G","Strike_G","Strike_G","Strike_G","Survivor","Neutralize","Quick Slash","Dash","Flying Knee","Regret","PiercingWail","Deadly Poison","Poisoned Stab"],"relics":["Ring of the Snake","NeowsBlessing","Dodecahedron","Old Coin","Tough Bandages"],"potions_floor_usage":[6,6],"damage_taken":[{"damage":0,"enemies":"Small Slimes","floor":1,"turns":1},{"damage":0,"enemies":"Cultist","floor":4,"turns":1},{"damage":0,"enemies":"2 Louse","floor":5,"turns":1},{"damage":35,"enemies":"Lagavulin","floor":6,"turns":6},{"damage":48,"enemies":"Gremlin Nob","floor":8,"turns":6},{"damage":10,"enemies":"Large Slime","floor":10,"turns":4}],"seed_played":"5009579190785415008","potions_obtained":[{"floor":1,"key":"Swift Potion"},{"floor":5,"key":"Explosive Potion"}],"is_trial":false,"path_per_floor":["M","$","?","M","M","E","R","E","T","M"],"character_chosen":"THE_SILENT","items_purchased":["Dash","Flying Knee"],"campfire_rested":1,"item_purchase_floors":[2,2],"current_hp_per_floor":[70,70,70,70,70,35,56,8,8,0],"gold":687,"neow_bonus":"THREE_ENEMY_KILL","is_prod":false,"is_daily":false,"chose_seed":false,"campfire_upgraded":0,"win_rate":0,"timestamp":1547425908,"path_taken":["M","$","?","M","M","E","R","E","T","M"],"build_version":"2019-01-10","purchased_purges":0,"victory":false,"max_hp_per_floor":[70,70,70,70,70,70,70,70,70,70],"card_choices":[{"not_picked":["Blur","Underhanded Strike"],"picked":"Quick Slash","floor":1},{"not_picked":["Dagger Throw","Outmaneuver"],"picked":"PiercingWail","floor":4},{"not_picked":["Quick Slash","Predator"],"picked":"Deadly Poison","floor":5},{"not_picked":["Bane","Choke","Malaise"],"picked":"SKIP","floor":6},{"not_picked":["Setup","Bane"],"picked":"Poisoned Stab","floor":8}],"player_experience":621549,"relics_obtained":[{"floor":6,"key":"Dodecahedron"},{"floor":8,"key":"Old Coin"},{"floor":9,"key":"Tough Bandages"}],"event_choices":[{"damage_healed":0,"gold_gain":275,"player_choice":"Desecrate","damage_taken":0,"max_hp_gain":0,"max_hp_loss":0,"event_name":"Golden Shrine","floor":3,"gold_loss":0,"cards_obtained":["Regret"]}],"is_beta":false,"boss_relics":[],"items_purged_floors":[],"is_endless":false,"potions_floor_spawned":[1,5],"killed_by":"Large Slime","ascension_level":4}