{"gold_per_floor":[113,123,123,137,137,170,4,4,50,85,101,113,175,194,194,299,299,313,11,64,14,27,55,55,89,89,106,135,12,32,64,64,164,164,183,36,36,50,50,78,105,136,136,167,183,183,107,126,126,126,126,126,56,89,89],"floor_reached":56,"playtime":3485,"items_purged":["Clash"],"score":1467,"play_id":"d186b739-61d3-4b4f-9114-b4225ee2fe03","local_time":"20190302134315","is_ascension_mode":true,"campfire_choices":[{"data":"Mayhem","floor":8,"key":"SMITH"},{"data":"Inflame","floor":15,"key":"SMITH"},{"floor":24,"key":"REST"},{"data":"Immolate","floor":32,"key":"SMITH"},{"floor":49,"key":"RECALL"},{"data":"True Grit","floor":52,"key":"SMITH"}],"neow_cost":"NONE","seed_source_timestamp":78350345866707,"circlet_count":0,"master_deck":["Strike_R","Strike_R","Strike_R","Strike_R","Defend_R","Defend_R","Defend_R","Defend_R","Bash","Combust","Pommel Strike","Iron Wave","True Grit+1","Thunderclap","Mayhem+1","Clothesline","Inflame+1","Heavy Blade","Immolate+1","Heavy Blade","Corruption","Perfected Strike","Headbutt","Carnage+1","Shrug It Off","Rupture","Shrug It Off","Battle Trance","Sword Boomerang+1","Limit Break","Perfected Strike+1","Feel No Pain","Reaper","Deep Breath","Apotheosis","Discovery","Perfected Strike+1","Exhume","Barricade","True Grit+1","Rupture+1","Wild Strike+1","Brutality","Sentinel","Burning Pact","Shockwave"],"relics":["Burning Blood","Happy Flower","Regal Pillow","Tiny Chest","Snecko Eye","Lantern","Vajra","Sundial","Meat on the Bone","Mango","WingedGreaves","Blue Candle","Sozu","Bronze Scales","Pantograph","Bag of Marbles","Self Forming Clay","Calipers"],"potions_floor_usage":[6,11,16,16,18,25,28,33,33,55],"damage_taken":[{"damage":6,"enemies":"Cultist","floor":1,"turns":3},{"damage":0,"enemies":"2 Louse","floor":2,"turns":3},{"damage":2,"enemies":"Small Slimes","floor":4,"turns":3},{"damage":18,"enemies":"3 Sentries","floor":6,"turns":11},{"damage":26,"enemies":"Lagavulin","floor":10,"turns":8},{"damage":0,"enemies":"Gremlin Gang","floor":11,"turns":5},{"damage":11,"enemies":"Lots of Slimes","floor":12,"turns":4},{"damage":16,"enemies":"Gremlin Nob","floor":13,"turns":4},{"damage":12,"enemies":"3 Louse","floor":14,"turns":3},{"damage":40,"enemies":"The Guardian","floor":16,"turns":8},{"damage":21,"enemies":"2 Thieves","floor":18,"turns":4},{"damage":0,"enemies":"Spheric Guardian","floor":22,"turns":1},{"damage":26,"enemies":"Gremlin Leader","floor":23,"turns":5},{"damage":16,"enemies":"Book of Stabbing","floor":25,"turns":3},{"damage":0,"enemies":"Snecko","floor":27,"turns":2},{"damage":21,"enemies":"Slavers","floor":28,"turns":3},{"damage":9,"enemies":"Centurion and Healer","floor":30,"turns":4},{"damage":18,"enemies":"Book of Stabbing","floor":31,"turns":4},{"damage":41,"enemies":"Collector","floor":33,"turns":6},{"damage":0,"enemies":"3 Darklings","floor":35,"turns":1},{"damage":4,"enemies":"Orb Walker","floor":38,"turns":3},{"damage":50,"enemies":"Nemesis","floor":40,"turns":5},{"damage":0,"enemies":"Reptomancer","floor":41,"turns":4},{"damage":15,"enemies":"Giant Head","floor":42,"turns":6},{"damage":30,"enemies":"Reptomancer","floor":44,"turns":5},{"damage":0,"enemies":"3 Darklings","floor":45,"turns":5},{"damage":1,"enemies":"Sphere and 2 Shapes","floor":48,"turns":2},{"damage":44,"enemies":"Awakened One","floor":50,"turns":9},{"damage":36,"enemies":"Shield and Spear","floor":54,"turns":4},{"damage":68,"enemies":"The Heart","floor":55,"turns":7}],"seed_played":"-5481653667098458254","potions_obtained":[{"floor":1,"key":"EssenceOfSteel"},{"floor":10,"key":"Energy Potion"},{"floor":11,"key":"EssenceOfSteel"},{"floor":13,"key":"Regen Potion"},{"floor":16,"key":"Block Potion"},{"floor":22,"key":"FearPotion"},{"floor":23,"key":"Poison Potion"},{"floor":31,"key":"Swift Potion"},{"floor":33,"key":"Dexterity Potion"}],"is_trial":false,"path_per_floor":["M","M","?","M","?","E","$","R","T","E","M","M","E","M","R","B",null,"M","$","T","?","M","E","R","E","T","M","E","$","M","E","R","B",null,"M","$","?","M","?","E","E","E","T","E","M","?","$","M","R","B",null,"R","$","E","B",null],"character_chosen":"IRONCLAD","items_purchased":["Mayhem","Lantern","Corruption","Perfected Strike","Headbutt","PowerPotion","Feel No Pain","Reaper","Sentinel","Shockwave"],"campfire_rested":1,"item_purchase_floors":[7,19,19,19,19,29,36,36,47,53],"current_hp_per_floor":[80,80,85,85,85,73,73,73,73,53,59,54,44,38,38,18,85,70,70,70,70,76,56,85,75,89,95,80,80,77,65,65,42,99,99,99,89,91,91,56,62,99,99,75,91,91,91,96,96,93,99,99,99,99,69],"gold":89,"neow_bonus":"THREE_CARDS","is_prod":false,"is_daily":false,"chose_seed":false,"campfire_upgraded":4,"win_rate":0,"timestamp":1551552195,"path_taken":["M","M","?","M","?","E","$","R","T","E","M","?","E","M","R","BOSS","M","$","?","?","?","E","R","E","T","M","E","$","M","E","R","BOSS","M","?","?","M","?","E","E","E","T","E","?","?","$","?","R","BOSS","R","$","E","BOSS"],"build_version":"2019-02-06","purchased_purges":1,"victory":true,"max_hp_per_floor":[80,80,85,85,85,85,85,85,85,85,85,85,85,85,85,85,85,85,85,85,85,85,85,85,85,99,99,99,99,99,99,99,99,99,99,99,99,99,99,99,99,99,99,99,99,99,99,99,99,99,99,99,99,99,99],"card_choices":[{"not_picked":["Heavy Blade","Blood for Blood"],"picked":"Combust","floor":0},{"not_picked":["Evolve","Twin Strike"],"picked":"Pommel Strike","floor":1},{"not_picked":["Thunderclap","Body Slam"],"picked":"Iron Wave","floor":2},{"not_picked":["Burning Pact","Thunderclap"],"picked":"True Grit","floor":4},{"not_picked":["Sentinel","Dark Embrace"],"picked":"Thunderclap","floor":6},{"not_picked":["Heavy Blade","Headbutt"],"picked":"Clothesline","floor":10},{"not_picked":["Flex","Twin Strike","True Grit"],"picked":"SKIP","floor":11},{"not_picked":["Body Slam","Wild Strike"],"picked":"Inflame","floor":12},{"not_picked":["Flex","Intimidate"],"picked":"Clash","floor":13},{"not_picked":["Berserk","Thunderclap"],"picked":"Heavy Blade","floor":14},{"not_picked":["Juggernaut","Bludgeon"],"picked":"Immolate","floor":16},{"not_picked":["Battle Trance","Anger"],"picked":"Heavy Blade","floor":18},{"not_picked":["Feel No Pain","Dual Wield"],"picked":"Carnage+1","floor":22},{"not_picked":["Entrench","Berserk","Headbutt"],"picked":"SKIP","floor":23},{"not_picked":["Warcry","Wild Strike"],"picked":"Shrug It Off","floor":25},{"not_picked":["Armaments","Hemokinesis+1"],"picked":"Rupture","floor":27},{"not_picked":["Warcry","Clothesline"],"picked":"Shrug It Off","floor":28},{"not_picked":["Combust+1","Clash"],"picked":"Battle Trance","floor":30},{"not_picked":["Burning Pact","Body Slam+1"],"picked":"Sword Boomerang+1","floor":31},{"not_picked":["Berserk","Barricade"],"picked":"Limit Break","floor":33},{"not_picked":["Havoc+1","Clothesline+1"],"picked":"Perfected Strike+1","floor":35},{"not_picked":["Purity","Dark Shackles"],"picked":"Deep Breath","floor":37},{"not_picked":["Dramatic Entrance","Finesse"],"picked":"Apotheosis","floor":37},{"not_picked":["Forethought","Master of Strategy"],"picked":"Discovery","floor":37},{"not_picked":["Flex+1","Searing Blow+1","Pummel"],"picked":"SKIP","floor":38},{"not_picked":["Carnage+1","Pommel Strike"],"picked":"Exhume","floor":40},{"not_picked":["Burning Pact","Impervious"],"picked":"Barricade","floor":41},{"not_picked":["Warcry","Wild Strike"],"picked":"True Grit+1","floor":42},{"not_picked":["Dropkick+1","Heavy Blade+1"],"picked":"Rupture+1","floor":44},{"not_picked":["Headbutt+1","Corruption"],"picked":"Wild Strike+1","floor":45},{"not_picked":["Headbutt","Heavy Blade"],"picked":"Burning Pact","floor":48},{"not_picked":["Battle Trance","Rupture+1","Twin Strike"],"picked":"SKIP","floor":54}],"player_experience":4754514,"relics_obtained":[{"floor":6,"key":"Happy Flower"},{"floor":9,"key":"Regal Pillow"},{"floor":13,"key":"Tiny Chest"},{"floor":20,"key":"Vajra"},{"floor":23,"key":"Sundial"},{"floor":25,"key":"Meat on the Bone"},{"floor":26,"key":"Mango"},{"floor":28,"key":"WingedGreaves"},{"floor":31,"key":"Blue Candle"},{"floor":40,"key":"Bronze Scales"},{"floor":41,"key":"Pantograph"},{"floor":42,"key":"Bag of Marbles"},{"floor":44,"key":"Self Forming Clay"},{"floor":54,"key":"Calipers"}],"event_choices":[{"damage_healed":0,"gold_gain":0,"player_choice":"Donut","damage_taken":0,"max_hp_gain":5,"max_hp_loss":0,"event_name":"Big Fish","floor":3,"gold_loss":0},{"damage_healed":0,"gold_gain":0,"player_choice":"Ignored","damage_taken":0,"max_hp_gain":0,"max_hp_loss":0,"event_name":"NoteForYourself","floor":5,"gold_loss":0},{"damage_healed":0,"gold_gain":0,"player_choice":"Bet on Murderer","damage_taken":0,"max_hp_gain":0,"max_hp_loss":0,"event_name":"The Joust","floor":21,"gold_loss":50},{"damage_healed":0,"gold_gain":0,"player_choice":"Memory 3","damage_taken":10,"max_hp_gain":0,"max_hp_loss":0,"event_name":"SensoryStone","floor":37,"gold_loss":0},{"damage_healed":0,"gold_gain":0,"player_choice":"Copied","damage_taken":0,"max_hp_gain":0,"max_hp_loss":0,"event_name":"Duplicator","floor":39,"gold_loss":0,"cards_obtained":["Perfected Strike"]},{"damage_healed":0,"gold_gain":0,"cards_transformed":["Strike_R"],"player_choice":"Transformed","damage_taken":0,"max_hp_gain":0,"max_hp_loss":0,"event_name":"Transmorgrifier","floor":46,"gold_loss":0,"cards_obtained":["Brutality"]}],"is_beta":true,"boss_relics":[{"not_picked":["Black Star","Runic Cube"],"picked":"Snecko Eye"},{"not_picked":["Velvet Choker","Lizard Tail"],"picked":"Sozu"}],"items_purged_floors":[29],"is_endless":false,"potions_floor_spawned":[1,10,11,13,16,22,23,31,33,38,40,42,44],"ascension_level":1}