{"gold_per_floor":[115,126,144,158,158,158,191,201,201,230,243,263,263,293,293,365,365,377,38,55,55,55,82,94,94,120,120,120,45,45,62,74,160,172,197,0,12,124,136,181,193,218,230,242,254,292,304,326,338,422,484,509,204,221,221,221,221,251,268,268,303,303,335,335,335,335,407,407,419,419,419,419,436,436,436,455,485,499,531,544,544,544,544,620,620,639,654,521,537,547,547,566,596,623,623,655,673,702,719,719,791,868,868,887,887,907,907,925,925,957,974,1006,1022,1047,1047,1047,1063,1063,1135,1135,1151,1162,1172,1187,1227,1227,1242,1242,1271,1271,1297,1247,1247,1279,1279,1351,1351,1361,1379,1389,1611,142,142,172,172,201,201,201,220,520,0,0,72,72],"floor_reached":154,"playtime":6014,"items_purged":["Dual Wield"],"score":10700,"play_id":"a32099cc-7265-4696-985e-f1c303de1d00","local_time":"20190327101901","daily_mods":["Draft","Vintage","Terminal"],"is_ascension_mode":true,"campfire_choices":[{"data":"Rampage","floor":6.0,"key":"SMITH"},{"data":"Heavy Blade","floor":13.0,"key":"SMITH"},{"data":"Shrug It Off","floor":15.0,"key":"SMITH"},{"data":"Inflame","floor":25.0,"key":"SMITH"},{"data":"Heavy Blade","floor":30.0,"key":"SMITH"},{"data":"Inflame","floor":32.0,"key":"SMITH"},{"floor":41.0,"key":"REST"},{"data":"Demon Form","floor":45.0,"key":"SMITH"},{"data":"Armaments","floor":49.0,"key":"SMITH"},{"data":"Flex","floor":57.0,"key":"SMITH"},{"data":"Thunderclap","floor":62.0,"key":"SMITH"},{"data":"Clash","floor":64.0,"key":"SMITH"},{"data":"Pommel Strike","floor":66.0,"key":"SMITH"},{"data":"Headbutt","floor":74.0,"key":"SMITH"},{"data":"Thunderclap","floor":81.0,"key":"SMITH"},{"data":"Body Slam","floor":83.0,"key":"SMITH"},{"floor":91.0,"key":"REST"},{"floor":95.0,"key":"REST"},{"floor":100.0,"key":"REST"},{"floor":126,"key":"DIG"},{"floor":128,"key":"DIG"},{"floor":130,"key":"DIG"},{"floor":133,"key":"DIG"},{"floor":135,"key":"DIG"},{"floor":143,"key":"DIG"},{"floor":145,"key":"DIG"},{"floor":147,"key":"DIG"},{"floor":150,"key":"DIG"},{"floor":152,"key":"DIG"}],"neow_cost":"","seed_source_timestamp":0,"circlet_count":2,"master_deck":["AscendersBane","Shrug It Off+1","Heavy Blade+1","Heavy Blade+1","Flex+1","Headbutt+1","Thunderclap+1","Body Slam+1","Inflame+1","Rampage+1","Flex+1","Pommel Strike+1","Thunderclap+1","Clash+1","Inflame+1","Demon Form+1","Double Tap+1"],"special_seed":0,"relics":["Burning Blood","Blue Candle","Bag of Preparation","Darkstone Periapt","Shuriken","Ancient Tea Set","Prayer Wheel","Potion Belt","Pen Nib","Mummified Hand","Juzu Bracelet","Busted Crown","Centennial Puzzle","Ornamental Fan","Bag of Marbles","Happy Flower","Paper Frog","Red Skull","MutagenicStrength","MawBank","Cursed Key","Bottled Tornado","Red Mask","Incense Burner","FossilizedHelix","Gambling Chip","Vajra","Unceasing Top","Tiny House","Regal Pillow","Thread and Needle","Frozen Egg 2","WingedGreaves","Gremlin Horn","Sozu","Nunchaku","Self Forming Clay","Bottled Lightning","Toxic Egg 2","Lantern","Black Star","Bronze Scales","The Courier","PreservedInsect","Art of War","Sundial","Letter Opener","Boot","Pantograph","Coffee Dripper","Dream Catcher","Bottled Flame","Orichalcum","Strawberry","Smiling Mask","Ginger","Shovel","Dodecahedron","Blood Vial","Anchor","Tiny Chest","Singing Bowl","Oddly Smooth Stone","Omamori","Mercury Hourglass","StoneCalendar","Lizard Tail","War Paint","Torii","Matryoshka","Turnip","Mango","Molten Egg 2","Bird Faced Urn","Du-Vu Doll","Calipers","Magic Flower","Peace Pipe","Ice Cream","Dead Branch","Old Coin","Circlet","ClockworkSouvenir"],"potions_floor_usage":[],"damage_taken":[{"damage":5.0,"enemies":"2 Louse","floor":1.0,"turns":2.0},{"damage":0.0,"enemies":"Jaw Worm","floor":2.0,"turns":3.0},{"damage":3.0,"enemies":"Small Slimes","floor":3.0,"turns":2.0},{"damage":0.0,"enemies":"2 Fungi Beasts","floor":4.0,"turns":2.0},{"damage":5.0,"enemies":"3 Sentries","floor":7.0,"turns":4.0},{"damage":9.0,"enemies":"3 Louse","floor":8.0,"turns":4.0},{"damage":6.0,"enemies":"Gremlin Nob","floor":10.0,"turns":3.0},{"damage":3.0,"enemies":"Large Slime","floor":11.0,"turns":3.0},{"damage":4.0,"enemies":"Red Slaver","floor":12.0,"turns":2.0},{"damage":0.0,"enemies":"Slime Boss","floor":16.0,"turns":4.0},{"damage":0.0,"enemies":"Chosen","floor":18.0,"turns":2.0},{"damage":0.0,"enemies":"Shell Parasite","floor":20.0,"turns":1.0},{"damage":15.0,"enemies":"Book of Stabbing","floor":23.0,"turns":2.0},{"damage":0.0,"enemies":"Snake Plant","floor":24.0,"turns":1.0},{"damage":0.0,"enemies":"3 Cultists","floor":31.0,"turns":1.0},{"damage":4.0,"enemies":"Champ","floor":33.0,"turns":3.0},{"damage":0.0,"enemies":"3 Darklings","floor":35.0,"turns":2.0},{"damage":15.0,"enemies":"Mind Bloom Boss Battle","floor":38.0,"turns":3.0},{"damage":12.0,"enemies":"Nemesis","floor":40.0,"turns":3.0},{"damage":0.0,"enemies":"Orb Walker","floor":42.0,"turns":2.0},{"damage":0.0,"enemies":"Giant Head","floor":46.0,"turns":3.0},{"damage":0.0,"enemies":"Spire Growth","floor":48.0,"turns":2.0},{"damage":0.0,"enemies":"Time Eater","floor":50.0,"turns":4.0},{"damage":0.0,"enemies":"Cultist","floor":52.0,"turns":1.0},{"damage":0.0,"enemies":"2 Louse","floor":54.0,"turns":1.0},{"damage":0.0,"enemies":"3 Sentries","floor":58.0,"turns":2.0},{"damage":0.0,"enemies":"Jaw Worm","floor":59.0,"turns":1.0},{"damage":0.0,"enemies":"Lagavulin","floor":61.0,"turns":1.0},{"damage":0.0,"enemies":"3 Sentries","floor":63.0,"turns":1.0},{"damage":0.0,"enemies":"Hexaghost","floor":67.0,"turns":2.0},{"damage":0.0,"enemies":"Chosen","floor":69.0,"turns":1.0},{"damage":0.0,"enemies":"3 Byrds","floor":73.0,"turns":2.0},{"damage":0.0,"enemies":"Centurion and Healer","floor":76.0,"turns":1.0},{"damage":0.0,"enemies":"Book of Stabbing","floor":77.0,"turns":1.0},{"damage":0.0,"enemies":"Chosen and Byrds","floor":78.0,"turns":1.0},{"damage":0.0,"enemies":"Gremlin Leader","floor":79.0,"turns":1.0},{"damage":0.0,"enemies":"3 Cultists","floor":80.0,"turns":2.0},{"damage":0.0,"enemies":"Automaton","floor":84.0,"turns":3.0},{"damage":0.0,"enemies":"Orb Walker","floor":86.0,"turns":1.0},{"damage":0.0,"enemies":"3 Shapes","floor":87.0,"turns":1.0},{"damage":0.0,"enemies":"Transient","floor":89.0,"turns":4.0},{"damage":0.0,"enemies":"Spire Growth","floor":90.0,"turns":1.0},{"damage":0.0,"enemies":"Maw","floor":92.0,"turns":2.0},{"damage":0.0,"enemies":"Reptomancer","floor":93.0,"turns":1.0},{"damage":0.0,"enemies":"Nemesis","floor":94.0,"turns":1.0},{"damage":0.0,"enemies":"Reptomancer","floor":96.0,"turns":1.0},{"damage":0.0,"enemies":"4 Shapes","floor":97.0,"turns":1.0},{"damage":0.0,"enemies":"Nemesis","floor":98.0,"turns":1.0},{"damage":0.0,"enemies":"Jaw Worm Horde","floor":99.0,"turns":1.0},{"damage":0.0,"enemies":"Time Eater","floor":101.0,"turns":3.0},{"damage":0.0,"enemies":"Awakened One","floor":102.0,"turns":3.0},{"damage":0,"enemies":"Small Slimes","floor":104,"turns":1},{"damage":0,"enemies":"2 Louse","floor":106,"turns":1},{"damage":0,"enemies":"Cultist","floor":108,"turns":1},{"damage":0,"enemies":"3 Sentries","floor":110,"turns":1},{"damage":0,"enemies":"Large Slime","floor":111,"turns":1},{"damage":0,"enemies":"Gremlin Nob","floor":112,"turns":1},{"damage":0,"enemies":"Exordium Thugs","floor":113,"turns":1},{"damage":0,"enemies":"3 Sentries","floor":114,"turns":1},{"damage":0,"enemies":"2 Fungi Beasts","floor":117,"turns":1},{"damage":0,"enemies":"Slime Boss","floor":119,"turns":1},{"damage":0,"enemies":"Chosen","floor":121,"turns":1},{"damage":0,"enemies":"Shell Parasite","floor":122,"turns":1},{"damage":0,"enemies":"Cultist and Chosen","floor":123,"turns":1},{"damage":0,"enemies":"Snecko","floor":124,"turns":1},{"damage":0,"enemies":"Shelled Parasite and Fungi","floor":125,"turns":1},{"damage":0,"enemies":"Cultist and Chosen","floor":127,"turns":1},{"damage":0,"enemies":"Gremlin Leader","floor":129,"turns":1},{"damage":0,"enemies":"Slavers","floor":131,"turns":1},{"damage":0,"enemies":"Gremlin Leader","floor":134,"turns":1},{"damage":0,"enemies":"Champ","floor":136,"turns":2},{"damage":0,"enemies":"Orb Walker","floor":138,"turns":1},{"damage":0,"enemies":"3 Darklings","floor":139,"turns":1},{"damage":0,"enemies":"4 Shapes","floor":140,"turns":1},{"damage":0,"enemies":"Nemesis","floor":144,"turns":1},{"damage":0,"enemies":"Giant Head","floor":146,"turns":2},{"damage":0,"enemies":"Jaw Worm Horde","floor":149,"turns":1},{"damage":0,"enemies":"Awakened One","floor":153,"turns":3},{"damage":95,"enemies":"Time Eater","floor":154,"turns":2}],"seed_played":"5752522224685372704","potions_obtained":[{"floor":1.0,"key":"Fire Potion"},{"floor":2.0,"key":"LiquidBronze"},{"floor":11.0,"key":"BloodPotion"},{"floor":16.0,"key":"Block Potion"},{"floor":23.0,"key":"SpeedPotion"},{"floor":35.0,"key":"Fruit Juice"},{"floor":40.0,"key":"LiquidBronze"},{"floor":51.0,"key":"FearPotion"},{"floor":58.0,"key":"FearPotion"}],"is_trial":true,"path_per_floor":["M","M","M","M","$","R","E","M","T","E","M","M","R","?","R","B",null,"M","$","M","?","?","E","M","R","T","?","?","$","R","M","R","B",null,"M","?","?","?","$","E","R","M","T","T","R","E","?","M","R","B",null,"M","$","M","?","?","R","E","M","T","E","R","E","R","?","R","B",null,"M","?","?","$","M","R","?","M","E","M","E","M","R","?","R","B",null,"M","M","$","M","M","R","M","E","E","R","E","M","E","M","R","B","B",null,"M","$","M","?","M","R","E","M","E","M","E","?","?","M","R","B",null,"M","M","M","M","M","R","M","R","E","R","E","?","R","E","R","B",null,"M","M","M","?","$","R","E","R","E","R","?","M","R","$","R","B","B"],"character_chosen":"IRONCLAD","items_purchased":["Ornamental Fan","Flex","Thread and Needle","PreservedInsect","Turnip","Mango","Molten Egg 2","Bird Faced Urn","Du-Vu Doll","Calipers","Circlet","ClockworkSouvenir"],"campfire_rested":4,"item_purchase_floors":[19,19,53,88,142,142,142,142,142,142,151,151],"current_hp_per_floor":[69,72,71,70,69,68,67,64,64,64,63,62,61,60,59,58,57,56,55,54,53,47,38,44,44,44,44,44,44,44,43,42,41,40,39,38,37,28,28,27,38,37,36,35,34,33,30,29,28,27,31,30,29,28,27,26,25,24,23,22,21,20,19,18,17,16,15,14,13,13,4,4,10,10,10,11,10,9,8,7,6,5,4,3,2,1,1,1,1,1,1,1,1,1,1,1,1,1,1,1,1,1,1,1,1,1,1,1,1,1,7,6,5,4,3,2,1,1,1,1,1,1,1,1,1,1,1,1,1,1,1,1,1,1,1,1,1,1,1,1,1,14,13,12,11,10,9,8,7,6,5,4,3,0],"gold":72,"neow_bonus":"","is_prod":false,"is_daily":false,"chose_seed":false,"campfire_upgraded":15,"win_rate":0,"timestamp":1553696341,"path_taken":["M","M","?","M","$","R","E","M","T","E","M","M","R","?","R","BOSS","M","$","M","?","?","E","M","R","T","?","?","$","R","M","R","BOSS","M","?","?","?","$","E","R","M","T","?","R","E","?","M","R","BOSS","M","$","M","?","?","R","E","M","T","E","R","E","R","?","R","BOSS","M","?","?","$","M","R","?","M","E","M","E","M","R","?","R","BOSS","M","M","$","M","M","R","M","E","E","R","E","M","E","M","R","BOSS","BOSS","M","$","M","?","M","R","E","M","E","M","E","?","?","M","R","BOSS","M","M","M","M","M","R","M","R","E","R","E","?","R","E","R","BOSS","M","M","M","?","$","R","E","R","E","R","?","M","R","$","R","BOSS","BOSS"],"build_version":"2019-01-23","purchased_purges":1,"victory":false,"max_hp_per_floor":[73,72,71,70,69,68,67,66,65,64,63,62,61,60,59,58,57,56,55,54,53,52,51,50,49,48,47,46,45,44,43,42,41,40,39,38,37,36,35,39,38,37,36,35,34,33,30,29,28,27,31,30,29,28,27,26,25,24,23,22,21,20,19,18,17,16,15,14,13,17,16,15,14,13,12,11,10,9,8,7,6,5,4,3,2,1,1,1,1,1,1,1,1,1,1,1,1,1,1,1,1,1,1,1,1,1,1,1,1,1,7,6,5,4,3,2,1,1,1,1,1,1,1,1,1,1,1,1,1,1,1,1,1,1,1,1,1,1,1,1,1,14,13,12,11,10,9,8,7,6,5,4,3,3],"card_choices":[{"not_picked":["Corruption","Disarm"],"picked":"Uppercut","floor":0.0},{"not_picked":["Spot Weakness","Heavy Blade"],"picked":"Shrug It Off","floor":0.0},{"not_picked":["Burning Pact","Clash"],"picked":"Heavy Blade","floor":0.0},{"not_picked":["Clothesline","Clash"],"picked":"Heavy Blade","floor":0.0},{"not_picked":["Armaments","Cleave"],"picked":"Flex","floor":0.0},{"not_picked":["Disarm","Armaments"],"picked":"Headbutt","floor":0.0},{"not_picked":["Second Wind","Body Slam"],"picked":"Thunderclap","floor":0.0},{"not_picked":["Hemokinesis","Clothesline"],"picked":"Body Slam","floor":0.0},{"not_picked":["Anger","Headbutt"],"picked":"Inflame","floor":0.0},{"not_picked":["Clothesline","Twin Strike"],"picked":"Rampage","floor":0.0},{"not_picked":["Headbutt","Bloodletting"],"picked":"Flex","floor":0.0},{"not_picked":["Headbutt","Wild Strike"],"picked":"Pommel Strike","floor":0.0},{"not_picked":["Warcry","Anger"],"picked":"Armaments","floor":0.0},{"not_picked":["Perfected Strike","Twin Strike"],"picked":"Thunderclap","floor":0.0},{"not_picked":["Cleave","Headbutt"],"picked":"Dual Wield","floor":0.0},{"not_picked":["Wild Strike","Reaper","Havoc"],"picked":"SKIP","floor":7.0},{"not_picked":["Twin Strike","Disarm"],"picked":"Clash","floor":10.0},{"not_picked":[],"picked":"Inflame","floor":23.0},{"not_picked":[],"picked":"Demon Form","floor":33.0},{"not_picked":["Feel No Pain+1"],"picked":"SKIP","floor":40.0},{"not_picked":["Twin Strike"],"picked":"SKIP","floor":46.0},{"not_picked":["Warcry"],"picked":"SKIP","floor":58.0},{"not_picked":["Havoc"],"picked":"SKIP","floor":61.0},{"not_picked":["Shrug It Off"],"picked":"SKIP","floor":63.0},{"not_picked":["Body Slam"],"picked":"SKIP","floor":77.0},{"not_picked":["Clothesline"],"picked":"SKIP","floor":79.0},{"not_picked":["Shrug It Off+1"],"picked":"SKIP","floor":93.0},{"not_picked":["Hemokinesis"],"picked":"SKIP","floor":94.0},{"not_picked":["Dropkick"],"picked":"SKIP","floor":96.0},{"not_picked":["Infernal Blade+1"],"picked":"SKIP","floor":98.0},{"not_picked":[],"picked":"Double Tap+1","floor":102.0},{"not_picked":["Cleave"],"picked":"SKIP","floor":110},{"not_picked":["Wild Strike"],"picked":"SKIP","floor":112},{"not_picked":["Rupture+1"],"picked":"SKIP","floor":114},{"not_picked":["True Grit+1"],"picked":"SKIP","floor":129},{"not_picked":["Armaments+1"],"picked":"SKIP","floor":131},{"not_picked":["Second Wind+1"],"picked":"SKIP","floor":134},{"not_picked":["Hemokinesis+1"],"picked":"SKIP","floor":144},{"not_picked":["Shockwave+1"],"picked":"SKIP","floor":146}],"player_experience":45078,"relics_obtained":[{"floor":1.0,"key":"Blue Candle"},{"floor":2.0,"key":"Bag of Preparation"},{"floor":3.0,"key":"Darkstone Periapt"},{"floor":4.0,"key":"Shuriken"},{"floor":7.0,"key":"Ancient Tea Set"},{"floor":8.0,"key":"Prayer Wheel"},{"floor":9.0,"key":"Potion Belt"},{"floor":10.0,"key":"Pen Nib"},{"floor":11.0,"key":"Mummified Hand"},{"floor":12.0,"key":"Juzu Bracelet"},{"floor":18.0,"key":"Centennial Puzzle"},{"floor":20.0,"key":"Bag of Marbles"},{"floor":23.0,"key":"Happy Flower"},{"floor":24.0,"key":"Paper Frog"},{"floor":26.0,"key":"Red Skull"},{"floor":31.0,"key":"MawBank"},{"floor":35.0,"key":"Bottled Tornado"},{"floor":38.0,"key":"Incense Burner"},{"floor":40.0,"key":"FossilizedHelix"},{"floor":42.0,"key":"Gambling Chip"},{"floor":46.0,"key":"Vajra"},{"floor":48.0,"key":"Unceasing Top"},{"floor":52.0,"key":"Regal Pillow"},{"floor":54.0,"key":"Frozen Egg 2"},{"floor":59.0,"key":"Gremlin Horn"},{"floor":69.0,"key":"Nunchaku"},{"floor":73.0,"key":"Self Forming Clay"},{"floor":76.0,"key":"Bottled Lightning"},{"floor":78.0,"key":"Toxic Egg 2"},{"floor":80.0,"key":"Lantern"},{"floor":86.0,"key":"Bronze Scales"},{"floor":87.0,"key":"The Courier"},{"floor":89.0,"key":"Art of War"},{"floor":90.0,"key":"Sundial"},{"floor":92.0,"key":"Letter Opener"},{"floor":97.0,"key":"Boot"},{"floor":99.0,"key":"Pantograph"},{"floor":104,"key":"Dream Catcher"},{"floor":106,"key":"Bottled Flame"},{"floor":108,"key":"Orichalcum"},{"floor":111,"key":"Strawberry"},{"floor":113,"key":"Smiling Mask"},{"floor":117,"key":"Ginger"},{"floor":121,"key":"Shovel"},{"floor":122,"key":"Dodecahedron"},{"floor":123,"key":"Blood Vial"},{"floor":124,"key":"Anchor"},{"floor":125,"key":"Tiny Chest"},{"floor":126,"key":"Singing Bowl"},{"floor":127,"key":"Oddly Smooth Stone"},{"floor":128,"key":"Omamori"},{"floor":133,"key":"Mercury Hourglass"},{"floor":135,"key":"StoneCalendar"},{"floor":138,"key":"War Paint"},{"floor":139,"key":"Torii"},{"floor":140,"key":"Matryoshka"},{"floor":143,"key":"Magic Flower"},{"floor":145,"key":"Peace Pipe"},{"floor":147,"key":"Ice Cream"},{"floor":149,"key":"Dead Branch"},{"floor":150,"key":"Old Coin"},{"floor":152,"key":"Circlet"}],"event_choices":[{"damage_healed":0.0,"max_hp_gain":0.0,"max_hp_loss":0.0,"gold_gain":30.0,"event_name":"Dead Adventurer","player_choice":"Searched \u00271\u0027 times","floor":14.0,"gold_loss":0.0,"damage_taken":0.0},{"cards_removed":["Uppercut"],"damage_healed":0.0,"max_hp_gain":0.0,"max_hp_loss":0.0,"gold_gain":0.0,"event_name":"Back to Basics","player_choice":"Elegance","floor":21.0,"gold_loss":0.0,"damage_taken":0.0},{"damage_healed":0.0,"max_hp_gain":0.0,"max_hp_loss":0.0,"gold_gain":0.0,"event_name":"Knowing Skull","player_choice":"","floor":22.0,"potions_obtained":[],"gold_loss":0.0,"damage_taken":6.0,"cards_obtained":[]},{"damage_healed":0.0,"max_hp_gain":0.0,"max_hp_loss":0.0,"gold_gain":0.0,"event_name":"Ghosts","player_choice":"Ignored","floor":27.0,"gold_loss":0.0,"damage_taken":0.0},{"damage_healed":0.0,"max_hp_gain":0.0,"max_hp_loss":0.0,"gold_gain":0.0,"event_name":"Drug Dealer","player_choice":"Inject Mutagens","floor":28.0,"gold_loss":0.0,"damage_taken":0.0,"relics_obtained":["MutagenicStrength"]},{"damage_healed":0.0,"max_hp_gain":0.0,"max_hp_loss":0.0,"gold_gain":0.0,"event_name":"Tomb of Lord Red Mask","player_choice":"Paid","floor":36.0,"gold_loss":209.0,"damage_taken":0.0,"relics_obtained":["Red Mask"]},{"cards_removed":["Flex"],"damage_healed":0.0,"max_hp_gain":0.0,"max_hp_loss":0.0,"gold_gain":0.0,"event_name":"Falling","player_choice":"Removed Skill","floor":37.0,"gold_loss":0.0,"damage_taken":0.0},{"damage_healed":0.0,"max_hp_gain":0.0,"max_hp_loss":0.0,"gold_gain":0.0,"event_name":"MindBloom","player_choice":"Fight","floor":38.0,"gold_loss":0.0,"damage_taken":0.0},{"damage_healed":0.0,"max_hp_gain":0.0,"max_hp_loss":2.0,"gold_gain":0.0,"event_name":"Winding Halls","player_choice":"Max HP","floor":47.0,"gold_loss":0.0,"damage_taken":0.0},{"damage_healed":0.0,"max_hp_gain":0.0,"max_hp_loss":0.0,"gold_gain":0.0,"event_name":"Liars Game","player_choice":"Ignored","floor":55.0,"gold_loss":0.0,"damage_taken":0.0},{"damage_healed":0.0,"max_hp_gain":0.0,"max_hp_loss":0.0,"gold_gain":0.0,"event_name":"WeMeetAgain","player_choice":"Gave Potion","floor":56.0,"gold_loss":0.0,"damage_taken":0.0,"relics_obtained":["WingedGreaves"]},{"damage_healed":0.0,"max_hp_gain":0.0,"max_hp_loss":0.0,"gold_gain":0.0,"event_name":"The Cleric","player_choice":"Leave","floor":65.0,"gold_loss":0.0,"damage_taken":0.0},{"damage_healed":0.0,"max_hp_gain":5.0,"max_hp_loss":0.0,"gold_gain":0.0,"event_name":"Forgotten Altar","player_choice":"Shed Blood","floor":70.0,"gold_loss":0.0,"damage_taken":5.0},{"damage_healed":0.0,"max_hp_gain":0.0,"max_hp_loss":0.0,"gold_gain":0.0,"event_name":"Cursed Tome","player_choice":"Stopped","floor":71.0,"gold_loss":0.0,"damage_taken":9.0},{"damage_healed":0.0,"max_hp_gain":0.0,"max_hp_loss":0.0,"gold_gain":0.0,"event_name":"Ghosts","player_choice":"Ignored","floor":75.0,"gold_loss":0.0,"damage_taken":0.0},{"cards_removed":["Armaments"],"damage_healed":0.0,"max_hp_gain":0.0,"max_hp_loss":0.0,"gold_gain":0.0,"event_name":"Back to Basics","player_choice":"Elegance","floor":82.0,"gold_loss":0.0,"damage_taken":0.0},{"damage_healed":0,"gold_gain":0,"player_choice":"Ignored","damage_taken":0,"max_hp_gain":0,"max_hp_loss":0,"event_name":"Liars Game","floor":107,"gold_loss":0},{"damage_healed":1,"gold_gain":0,"player_choice":"Banana","damage_taken":0,"max_hp_gain":0,"max_hp_loss":0,"event_name":"Big Fish","floor":115,"gold_loss":0},{"damage_healed":0,"gold_gain":0,"player_choice":"Ignored","damage_taken":0,"max_hp_gain":0,"max_hp_loss":0,"event_name":"Shining Light","floor":116,"gold_loss":0},{"damage_healed":0,"gold_gain":0,"player_choice":"Bet on Owner","damage_taken":0,"max_hp_gain":0,"max_hp_loss":0,"event_name":"The Joust","floor":132,"gold_loss":50},{"damage_healed":0,"gold_gain":222,"player_choice":"Wore Mask","damage_taken":0,"max_hp_gain":0,"max_hp_loss":0,"event_name":"Tomb of Lord Red Mask","floor":141,"gold_loss":0},{"damage_healed":0,"gold_gain":0,"player_choice":"Got Potions","damage_taken":0,"max_hp_gain":0,"max_hp_loss":0,"event_name":"Lab","floor":148,"gold_loss":0}],"is_beta":false,"boss_relics":[{"not_picked":["Astrolabe","Runic Dome"],"picked":"Busted Crown"},{"not_picked":["Empty Cage","Snecko Eye"],"picked":"Cursed Key"},{"not_picked":["Orrery","Philosopher\u0027s Stone"],"picked":"Tiny House"},{"not_picked":["Calling Bell","Velvet Choker"],"picked":"Sozu"},{"not_picked":["Orrery","Philosopher\u0027s Stone"],"picked":"Black Star"},{"not_picked":["Empty Cage","Mark of Pain"],"picked":"Coffee Dripper"},{"not_picked":["Calling Bell","Empty Cage","Mark of Pain"]},{"not_picked":["Astrolabe","Philosopher\u0027s Stone"],"picked":"Lizard Tail"}],"items_purged_floors":[29],"is_endless":true,"potions_floor_spawned":[1,2,11,16,23,24,35,40,46,52,58,63,73,76,77,80,86,87,93,94,98,99,101,104,110,114,117,119,122,125,134,138,140,144,146,153],"killed_by":"Time Eater","ascension_level":20}