{"gold_per_floor":[117,129,129,141,18,46,62,62,62,62,76,76,103,113,113,190,190,204,29,60,60,74,108,108,108,108,133,133,133,158,158,158,233,233,247,247,247,172,172,200,229,246,272,272,304,321,22,38,38,38,38,38,10,35,35],"floor_reached":56,"playtime":5189,"items_purged":["Accuracy"],"score":2748,"play_id":"b2b2da12-66f2-4d6e-9156-f5561406801d","local_time":"20190206150402","is_ascension_mode":true,"campfire_choices":[{"data":"Deadly Poison","floor":10,"key":"SMITH"},{"floor":12,"key":"REST"},{"data":"Footwork","floor":15,"key":"SMITH"},{"data":"A Thousand Cuts","floor":24,"key":"SMITH"},{"data":"After Image","floor":28,"key":"SMITH"},{"data":"Tools of the Trade","floor":32,"key":"SMITH"},{"data":"After Image","floor":44,"key":"SMITH"},{"floor":49,"key":"RECALL"},{"data":"Well Laid Plans","floor":52,"key":"SMITH"}],"neow_cost":"NONE","seed_source_timestamp":185965024818030,"circlet_count":0,"master_deck":["AscendersBane","Survivor+1","Neutralize+1","Deadly Poison+1","Well Laid Plans+1","Bane","Footwork+1","Dash","Catalyst+1","Escape Plan+1","Bouncing Flask+1","Acrobatics+1","After Image+1","Deflect+1","Malaise+1","Reflex+1","Deadly Poison+1","Tactician+1","Reflex+1","Acrobatics+1","Tools of the Trade+1","Prepared+1","Bandage Up+1","Night Terror+1","Deflect+1","Ghostly+1","Ghostly+1","Ghostly+1","Prepared+1","A Thousand Cuts+1","Outmaneuver+1","Tactician+1","Tactician+1","Malaise+1","Backflip+1","Calculated Gamble+1","After Image+1","Bouncing Flask+1","Calculated Gamble+1","PiercingWail+1","PiercingWail+1"],"relics":["Ring of the Snake","Toxic Egg 2","Sundial","Bottled Lightning","Pandora\u0027s Box","Red Mask","WingedGreaves","Snake Skull","Blood Vial","Meat on the Bone","Coffee Dripper","Dodecahedron","War Paint","Orichalcum","Juzu Bracelet","Turnip","Toy Ornithopter","Bird Faced Urn"],"potions_floor_usage":[6,13,13,18,27,35,54],"damage_taken":[{"damage":0,"enemies":"Cultist","floor":1,"turns":4},{"damage":0,"enemies":"2 Louse","floor":2,"turns":4},{"damage":1,"enemies":"Small Slimes","floor":4,"turns":4},{"damage":22,"enemies":"3 Sentries","floor":6,"turns":8},{"damage":0,"enemies":"Blue Slaver","floor":7,"turns":4},{"damage":0,"enemies":"Red Slaver","floor":11,"turns":4},{"damage":24,"enemies":"Gremlin Nob","floor":13,"turns":6},{"damage":8,"enemies":"Large Slime","floor":14,"turns":6},{"damage":0,"enemies":"The Guardian","floor":16,"turns":7},{"damage":10,"enemies":"2 Thieves","floor":18,"turns":5},{"damage":22,"enemies":"Masked Bandits","floor":20,"turns":5},{"damage":0,"enemies":"Shell Parasite","floor":22,"turns":2},{"damage":0,"enemies":"Slavers","floor":23,"turns":8},{"damage":0,"enemies":"Gremlin Leader","floor":27,"turns":5},{"damage":0,"enemies":"Slavers","floor":30,"turns":6},{"damage":0,"enemies":"Automaton","floor":33,"turns":9},{"damage":0,"enemies":"Orb Walker","floor":35,"turns":4},{"damage":3,"enemies":"Giant Head","floor":40,"turns":6},{"damage":0,"enemies":"Nemesis","floor":41,"turns":5},{"damage":0,"enemies":"3 Shapes","floor":42,"turns":3},{"damage":0,"enemies":"Reptomancer","floor":45,"turns":5},{"damage":0,"enemies":"3 Darklings","floor":46,"turns":4},{"damage":0,"enemies":"Spire Growth","floor":48,"turns":4},{"damage":0,"enemies":"Time Eater","floor":50,"turns":8},{"damage":0,"enemies":"Shield and Spear","floor":54,"turns":4},{"damage":2,"enemies":"The Heart","floor":55,"turns":8}],"seed_played":"9066155467795697043","potions_obtained":[{"floor":2,"key":"Fire Potion"},{"floor":3,"key":"Poison Potion"},{"floor":7,"key":"Weak Potion"},{"floor":13,"key":"SteroidPotion"},{"floor":14,"key":"FearPotion"},{"floor":16,"key":"AttackPotion"},{"floor":22,"key":"AttackPotion"},{"floor":30,"key":"Block Potion"},{"floor":35,"key":"AttackPotion"},{"floor":42,"key":"Swift Potion"},{"floor":54,"key":"FearPotion"}],"is_trial":false,"path_per_floor":["M","M","?","M","$","E","M","?","T","R","M","R","E","M","R","B",null,"M","$","?","?","M","E","R","?","T","E","R","?","E","T","R","B",null,"M","?","?","$","?","E","E","M","T","R","E","M","$","M","R","B",null,"R","$","E","B",null],"character_chosen":"THE_SILENT","items_purchased":["Footwork","Dash","Bandage Up+1","Night Terror+1","Bouncing Flask+1","Toy Ornithopter","PiercingWail+1"],"campfire_rested":1,"item_purchase_floors":[5,5,19,19,47,47,53],"current_hp_per_floor":[59,59,59,58,58,36,36,36,36,36,36,55,31,23,23,23,55,45,45,29,29,33,33,33,33,33,33,33,33,33,33,33,33,33,33,33,31,31,31,31,31,31,31,31,31,31,31,31,31,31,31,31,31,31,31],"gold":35,"neow_bonus":"UPGRADE_CARD","is_prod":false,"is_daily":false,"chose_seed":false,"campfire_upgraded":7,"win_rate":0,"timestamp":1549465442,"path_taken":["M","M","?","M","$","E","?","?","T","R","M","R","E","M","R","BOSS","M","$","?","?","M","E","R","?","T","E","R","?","E","?","R","BOSS","M","?","?","$","?","E","E","?","T","R","E","M","$","M","R","BOSS","R","$","E","BOSS"],"build_version":"2019-01-23","purchased_purges":1,"victory":true,"max_hp_per_floor":[66,66,66,66,66,66,66,66,66,66,66,66,66,66,66,66,66,66,66,66,33,33,33,33,33,33,33,33,33,33,33,33,33,33,33,33,31,31,31,31,31,31,31,31,31,31,31,31,31,31,31,31,31,31,31],"card_choices":[{"not_picked":["Slice","Dodge and Roll"],"picked":"Deadly Poison","floor":1},{"not_picked":["Reflex","Deadly Poison"],"picked":"Well Laid Plans","floor":2},{"not_picked":["Dodge and Roll","Eviscerate"],"picked":"Bane","floor":4},{"not_picked":["Masterful Stab","Predator","Expertise"],"picked":"SKIP","floor":6},{"not_picked":["Poisoned Stab","Acrobatics+1"],"picked":"Catalyst+1","floor":7},{"not_picked":["Backstab","Eviscerate"],"picked":"Escape Plan+1","floor":11},{"not_picked":["Doppelganger+1","Heel Hook"],"picked":"Bouncing Flask+1","floor":13},{"not_picked":["Backstab","Prepared+1"],"picked":"Acrobatics+1","floor":14},{"not_picked":["Venomology+1","Unload"],"picked":"After Image","floor":16},{"not_picked":["Acrobatics+1","Eviscerate"],"picked":"Prepared+1","floor":18},{"not_picked":["Acrobatics+1","Masterful Stab"],"picked":"Deflect+1","floor":20},{"not_picked":["Dodge and Roll+1","Dash+1"],"picked":"Prepared+1","floor":22},{"not_picked":["Quick Slash","Envenom"],"picked":"A Thousand Cuts","floor":23},{"not_picked":["Acrobatics+1","Prepared+1"],"picked":"Outmaneuver+1","floor":27},{"not_picked":["Heel Hook+1","Bouncing Flask+1"],"picked":"Tactician+1","floor":30},{"not_picked":["Tools of the Trade","Die Die Die"],"picked":"Malaise+1","floor":33},{"not_picked":["Bane","Underhanded Strike","Reflex+1"],"picked":"SKIP","floor":35},{"not_picked":["Deflect+1","Dagger Spray"],"picked":"Backflip+1","floor":40},{"not_picked":["Dodge and Roll+1","Slice"],"picked":"Calculated Gamble+1","floor":41},{"not_picked":["Flying Knee","Bane"],"picked":"After Image","floor":42},{"not_picked":["Venomology+1","Skewer","Unload"],"picked":"SKIP","floor":45},{"not_picked":["Sucker Punch","Accuracy","Blade Dance+1"],"picked":"SKIP","floor":46},{"not_picked":["Tactician+1","Quick Slash+1"],"picked":"Calculated Gamble+1","floor":48},{"not_picked":["Underhanded Strike","Dagger Throw"],"picked":"PiercingWail+1","floor":54}],"player_experience":845061,"relics_obtained":[{"floor":6,"key":"Toxic Egg 2"},{"floor":9,"key":"Sundial"},{"floor":13,"key":"Bottled Lightning"},{"floor":20,"key":"Red Mask"},{"floor":23,"key":"WingedGreaves"},{"floor":27,"key":"Snake Skull"},{"floor":30,"key":"Blood Vial"},{"floor":31,"key":"Meat on the Bone"},{"floor":40,"key":"War Paint"},{"floor":41,"key":"Orichalcum"},{"floor":43,"key":"Juzu Bracelet"},{"floor":45,"key":"Turnip"},{"floor":54,"key":"Bird Faced Urn"}],"event_choices":[{"damage_healed":0,"gold_gain":0,"player_choice":"Got Potions","damage_taken":0,"max_hp_gain":0,"max_hp_loss":0,"event_name":"Lab","floor":3,"gold_loss":0},{"damage_healed":0,"gold_gain":0,"player_choice":"Ignored","damage_taken":0,"max_hp_gain":0,"max_hp_loss":0,"event_name":"Liars Game","floor":8,"gold_loss":0},{"damage_healed":0,"gold_gain":0,"player_choice":"Fought Bandits","damage_taken":0,"max_hp_gain":0,"max_hp_loss":0,"event_name":"Masked Bandits","floor":20,"gold_loss":0},{"damage_healed":0,"gold_gain":0,"player_choice":"Became a Ghost","damage_taken":0,"max_hp_gain":0,"max_hp_loss":33,"event_name":"Ghosts","floor":21,"gold_loss":0,"cards_obtained":["Ghostly","Ghostly","Ghostly"]},{"damage_healed":0,"gold_gain":0,"player_choice":"Ignored","damage_taken":0,"max_hp_gain":0,"max_hp_loss":0,"event_name":"Cursed Tome","floor":25,"gold_loss":0},{"damage_healed":0,"gold_gain":0,"player_choice":"Read","damage_taken":0,"max_hp_gain":0,"max_hp_loss":0,"event_name":"The Library","floor":29,"gold_loss":0,"cards_obtained":["Tactician"]},{"cards_removed":["Sucker Punch"],"damage_healed":0,"gold_gain":0,"player_choice":"Removed Attack","damage_taken":0,"max_hp_gain":0,"max_hp_loss":0,"event_name":"Falling","floor":36,"gold_loss":0},{"damage_healed":0,"gold_gain":0,"player_choice":"Max HP","damage_taken":0,"max_hp_gain":0,"max_hp_loss":2,"event_name":"Winding Halls","floor":37,"gold_loss":0},{"damage_healed":0,"gold_gain":0,"player_choice":"Gave Potion","damage_taken":0,"relics_obtained":["Dodecahedron"],"max_hp_gain":0,"max_hp_loss":0,"event_name":"WeMeetAgain","floor":39,"gold_loss":0}],"is_beta":true,"boss_relics":[{"not_picked":["Snecko Eye","Velvet Choker"],"picked":"Pandora\u0027s Box"},{"not_picked":["Astrolabe","Cursed Key"],"picked":"Coffee Dripper"}],"items_purged_floors":[38],"is_endless":false,"potions_floor_spawned":[2,7,11,13,14,16,22,23,30,33,35,42,45,54],"ascension_level":16}