{"gold_per_floor":[110,185,28,40,40,40,70,70,70,70,143,160,177,196,196,268,268,281,281,281,292,316,316,330,330],"floor_reached":25,"playtime":1439,"items_purged":[],"score":384,"play_id":"07ca7112-af71-4b3f-84b4-83329eb3742d","local_time":"20190404230346","is_ascension_mode":true,"campfire_choices":[{"data":"Inflame","floor":6,"key":"SMITH"},{"data":"Spot Weakness","floor":8,"key":"SMITH"},{"data":"Armaments","floor":10,"key":"SMITH"},{"data":"Heavy Blade","floor":15,"key":"SMITH"},{"data":"Feed","floor":23,"key":"SMITH"}],"neow_cost":"NONE","seed_source_timestamp":298460733935288,"circlet_count":0,"master_deck":["AscendersBane","Strike_R","Strike_R","Defend_R","Defend_R","Defend_R","Defend_R","Bash","Wild Strike","Inflame+1","Flame Barrier","Armaments+1","Spot Weakness+1","Regret","Iron Wave","Heavy Blade+1","Flame Barrier","Sword Boomerang","Feed+1","Wild Strike+1","Whirlwind+1","Fiend Fire+1","Heavy Blade"],"relics":["Burning Blood","NeowsBlessing","Turnip","Bag of Preparation","The Courier","Self Forming Clay","Astrolabe","Smiling Mask"],"potions_floor_usage":[],"damage_taken":[{"damage":0,"enemies":"2 Louse","floor":1,"turns":1},{"damage":0,"enemies":"Jaw Worm","floor":4,"turns":1},{"damage":0,"enemies":"Gremlin Nob","floor":7,"turns":1},{"damage":3,"enemies":"Cultist","floor":12,"turns":3},{"damage":1,"enemies":"Looter","floor":13,"turns":3},{"damage":1,"enemies":"Blue Slaver","floor":14,"turns":3},{"damage":61,"enemies":"The Guardian","floor":16,"turns":11},{"damage":0,"enemies":"3 Byrds","floor":18,"turns":4},{"damage":7,"enemies":"Chosen","floor":21,"turns":4},{"damage":13,"enemies":"Snake Plant","floor":24,"turns":4},{"damage":59,"enemies":"Gremlin Leader","floor":25,"turns":4}],"seed_played":"-3438819196873067255","potions_obtained":[{"floor":1,"key":"FearPotion"},{"floor":12,"key":"SpeedPotion"},{"floor":16,"key":"Regen Potion"}],"is_trial":false,"path_per_floor":["M","?","$","M","?","R","E","R","T","R","T","M","M","M","R","B",null,"M","?","?","M","T","R","M","E"],"character_chosen":"IRONCLAD","items_purchased":["Inflame","Flame Barrier","Armaments"],"campfire_rested":0,"item_purchase_floors":[3,3,3],"current_hp_per_floor":[74,63,63,69,69,69,75,75,75,75,75,75,75,75,75,20,61,67,67,67,66,66,66,59,0],"gold":330,"neow_bonus":"THREE_ENEMY_KILL","is_prod":false,"is_daily":false,"chose_seed":false,"campfire_upgraded":5,"win_rate":0,"timestamp":1554429826,"path_taken":["M","?","$","M","?","R","E","R","T","R","?","M","?","M","R","BOSS","M","?","?","M","?","R","?","E"],"build_version":"2019-01-23","purchased_purges":0,"victory":false,"max_hp_per_floor":[75,75,75,75,75,75,75,75,75,75,75,75,75,75,75,75,75,75,75,75,75,75,75,75,75],"card_choices":[{"not_picked":["Seeing Red","Pommel Strike"],"picked":"Wild Strike","floor":1},{"not_picked":["Pommel Strike","Flex"],"picked":"Spot Weakness","floor":4},{"not_picked":["Rupture","Headbutt"],"picked":"Iron Wave","floor":7},{"not_picked":["Headbutt","Armaments"],"picked":"Heavy Blade","floor":12},{"not_picked":["Wild Strike","Juggernaut"],"picked":"Flame Barrier","floor":13},{"not_picked":["Iron Wave","Dual Wield"],"picked":"Sword Boomerang","floor":14},{"not_picked":["Berserk","Juggernaut"],"picked":"Feed","floor":16},{"not_picked":["Dual Wield","Havoc"],"picked":"Heavy Blade","floor":18},{"not_picked":["Fire Breathing+1","Hemokinesis","Body Slam"],"picked":"SKIP","floor":21},{"not_picked":["Entrench","Infernal Blade","Evolve"],"picked":"SKIP","floor":24}],"player_experience":1036964,"relics_obtained":[{"floor":7,"key":"Bag of Preparation"},{"floor":9,"key":"The Courier"},{"floor":11,"key":"Self Forming Clay"}],"event_choices":[{"damage_healed":0,"gold_gain":75,"player_choice":"Gather Gold","damage_taken":11,"max_hp_gain":0,"max_hp_loss":0,"event_name":"World of Goop","floor":2,"gold_loss":0},{"damage_healed":0,"gold_gain":0,"player_choice":"Box","damage_taken":0,"relics_obtained":["Turnip"],"max_hp_gain":0,"max_hp_loss":0,"event_name":"Big Fish","floor":5,"gold_loss":0,"cards_obtained":["Regret"]},{"damage_healed":0,"gold_gain":0,"player_choice":"Ignored","damage_taken":0,"max_hp_gain":0,"max_hp_loss":0,"event_name":"Vampires","floor":19,"gold_loss":0},{"damage_healed":0,"gold_gain":0,"player_choice":"Opened","damage_taken":0,"relics_obtained":["Smiling Mask"],"max_hp_gain":0,"max_hp_loss":0,"event_name":"The Mausoleum","floor":20,"gold_loss":0}],"is_beta":false,"boss_relics":[{"not_picked":["Runic Dome","Runic Pyramid"],"picked":"Astrolabe"}],"items_purged_floors":[],"is_endless":false,"potions_floor_spawned":[1,12,16],"killed_by":"Gremlin Leader","ascension_level":14}