{"gold_per_floor":[110,2,77,91,109,109,137,198,198,198,209,209,227,260,260,336,336,312,312,362,287,287,287,316,316,316,19,32,32,48,65,65,138,138,152,110,130,130,144,144,171,171,171,121,167,167,197,197,197,197],"floor_reached":50,"playtime":5846,"items_purged":["Strike_G+1","Dagger Spray"],"score":1098,"play_id":"eaaf135f-1419-49a9-b7c4-50d4ebb79bd7","local_time":"20190514153425","is_ascension_mode":true,"campfire_choices":[{"data":"Neutralize","floor":6,"key":"SMITH"},{"floor":10,"key":"REST"},{"data":"Deadly Poison","floor":12,"key":"SMITH"},{"floor":15,"key":"REST"},{"data":"After Image","floor":23,"key":"SMITH"},{"data":"Ghostly","floor":25,"key":"SMITH"},{"data":"Infinite Blades","floor":32,"key":"SMITH"},{"data":"Well Laid Plans","floor":40,"key":"SMITH"},{"floor":46,"key":"RECALL"},{"data":"1","floor":49,"key":"LIFT"}],"neow_cost":"NONE","seed_source_timestamp":40400608204419,"circlet_count":0,"master_deck":["AscendersBane","Defend_G+1","Defend_G+1","Defend_G+1","Defend_G+1","Defend_G+1","Strike_G+1","Strike_G+1","Strike_G+1","Survivor","Neutralize+1","Cloak And Dagger","Deadly Poison+1","Quick Slash","Backflip","Cloak And Dagger","Quick Slash","After Image+1","Ghostly","Ghostly","Ghostly+1","Infinite Blades+1","Well Laid Plans+1","Quick Slash","Adrenaline","PiercingWail","Acrobatics","Backflip+1"],"relics":["Ring of the Snake","Ninja Scroll","Torii","Smiling Mask","Lantern","Coffee Dripper","Ancient Tea Set","Shuriken","Membership Card","WristBlade","Gambling Chip","Bag of Preparation","Dream Catcher","Girya","Dodecahedron"],"potions_floor_usage":[7,14,31,45,50,50],"damage_taken":[{"damage":0,"enemies":"2 Louse","floor":1,"turns":5},{"damage":2,"enemies":"Jaw Worm","floor":4,"turns":4},{"damage":4,"enemies":"Small Slimes","floor":5,"turns":6},{"damage":25,"enemies":"Gremlin Nob","floor":7,"turns":4},{"damage":24,"enemies":"3 Sentries","floor":8,"turns":15},{"damage":0,"enemies":"Looter","floor":11,"turns":4},{"damage":0,"enemies":"Large Slime","floor":13,"turns":5},{"damage":27,"enemies":"Lagavulin","floor":14,"turns":7},{"damage":20,"enemies":"Hexaghost","floor":16,"turns":9},{"damage":1,"enemies":"2 Thieves","floor":18,"turns":4},{"damage":27,"enemies":"Book of Stabbing","floor":24,"turns":6},{"damage":0,"enemies":"Spheric Guardian","floor":28,"turns":5},{"damage":1,"enemies":"Cultist and Chosen","floor":30,"turns":7},{"damage":0,"enemies":"Snake Plant","floor":31,"turns":5},{"damage":1,"enemies":"Automaton","floor":33,"turns":9},{"damage":0,"enemies":"Orb Walker","floor":35,"turns":3},{"damage":0,"enemies":"3 Shapes","floor":37,"turns":5},{"damage":0,"enemies":"Transient","floor":39,"turns":6},{"damage":0,"enemies":"Reptomancer","floor":41,"turns":7},{"damage":3,"enemies":"2 Orb Walkers","floor":45,"turns":6},{"damage":2,"enemies":"Giant Head","floor":47,"turns":9},{"damage":31,"enemies":"Time Eater","floor":50,"turns":14}],"seed_played":"7554522054147454552","potions_obtained":[{"floor":5,"key":"SmokeBomb"},{"floor":7,"key":"FairyPotion"},{"floor":11,"key":"GhostInAJar"},{"floor":24,"key":"LiquidBronze"},{"floor":28,"key":"Swift Potion"},{"floor":30,"key":"Explosive Potion"},{"floor":45,"key":"Energy Potion"}],"is_trial":false,"path_per_floor":["M","$","?","M","M","R","E","?","T","R","M","R","M","E","R","B",null,"M","?","?","?","?","R","E","R","T","$","M","T","M","M","R","B",null,"M","$","M","?","M","R","E","T","T","$","?","R","E","?","R","B"],"character_chosen":"THE_SILENT","items_purchased":["Deadly Poison","Strength Potion","Membership Card","Infinite Blades","GhostInAJar"],"campfire_rested":2,"item_purchase_floors":[2,2,27,27,36],"current_hp_per_floor":[65,65,54,52,48,48,23,7,7,28,28,28,28,1,22,2,55,54,54,54,54,36,36,9,9,9,9,9,9,8,8,8,7,29,29,29,29,29,29,29,29,29,29,29,26,26,24,24,24,0],"gold":197,"neow_bonus":"TEN_PERCENT_HP_BONUS","is_prod":false,"is_daily":false,"chose_seed":false,"campfire_upgraded":6,"win_rate":0,"timestamp":1557862465,"path_taken":["M","$","?","M","M","R","E","?","T","R","M","R","M","E","R","BOSS","M","?","?","?","?","R","E","R","T","$","M","?","?","M","R","BOSS","M","?","M","?","M","R","E","?","T","$","?","R","E","?","R","BOSS"],"build_version":"2019-01-23","purchased_purges":2,"victory":false,"max_hp_per_floor":[72,72,72,72,72,72,72,72,72,72,72,72,72,72,72,72,72,72,72,72,72,36,36,36,36,36,36,36,36,36,36,36,36,36,36,36,36,34,34,34,34,34,34,34,34,34,34,34,34,34],"card_choices":[{"not_picked":["Deflect","Sucker Punch"],"picked":"Cloak And Dagger","floor":1},{"not_picked":["Flying Knee","Deadly Poison"],"picked":"Quick Slash","floor":4},{"not_picked":["Acrobatics","Bane"],"picked":"Backflip","floor":5},{"not_picked":["Blade Dance","Dagger Throw","Doppelganger"],"picked":"SKIP","floor":7},{"not_picked":["Slice","Acrobatics"],"picked":"Cloak And Dagger","floor":8},{"not_picked":["Heel Hook","Dodge and Roll"],"picked":"Quick Slash","floor":11},{"not_picked":["Acrobatics","Eviscerate","Cloak And Dagger"],"picked":"SKIP","floor":13},{"not_picked":["Tools of the Trade","Dagger Spray"],"picked":"Bouncing Flask","floor":14},{"not_picked":["Adrenaline","Die Die Die"],"picked":"After Image","floor":16},{"not_picked":["Sucker Punch","Deflect","Blade Dance"],"picked":"SKIP","floor":18},{"not_picked":["Choke","Unload","Eviscerate"],"picked":"SKIP","floor":24},{"not_picked":["Underhanded Strike","Flying Knee"],"picked":"Well Laid Plans","floor":28},{"not_picked":["All Out Attack","Dodge and Roll"],"picked":"Dagger Spray","floor":30},{"not_picked":["Underhanded Strike","Poisoned Stab"],"picked":"Quick Slash","floor":31},{"not_picked":["Tools of the Trade","Grand Finale"],"picked":"Adrenaline","floor":33},{"not_picked":["Skewer","Acrobatics"],"picked":"PiercingWail","floor":35},{"not_picked":["Caltrops","Prepared"],"picked":"Acrobatics","floor":37},{"not_picked":["Dagger Spray","All Out Attack+1","Acrobatics+1"],"picked":"SKIP","floor":39},{"not_picked":["Dagger Throw+1","Setup","Glass Knife"],"picked":"SKIP","floor":41},{"not_picked":["Blade Dance+1","Poisoned Stab"],"picked":"Backflip+1","floor":45},{"not_picked":["Predator","Slice","Underhanded Strike"],"picked":"SKIP","floor":47}],"player_experience":1299861,"relics_obtained":[{"floor":7,"key":"Ninja Scroll"},{"floor":8,"key":"Torii"},{"floor":9,"key":"Smiling Mask"},{"floor":14,"key":"Lantern"},{"floor":24,"key":"Ancient Tea Set"},{"floor":26,"key":"Shuriken"},{"floor":41,"key":"Gambling Chip"},{"floor":42,"key":"Bag of Preparation"},{"floor":43,"key":"Dream Catcher"},{"floor":45,"key":"Girya"},{"floor":47,"key":"Dodecahedron"}],"event_choices":[{"damage_healed":0,"gold_gain":75,"player_choice":"Gather Gold","damage_taken":11,"max_hp_gain":0,"max_hp_loss":0,"event_name":"World of Goop","floor":3,"gold_loss":0},{"damage_healed":0,"gold_gain":0,"player_choice":"Searched \u00271\u0027 times","damage_taken":0,"max_hp_gain":0,"max_hp_loss":0,"event_name":"Dead Adventurer","floor":8,"gold_loss":0},{"damage_healed":0,"gold_gain":0,"player_choice":"Simplicity","damage_taken":0,"max_hp_gain":0,"max_hp_loss":0,"event_name":"Back to Basics","floor":19,"gold_loss":0,"cards_upgraded":["Defend_G","Defend_G","Defend_G","Defend_G","Defend_G","Strike_G","Strike_G","Strike_G","Strike_G","Strike_G"]},{"damage_healed":0,"gold_gain":50,"player_choice":"Stole From Cult","damage_taken":0,"max_hp_gain":0,"max_hp_loss":0,"event_name":"Nest","floor":20,"gold_loss":0},{"cards_removed":["Strike_G"],"damage_healed":0,"gold_gain":0,"player_choice":"Gave Gold","damage_taken":0,"max_hp_gain":0,"max_hp_loss":0,"event_name":"Beggar","floor":21,"gold_loss":75},{"damage_healed":0,"gold_gain":0,"player_choice":"Became a Ghost","damage_taken":0,"max_hp_gain":0,"max_hp_loss":36,"event_name":"Ghosts","floor":22,"gold_loss":0,"cards_obtained":["Ghostly","Ghostly","Ghostly"]},{"damage_healed":0,"gold_gain":0,"player_choice":"Max HP","damage_taken":0,"max_hp_gain":0,"max_hp_loss":2,"event_name":"Winding Halls","floor":38,"gold_loss":0},{"damage_healed":0,"gold_gain":0,"player_choice":"Fight","damage_taken":0,"max_hp_gain":0,"max_hp_loss":0,"event_name":"Mysterious Sphere","floor":45,"gold_loss":0},{"cards_removed":["Bouncing Flask"],"damage_healed":0,"gold_gain":0,"player_choice":"Removed Skill","damage_taken":0,"max_hp_gain":0,"max_hp_loss":0,"event_name":"Falling","floor":48,"gold_loss":0}],"is_beta":false,"boss_relics":[{"not_picked":["Velvet Choker","Snecko Eye"],"picked":"Coffee Dripper"},{"not_picked":["White Beast Statue","Cursed Key"],"picked":"WristBlade"}],"items_purged_floors":[27,44],"is_endless":false,"potions_floor_spawned":[5,7,11,24,28,30,37,45,47],"killed_by":"Time Eater","ascension_level":20}