{"gold_per_floor":[135,285,5,65,65,140,140,227,227,308,308,347,428,467,467,689,689,719,752,857,857,899,1004,1004],"floor_reached":24,"playtime":740,"items_purged":["Shockwave"],"score":613,"play_id":"a24698e0-39cb-4669-8f2f-e85a021983da","local_time":"20190502135036","daily_mods":["Specialized","Heirloom","DeadlyEvents","Binary","Cursed Run","Elite Swarm","Lethality","Midas","Night Terrors","Uncertain Future"],"is_ascension_mode":true,"campfire_choices":[{"floor":7,"key":"REST"},{"floor":11,"key":"REST"},{"data":"Shockwave","floor":15,"key":"PURGE"}],"neow_cost":"","seed_source_timestamp":0,"circlet_count":0,"master_deck":["Demon Form","Wraith Form v2","Echo Form","AscendersBane","Strike_R","Strike_R","Strike_R","Strike_R","Strike_R","Defend_R","Defend_R","Defend_R","Defend_R","Bash","Shockwave","Shockwave","Shockwave","Headbutt","Doubt","Spot Weakness","Ghostly Armor+1","Limit Break","Pain","Limit Break","Heavy Blade","Exhume","Cleave","Double Tap","Anger","Shrug It Off+1","Heavy Blade","Disarm","Reaper"],"relics":["Cursed Key","Darkstone Periapt","Du-Vu Doll","Champion Belt","Ancient Tea Set","Torii","Bronze Scales","Magic Flower","Kunai","Peace Pipe","Eternal Feather","Red Mask","Incense Burner"],"potions_floor_usage":[8,23,23],"damage_taken":[{"damage":0,"enemies":"2 Louse","floor":1,"turns":1},{"damage":1,"enemies":"Cultist","floor":4,"turns":3},{"damage":17,"enemies":"Lagavulin","floor":6,"turns":5},{"damage":59,"enemies":"Gremlin Nob","floor":8,"turns":5},{"damage":21,"enemies":"3 Sentries","floor":10,"turns":5},{"damage":2,"enemies":"Small Slimes","floor":12,"turns":2},{"damage":0,"enemies":"Lagavulin","floor":13,"turns":4},{"damage":1,"enemies":"Looter","floor":14,"turns":2},{"damage":17,"enemies":"Hexaghost","floor":16,"turns":5},{"damage":36,"enemies":"2 Thieves","floor":18,"turns":4},{"damage":11,"enemies":"Spheric Guardian","floor":19,"turns":3},{"damage":1,"enemies":"Masked Bandits","floor":20,"turns":2},{"damage":10,"enemies":"Snake Plant","floor":22,"turns":2},{"damage":19,"enemies":"Book of Stabbing","floor":23,"turns":3},{"damage":18,"enemies":"Shelled Parasite and Fungi","floor":24,"turns":1}],"seed_played":"4668531014987616774","potions_obtained":[{"floor":4,"key":"BloodPotion"},{"floor":8,"key":"GamblersBrew"},{"floor":10,"key":"Block Potion"},{"floor":16,"key":"PowerPotion"}],"is_trial":true,"path_per_floor":["M","?","$","M","?","E","R","E","T","E","R","M","E","M","R","B",null,"M","M","?","?","M","E","M"],"character_chosen":"IRONCLAD","items_purchased":["Ancient Tea Set","Spot Weakness"],"campfire_rested":2,"item_purchase_floors":[3,3],"current_hp_per_floor":[68,74,74,73,73,56,76,24,30,9,77,75,75,74,74,63,78,42,31,30,30,20,1,0],"gold":1004,"neow_bonus":"","is_prod":false,"is_daily":false,"chose_seed":false,"campfire_upgraded":0,"win_rate":0,"timestamp":1556819436,"path_taken":["M","?","$","M","?","E","R","E","T","E","R","M","?","M","R","BOSS","M","M","?","?","M","E","M"],"build_version":"2019-01-23","purchased_purges":1,"victory":false,"max_hp_per_floor":[75,81,81,81,81,81,76,76,82,82,77,77,77,77,77,83,83,83,83,83,83,83,83,83],"card_choices":[{"not_picked":["Havoc"],"picked":"Headbutt","floor":1},{"not_picked":["Flex"],"picked":"Ghostly Armor","floor":4},{"not_picked":["Reaper"],"picked":"Limit Break","floor":6},{"not_picked":["Reaper","Offering"],"picked":"SKIP","floor":8},{"not_picked":["Juggernaut"],"picked":"Limit Break","floor":10},{"not_picked":["Iron Wave"],"picked":"Heavy Blade","floor":12},{"not_picked":["Demon Form"],"picked":"Exhume","floor":13},{"not_picked":["Second Wind"],"picked":"Cleave","floor":14},{"not_picked":["Fiend Fire"],"picked":"Double Tap","floor":16},{"not_picked":["Havoc"],"picked":"Anger","floor":18},{"not_picked":["Intimidate"],"picked":"Shrug It Off+1","floor":19},{"not_picked":["Havoc+1"],"picked":"Heavy Blade","floor":20},{"not_picked":["Twin Strike"],"picked":"Disarm","floor":22},{"not_picked":["Immolate"],"picked":"Reaper","floor":23}],"player_experience":133834,"relics_obtained":[{"floor":6,"key":"Torii"},{"floor":8,"key":"Bronze Scales"},{"floor":9,"key":"Magic Flower"},{"floor":10,"key":"Kunai"},{"floor":13,"key":"Peace Pipe"},{"floor":20,"key":"Red Mask"},{"floor":23,"key":"Incense Burner"}],"event_choices":[{"damage_healed":0,"gold_gain":150,"player_choice":"AGREE","damage_taken":0,"max_hp_gain":0,"max_hp_loss":0,"event_name":"Liars Game","floor":2,"gold_loss":0,"cards_obtained":["Doubt"]},{"damage_healed":0,"gold_gain":0,"player_choice":"Upgraded","damage_taken":0,"max_hp_gain":0,"max_hp_loss":0,"event_name":"Upgrade Shrine","floor":5,"gold_loss":0,"cards_upgraded":["Ghostly Armor"]},{"damage_healed":0,"gold_gain":0,"player_choice":"Fought Bandits","damage_taken":0,"max_hp_gain":0,"max_hp_loss":0,"event_name":"Masked Bandits","floor":20,"gold_loss":0},{"cards_removed":["Normality"],"damage_healed":0,"gold_gain":0,"player_choice":"Elegance","damage_taken":0,"max_hp_gain":0,"max_hp_loss":0,"event_name":"Back to Basics","floor":21,"gold_loss":0}],"is_beta":false,"boss_relics":[{"not_picked":["Runic Pyramid","Snecko Eye"],"picked":"Eternal Feather"}],"items_purged_floors":[3],"is_endless":false,"potions_floor_spawned":[4,8,10,16,19],"killed_by":"Shelled Parasite and Fungi","ascension_level":20}