{"gold_per_floor":[117,117,117,127,147,172,186,186,186,197,209,209,225,225],"floor_reached":14,"playtime":1013,"items_purged":[],"score":118,"play_id":"3ef140f8-ca2a-46f2-a8ce-84e9b936fd6b","local_time":"20180713020852","is_ascension_mode":true,"campfire_choices":[{"floor":8,"key":"REST"}],"neow_cost":"","seed_source_timestamp":7527367677345,"circlet_count":0,"master_deck":["Strike_R","Strike_R","Strike_R","Strike_R","Strike_R","Defend_R","Defend_R","Defend_R","Defend_R","Bash","Sever Soul","True Grit","Exhume","Havoc","True Grit","Feel No Pain","Power Through","Sentinel"],"relics":["Burning Blood","Kunai","Omamori","Ornamental Fan","Golden Idol"],"potions_floor_usage":[],"damage_taken":[{"damage":5,"enemies":"Cultist","floor":1,"turns":5},{"damage":14,"enemies":"Small Slimes","floor":4,"turns":4},{"damage":0,"enemies":"2 Louse","floor":5,"turns":2},{"damage":26,"enemies":"Gremlin Nob","floor":6,"turns":5},{"damage":42,"enemies":"Exordium Wildlife","floor":7,"turns":8},{"damage":31,"enemies":"Lots of Slimes","floor":10,"turns":7},{"damage":11,"enemies":"2 Fungi Beasts","floor":11,"turns":4},{"damage":14,"enemies":"Exordium Thugs","floor":13,"turns":7},{"damage":2,"enemies":"Large Slime","floor":14,"turns":8}],"seed_played":"-7659905045665668394","potions_obtained":[{"floor":5,"key":"Swift Potion"},{"floor":6,"key":"LiquidBronze"},{"floor":13,"key":"BloodPotion"}],"is_trial":false,"path_per_floor":["M","T","?","M","M","E","M","R","T","M","M","?","M"],"character_chosen":"IRONCLAD","items_purchased":[],"campfire_rested":1,"item_purchase_floors":[],"current_hp_per_floor":[80,80,80,72,78,58,22,46,46,21,16,16,8,6],"gold":225,"neow_bonus":"","is_prod":false,"is_daily":false,"chose_seed":false,"campfire_upgraded":0,"win_rate":0,"timestamp":1531458532,"path_taken":["M","?","?","M","M","E","?","R","T","M","?","?","M","M"],"build_version":"2018-07-05","purchased_purges":0,"victory":false,"max_hp_per_floor":[80,80,80,80,80,80,80,80,80,80,80,80,80,80],"card_choices":[{"not_picked":["Body Slam","Clothesline"],"picked":"Sever Soul","floor":1},{"not_picked":["Armaments","Sentinel"],"picked":"True Grit","floor":4},{"not_picked":["Seeing Red","Iron Wave"],"picked":"Exhume","floor":5},{"not_picked":["Shockwave","Twin Strike"],"picked":"Havoc","floor":6},{"not_picked":["Heavy Blade","Flame Barrier"],"picked":"True Grit","floor":7},{"not_picked":["Spot Weakness","Flame Barrier"],"picked":"Feel No Pain","floor":10},{"not_picked":["True Grit","Sword Boomerang"],"picked":"Power Through","floor":11},{"not_picked":["Rampage","Pommel Strike"],"picked":"Sentinel","floor":13}],"player_experience":456608,"relics_obtained":[{"floor":2,"key":"Kunai"},{"floor":6,"key":"Omamori"},{"floor":9,"key":"Ornamental Fan"}],"event_choices":[{"event_name":"The Cleric","player_choice":"Leave","floor":3,"damage_taken":0},{"event_name":"Golden Idol","player_choice":"Take Wound","floor":12,"damage_taken":0}],"boss_relics":[],"items_purged_floors":[],"is_endless":false,"potions_floor_spawned":[5,6,13],"killed_by":"Large Slime","ascension_level":5}