{"gold_per_floor":[111,27,41,41,41,71,71,96,150,166,198,216,216,216,216,216],"floor_reached":16,"playtime":416,"items_purged":[],"score":272,"play_id":"86393871-6cdd-44f0-8273-31d4704e2762","local_time":"20190506183333","is_ascension_mode":true,"campfire_choices":[{"data":"Rage","floor":7,"key":"SMITH"},{"floor":13,"key":"REST"},{"data":"Rage","floor":15,"key":"SMITH"}],"neow_cost":"NONE","seed_source_timestamp":153659636425500,"circlet_count":0,"master_deck":["AscendersBane","Strike_R","Strike_R","Strike_R","Strike_R","Strike_R","Defend_R","Defend_R","Defend_R","Defend_R","Bash","Rage+1","Shockwave","Rage+1","Anger","Shrug It Off","Wild Strike"],"relics":["Burning Blood","NeowsBlessing","Dream Catcher","Bag of Preparation","Juzu Bracelet","Lantern","Kunai"],"potions_floor_usage":[8,16],"damage_taken":[{"damage":0,"enemies":"2 Louse","floor":1,"turns":1},{"damage":0,"enemies":"Small Slimes","floor":3,"turns":1},{"damage":0,"enemies":"Gremlin Nob","floor":6,"turns":1},{"damage":46,"enemies":"Lagavulin","floor":8,"turns":10},{"damage":2,"enemies":"Jaw Worm","floor":10,"turns":2},{"damage":29,"enemies":"3 Sentries","floor":11,"turns":10},{"damage":2,"enemies":"3 Louse","floor":12,"turns":5},{"damage":39,"enemies":"Hexaghost","floor":16,"turns":14}],"seed_played":"-6018179344430278805","potions_obtained":[{"floor":3,"key":"Weak Potion"},{"floor":11,"key":"Poison Potion"},{"floor":12,"key":"Ancient Potion"}],"is_trial":false,"path_per_floor":["M","$","M","?","?","E","R","E","T","M","E","M","R","?","R","B"],"character_chosen":"IRONCLAD","items_purchased":["Rage"],"campfire_rested":1,"item_purchase_floors":[2],"current_hp_per_floor":[74,74,75,57,62,68,68,28,28,32,9,13,37,37,37,0],"gold":216,"neow_bonus":"THREE_ENEMY_KILL","is_prod":false,"is_daily":false,"chose_seed":false,"campfire_upgraded":2,"win_rate":0,"timestamp":1557160413,"path_taken":["M","$","M","?","?","E","R","E","T","M","E","M","R","?","R","BOSS"],"build_version":"2019-01-23","purchased_purges":0,"victory":false,"max_hp_per_floor":[75,75,75,75,80,80,80,80,80,80,80,80,80,80,80,80],"card_choices":[{"not_picked":["Havoc","Wild Strike","Warcry"],"picked":"SKIP","floor":1},{"not_picked":["Twin Strike","True Grit"],"picked":"Shockwave","floor":3},{"not_picked":["Intimidate","True Grit"],"picked":"Rage","floor":6},{"not_picked":["Shrug It Off","Barricade"],"picked":"Anger","floor":8},{"not_picked":["Warcry","Power Through","Seeing Red"],"picked":"SKIP","floor":10},{"not_picked":["Anger","Barricade"],"picked":"Shrug It Off","floor":11},{"not_picked":["Havoc","Pummel","Clothesline"],"picked":"SKIP","floor":12},{"not_picked":["Burning Pact","Clash"],"picked":"Wild Strike","floor":13}],"player_experience":665784,"relics_obtained":[{"floor":6,"key":"Bag of Preparation"},{"floor":8,"key":"Juzu Bracelet"},{"floor":9,"key":"Lantern"},{"floor":11,"key":"Kunai"}],"event_choices":[{"damage_healed":0,"gold_gain":0,"player_choice":"Success","damage_taken":18,"relics_obtained":["Dream Catcher"],"max_hp_gain":0,"max_hp_loss":0,"event_name":"Scrap Ooze","floor":4,"gold_loss":0},{"damage_healed":0,"gold_gain":0,"player_choice":"Donut","damage_taken":0,"max_hp_gain":5,"max_hp_loss":0,"event_name":"Big Fish","floor":5,"gold_loss":0},{"damage_healed":0,"gold_gain":0,"player_choice":"Ignored","damage_taken":0,"max_hp_gain":0,"max_hp_loss":0,"event_name":"Liars Game","floor":14,"gold_loss":0}],"is_beta":false,"boss_relics":[],"items_purged_floors":[],"is_endless":false,"potions_floor_spawned":[3,11,12],"killed_by":"Hexaghost","ascension_level":18}