{"gold_per_floor":[114,128,140,140,140,140,167,167,167,202,202,215,234,71,71,143,143,153,124,139,50,62,62,97,97,97,97],"floor_reached":27,"playtime":1398,"items_purged":["Strike_R"],"score":486,"play_id":"f0738624-7cbd-4381-bf7f-54e0146dc217","local_time":"20190406181834","is_ascension_mode":true,"campfire_choices":[{"data":"Bash","floor":6,"key":"SMITH"},{"data":"Bludgeon","floor":8,"key":"SMITH"},{"data":"Disarm","floor":11,"key":"SMITH"},{"data":"Uppercut","floor":15,"key":"SMITH"},{"data":"Whirlwind","floor":23,"key":"SMITH"},{"data":"Barricade","floor":25,"key":"SMITH"}],"neow_cost":"NONE","seed_source_timestamp":4787307497953,"circlet_count":0,"master_deck":["AscendersBane","Strike_R","Strike_R","Strike_R","Strike_R","Defend_R","Defend_R","Defend_R+1","Defend_R","Bash+1","Disarm+1","Inflame","Impervious+1","Bludgeon+1","Anger","Power Through","Havoc","Uppercut+1","Barricade+1","True Grit+1","Headbutt","Whirlwind+1","Corruption","Flame Barrier","Shrug It Off"],"relics":["Burning Blood","Pantograph","War Paint","Bronze Scales","Cursed Key","Question Card"],"potions_floor_usage":[12,24,24,27],"damage_taken":[{"damage":4,"enemies":"Small Slimes","floor":1,"turns":4},{"damage":1,"enemies":"2 Louse","floor":2,"turns":3},{"damage":6,"enemies":"Cultist","floor":3,"turns":4},{"damage":32,"enemies":"Gremlin Nob","floor":7,"turns":4},{"damage":37,"enemies":"3 Sentries","floor":10,"turns":9},{"damage":0,"enemies":"Lots of Slimes","floor":12,"turns":2},{"damage":15,"enemies":"Gremlin Gang","floor":13,"turns":5},{"damage":5,"enemies":"The Guardian","floor":16,"turns":9},{"damage":10,"enemies":"Shell Parasite","floor":18,"turns":2},{"damage":14,"enemies":"2 Thieves","floor":19,"turns":4},{"damage":3,"enemies":"Snake Plant","floor":20,"turns":5},{"damage":30,"enemies":"3 Cultists","floor":22,"turns":5},{"damage":27,"enemies":"Slavers","floor":24,"turns":3},{"damage":23,"enemies":"Gremlin Leader","floor":27,"turns":5}],"seed_played":"982716196591608149","potions_obtained":[{"floor":1,"key":"Explosive Potion"},{"floor":3,"key":"PowerPotion"},{"floor":12,"key":"SteroidPotion"},{"floor":24,"key":"SkillPotion"}],"is_trial":false,"path_per_floor":["M","M","M","?","?","R","E","R","T","E","R","M","M","$","R","B",null,"M","M","M","$","M","R","E","R","T","E"],"character_chosen":"IRONCLAD","items_purchased":["Uppercut","Corruption"],"campfire_rested":0,"item_purchase_floors":[14,21],"current_hp_per_floor":[77,82,82,82,82,82,56,56,56,25,25,31,22,22,22,48,74,70,62,65,65,41,41,20,20,20,0],"gold":97,"neow_bonus":"TEN_PERCENT_HP_BONUS","is_prod":false,"is_daily":false,"chose_seed":false,"campfire_upgraded":6,"win_rate":0,"timestamp":1554589114,"path_taken":["M","M","M","?","?","R","E","R","T","E","R","M","M","$","R","BOSS","M","M","?","?","?","R","E","R","T","E"],"build_version":"2019-01-23","purchased_purges":1,"victory":false,"max_hp_per_floor":[82,82,82,82,82,82,82,82,82,82,82,82,82,82,82,82,82,82,82,82,82,82,82,82,82,82,82],"card_choices":[{"not_picked":["Metallicize","Entrench"],"picked":"Disarm","floor":1},{"not_picked":["Power Through","True Grit","Clash"],"picked":"SKIP","floor":2},{"not_picked":["Cleave","Havoc"],"picked":"Inflame","floor":3},{"not_picked":["Iron Wave","Sever Soul"],"picked":"Bludgeon","floor":7},{"not_picked":["Twin Strike","Infernal Blade"],"picked":"Anger","floor":10},{"not_picked":["Flex","Sword Boomerang"],"picked":"Power Through","floor":12},{"not_picked":["Rampage","Inflame"],"picked":"Havoc","floor":13},{"not_picked":["Berserk","Demon Form"],"picked":"Barricade","floor":16},{"not_picked":["Anger+1","Combust"],"picked":"True Grit+1","floor":18},{"not_picked":["Iron Wave","Clash"],"picked":"Headbutt","floor":19},{"not_picked":["Twin Strike","Cleave"],"picked":"Whirlwind","floor":20},{"not_picked":["Infernal Blade","Body Slam"],"picked":"Flame Barrier","floor":22},{"not_picked":["Pommel Strike","Dark Embrace"],"picked":"Shrug It Off","floor":24}],"player_experience":1238995,"relics_obtained":[{"floor":7,"key":"Pantograph"},{"floor":9,"key":"War Paint"},{"floor":10,"key":"Bronze Scales"},{"floor":24,"key":"Question Card"}],"event_choices":[{"damage_healed":0,"gold_gain":0,"player_choice":"Ignored","damage_taken":0,"max_hp_gain":0,"max_hp_loss":0,"event_name":"Liars Game","floor":4,"gold_loss":0},{"damage_healed":0,"gold_gain":0,"player_choice":"1 cards matched","damage_taken":0,"max_hp_gain":0,"max_hp_loss":0,"event_name":"Match and Keep!","floor":5,"gold_loss":0,"cards_obtained":["Impervious"]}],"is_beta":false,"boss_relics":[{"not_picked":["Runic Cube","Orrery"],"picked":"Cursed Key"}],"items_purged_floors":[14],"is_endless":false,"potions_floor_spawned":[1,3,12,13,24],"killed_by":"Gremlin Leader","ascension_level":20}