{"gold_per_floor":[363,363,363,89,108,139,153,167,167,178,195,213,213,213,213,290,290,304,324,343,0,0,0,0],"floor_reached":24,"playtime":1168,"items_purged":[],"score":380,"play_id":"d12a42ca-5556-4aed-a396-e45467877387","local_time":"20190502003034","is_ascension_mode":true,"campfire_choices":[{"floor":13,"key":"REST"},{"data":"Metallicize","floor":15,"key":"SMITH"},{"data":"Armaments","floor":23,"key":"SMITH"}],"neow_cost":"TEN_PERCENT_HP_LOSS","seed_source_timestamp":1765884454954480,"circlet_count":0,"master_deck":["AscendersBane","Strike_R+1","Strike_R+1","Defend_R","Defend_R","Defend_R","Bash","Flex","Pummel","Warcry","Twin Strike","Metallicize","Flex","Berserk","Armaments+1","Metallicize+1","Pummel","Brutality","Reckless Charge+1","Perfected Strike+1","Battle Trance+1","Pummel","Flex","Writhe"],"relics":["Burning Blood","Potion Belt","Bag of Preparation","Bird Faced Urn","Pantograph","Astrolabe","Shuriken","Blue Candle"],"potions_floor_usage":[6,18],"damage_taken":[{"damage":7,"enemies":"Small Slimes","floor":1,"turns":4},{"damage":4,"enemies":"Jaw Worm","floor":5,"turns":3},{"damage":26,"enemies":"Gremlin Nob","floor":6,"turns":4},{"damage":3,"enemies":"Cultist","floor":7,"turns":4},{"damage":16,"enemies":"Blue Slaver","floor":8,"turns":3},{"damage":25,"enemies":"Lots of Slimes","floor":10,"turns":6},{"damage":6,"enemies":"Red Slaver","floor":11,"turns":3},{"damage":7,"enemies":"Looter","floor":12,"turns":3},{"damage":55,"enemies":"The Guardian","floor":16,"turns":18},{"damage":18,"enemies":"3 Byrds","floor":18,"turns":4},{"damage":15,"enemies":"Chosen","floor":19,"turns":4},{"damage":24,"enemies":"Centurion and Healer","floor":20,"turns":6},{"damage":62,"enemies":"Gremlin Leader","floor":24,"turns":3}],"seed_played":"-3713860267436462715","potions_obtained":[{"floor":1,"key":"FearPotion"},{"floor":5,"key":"SkillPotion"},{"floor":16,"key":"LiquidBronze"}],"is_trial":false,"path_per_floor":["M","?","?","$","M","E","M","M","T","M","M","M","R","?","R","B",null,"M","M","M","$","?","R","E"],"character_chosen":"IRONCLAD","items_purchased":["Pummel","Bag of Preparation","Warcry","Shuriken","Flex"],"campfire_rested":1,"item_purchase_floors":[4,4,4,21,21],"current_hp_per_floor":[67,47,47,47,49,29,34,26,26,11,15,18,38,38,38,20,56,52,51,41,41,41,41,0],"gold":0,"neow_bonus":"TWO_FIFTY_GOLD","is_prod":false,"is_daily":false,"chose_seed":false,"campfire_upgraded":2,"win_rate":0,"timestamp":1556767834,"path_taken":["M","?","?","$","M","E","?","M","T","M","M","M","R","?","R","BOSS","M","?","?","?","?","R","E"],"build_version":"2019-01-23","purchased_purges":0,"victory":false,"max_hp_per_floor":[68,68,68,68,68,68,68,68,68,68,68,68,68,68,68,68,68,68,68,68,68,68,68,68],"card_choices":[{"not_picked":["Hemokinesis","Perfected Strike"],"picked":"Flex","floor":1},{"not_picked":["Body Slam","Havoc"],"picked":"Twin Strike","floor":5},{"not_picked":["Headbutt","Sentinel"],"picked":"Metallicize","floor":6},{"not_picked":["Corruption","Armaments"],"picked":"Flex","floor":7},{"not_picked":["Headbutt","Wild Strike"],"picked":"Berserk","floor":8},{"not_picked":["Heavy Blade","Dropkick"],"picked":"Armaments","floor":10},{"not_picked":["Rampage","Shockwave"],"picked":"Metallicize","floor":11},{"not_picked":["Sword Boomerang","Anger"],"picked":"Pummel","floor":12},{"not_picked":["Fiend Fire","Bludgeon"],"picked":"Brutality","floor":16},{"not_picked":["Sword Boomerang","Rage","Searing Blow"],"picked":"SKIP","floor":18},{"not_picked":["Twin Strike","Sword Boomerang","Sentinel"],"picked":"SKIP","floor":19},{"not_picked":["Twin Strike","Entrench"],"picked":"Pummel","floor":20}],"player_experience":1280487,"relics_obtained":[{"floor":6,"key":"Bird Faced Urn"},{"floor":9,"key":"Pantograph"}],"event_choices":[{"damage_healed":0,"gold_gain":0,"player_choice":"Entered Light","damage_taken":20,"max_hp_gain":0,"max_hp_loss":0,"event_name":"Shining Light","floor":2,"gold_loss":0,"cards_upgraded":["Strike_R","Strike_R"]},{"damage_healed":0,"gold_gain":0,"player_choice":"Gave Potion","damage_taken":0,"relics_obtained":["Potion Belt"],"max_hp_gain":0,"max_hp_loss":0,"event_name":"WeMeetAgain","floor":3,"gold_loss":0},{"cards_removed":["Strike_R"],"damage_healed":0,"gold_gain":0,"player_choice":"Purged","damage_taken":0,"max_hp_gain":0,"max_hp_loss":0,"event_name":"Purifier","floor":14,"gold_loss":0},{"damage_healed":0,"gold_gain":0,"player_choice":"Opened","damage_taken":0,"relics_obtained":["Blue Candle"],"max_hp_gain":0,"max_hp_loss":0,"event_name":"The Mausoleum","floor":22,"gold_loss":0,"cards_obtained":["Writhe"]}],"is_beta":false,"boss_relics":[{"not_picked":["Philosopher\u0027s Stone","Eternal Feather"],"picked":"Astrolabe"}],"items_purged_floors":[],"is_endless":false,"potions_floor_spawned":[1,5,16],"killed_by":"Gremlin Leader","ascension_level":18}