{"gold_per_floor":[115,133,133,10,27,27,27,27,27,102,102,136,148,178,190,279,291,320,342,374,386,398],"floor_reached":22,"playtime":692,"items_purged":["Strike_B"],"score":304,"play_id":"4c67839c-dfd2-43f7-864c-6995145ec618","local_time":"20190403232536","is_ascension_mode":true,"campfire_choices":[{"data":"Zap","floor":6,"key":"SMITH"},{"data":"Sweeping Beam","floor":8,"key":"SMITH"},{"data":"Hologram","floor":11,"key":"SMITH"},{"data":"Loop","floor":13,"key":"SMITH"},{"data":"Dualcast","floor":15,"key":"SMITH"}],"neow_cost":"PERCENT_DAMAGE","seed_source_timestamp":214116046621109,"circlet_count":0,"master_deck":["AscendersBane","Defend_B","Defend_B","Defend_B","Defend_B","Zap+1","Dualcast+1","Hologram+1","Beam Cell","Sweeping Beam+1","Loop+1","Go for the Eyes","Seek","Sunder","Steam","Gash"],"relics":["Cracked Core","Letter Opener","MawBank","Sozu"],"potions_floor_usage":[12,12],"damage_taken":[{"damage":0,"enemies":"Small Slimes","floor":1,"turns":3},{"damage":8,"enemies":"Jaw Worm","floor":2,"turns":4},{"damage":1,"enemies":"2 Louse","floor":5,"turns":2},{"damage":7,"enemies":"Gremlin Nob","floor":12,"turns":3},{"damage":2,"enemies":"Exordium Wildlife","floor":14,"turns":2},{"damage":16,"enemies":"The Guardian","floor":16,"turns":8},{"damage":19,"enemies":"2 Thieves","floor":18,"turns":3},{"damage":14,"enemies":"3 Byrds","floor":19,"turns":3},{"damage":27,"enemies":"Cultist and Chosen","floor":20,"turns":6},{"damage":12,"enemies":"Snake Plant","floor":22,"turns":1}],"seed_played":"3841587030909755159","potions_obtained":[{"floor":2,"key":"Dexterity Potion"},{"floor":12,"key":"Fruit Juice"}],"is_trial":false,"path_per_floor":["M","M","?","$","M","R","?","R","T","?","R","E","R","M","R","B",null,"M","M","M","?","M"],"character_chosen":"DEFECT","items_purchased":["Sweeping Beam"],"campfire_rested":0,"item_purchase_floors":[4],"current_hp_per_floor":[50,42,67,67,66,66,59,59,59,48,48,46,46,44,44,28,67,48,34,7,7,0],"gold":398,"neow_bonus":"REMOVE_TWO","is_prod":false,"is_daily":false,"chose_seed":false,"campfire_upgraded":5,"win_rate":0,"timestamp":1554344736,"path_taken":["M","M","?","$","M","R","?","R","T","?","R","E","R","?","R","BOSS","M","M","?","?","M"],"build_version":"2019-01-23","purchased_purges":1,"victory":false,"max_hp_per_floor":[75,75,75,75,75,75,75,75,75,75,75,80,80,80,80,80,80,80,80,80,80,80],"card_choices":[{"not_picked":["Ball Lightning","Stack"],"picked":"Hologram","floor":1},{"not_picked":["Darkness","Stack"],"picked":"Beam Cell","floor":2},{"not_picked":["Steam","Reinforced Body","Scrape"],"picked":"SKIP","floor":5},{"not_picked":["Lockon","White Noise"],"picked":"Loop","floor":12},{"not_picked":["Rebound","Recycle"],"picked":"Go for the Eyes","floor":14},{"not_picked":["Rainbow","Multi-Cast"],"picked":"Seek","floor":16},{"not_picked":["Compile Driver","Conserve Battery+1"],"picked":"Sunder","floor":18},{"not_picked":["Streamline","Rebound"],"picked":"Steam","floor":19},{"not_picked":["Multi-Cast","Blizzard"],"picked":"Gash","floor":20}],"player_experience":1032634,"relics_obtained":[{"floor":9,"key":"Letter Opener"},{"floor":12,"key":"MawBank"}],"event_choices":[{"damage_healed":25,"gold_gain":0,"player_choice":"Banana","damage_taken":0,"max_hp_gain":0,"max_hp_loss":0,"event_name":"Big Fish","floor":3,"gold_loss":0},{"cards_removed":["Strike_B"],"damage_healed":0,"gold_gain":0,"player_choice":"Card Removal","damage_taken":7,"max_hp_gain":0,"max_hp_loss":0,"event_name":"Golden Wing","floor":7,"gold_loss":0},{"damage_healed":0,"gold_gain":75,"player_choice":"Gather Gold","damage_taken":11,"max_hp_gain":0,"max_hp_loss":0,"event_name":"World of Goop","floor":10,"gold_loss":0},{"damage_healed":0,"gold_gain":0,"player_choice":"Ignored","damage_taken":0,"max_hp_gain":0,"max_hp_loss":0,"event_name":"Vampires","floor":21,"gold_loss":0}],"is_beta":false,"boss_relics":[{"not_picked":["Eternal Feather","Ectoplasm"],"picked":"Sozu"}],"items_purged_floors":[4],"is_endless":false,"potions_floor_spawned":[2,12,18],"killed_by":"Snake Plant","ascension_level":13}