{"gold_per_floor":[114,114,289,289,80,80,109,162,162,174,174,194,194,207,207,207],"floor_reached":16,"playtime":654,"items_purged":["Doubt"],"score":162,"play_id":"cda892fa-46f6-4261-87bc-47e967e2f4a0","local_time":"20190409231059","is_ascension_mode":true,"campfire_choices":[{"data":"Backstab","floor":6,"key":"SMITH"},{"data":"Infinite Blades","floor":11,"key":"SMITH"},{"data":"Concentrate","floor":13,"key":"SMITH"},{"data":"Outmaneuver","floor":15,"key":"SMITH"}],"neow_cost":"TEN_PERCENT_HP_LOSS","seed_source_timestamp":731712831331351,"circlet_count":0,"master_deck":["AscendersBane","Defend_G","Defend_G","Defend_G","Defend_G+1","Defend_G+1","Strike_G","Strike_G","Strike_G","Strike_G","Strike_G","Survivor","Neutralize+1","Well Laid Plans","Backstab+1","Outmaneuver+1","Infinite Blades+1","Concentrate+1","Calculated Gamble"],"relics":["Ring of the Snake","Unceasing Top","Omamori","Bag of Preparation"],"potions_floor_usage":[5,7],"damage_taken":[{"damage":6,"enemies":"2 Louse","floor":1,"turns":3},{"damage":28,"enemies":"Lagavulin","floor":7,"turns":11},{"damage":1,"enemies":"Jaw Worm","floor":10,"turns":3},{"damage":0,"enemies":"Cultist","floor":12,"turns":3},{"damage":0,"enemies":"Gremlin Gang","floor":14,"turns":5},{"damage":35,"enemies":"Hexaghost","floor":16,"turns":11}],"seed_played":"6973248616497512077","potions_obtained":[{"floor":1,"key":"Regen Potion"},{"floor":14,"key":"Energy Potion"}],"is_trial":false,"path_per_floor":["M","?","?","?","$","R","E","?","T","M","R","M","R","M","R","B"],"character_chosen":"THE_SILENT","items_purchased":["Fruit Juice","Backstab"],"campfire_rested":0,"item_purchase_floors":[5,5],"current_hp_per_floor":[57,44,44,44,49,49,36,36,36,35,35,35,35,35,35,0],"gold":207,"neow_bonus":"ONE_RARE_RELIC","is_prod":false,"is_daily":false,"chose_seed":false,"campfire_upgraded":4,"win_rate":0,"timestamp":1554862259,"path_taken":["M","?","?","?","$","R","E","?","T","?","R","M","R","M","R","BOSS"],"build_version":"2019-01-23","purchased_purges":1,"victory":false,"max_hp_per_floor":[63,63,63,63,68,68,68,68,68,68,68,68,68,68,68,68],"card_choices":[{"not_picked":["Accuracy","Riddle With Holes"],"picked":"Well Laid Plans","floor":1},{"not_picked":["Dodge and Roll","Cloak And Dagger"],"picked":"Outmaneuver","floor":7},{"not_picked":["Blade Dance","Quick Slash"],"picked":"Infinite Blades","floor":10},{"not_picked":["Flying Knee","Accuracy"],"picked":"Concentrate","floor":12},{"not_picked":["Dodge and Roll","Distraction"],"picked":"Calculated Gamble","floor":14}],"player_experience":1057682,"relics_obtained":[{"floor":7,"key":"Omamori"},{"floor":9,"key":"Bag of Preparation"}],"event_choices":[{"damage_healed":0,"gold_gain":0,"player_choice":"Entered Light","damage_taken":13,"max_hp_gain":0,"max_hp_loss":0,"event_name":"Shining Light","floor":2,"gold_loss":0,"cards_upgraded":["Defend_G","Defend_G"]},{"damage_healed":0,"gold_gain":175,"player_choice":"AGREE","damage_taken":0,"max_hp_gain":0,"max_hp_loss":0,"event_name":"Liars Game","floor":3,"gold_loss":0,"cards_obtained":["Doubt"]},{"damage_healed":0,"gold_gain":0,"player_choice":"Grow","damage_taken":0,"max_hp_gain":0,"max_hp_loss":0,"event_name":"Living Wall","floor":4,"gold_loss":0,"cards_upgraded":["Neutralize"]},{"damage_healed":0,"gold_gain":53,"player_choice":"Gained Gold","damage_taken":0,"max_hp_gain":0,"max_hp_loss":0,"event_name":"Golden Wing","floor":8,"gold_loss":0}],"is_beta":false,"boss_relics":[],"items_purged_floors":[5],"is_endless":false,"potions_floor_spawned":[1,14],"killed_by":"Hexaghost","ascension_level":13}