{"gold_per_floor":[113,113,113,113,14,47,58,84,130,141,141,173,173,191,191,287,287,301,321,321,337,348,377,395,395,420,447,447,480,395,15,15,111,111,128,138,153,153,167,195,207,233,260,260,360,386,386,410,410,410,410,410,72,100,100],"floor_reached":56,"playtime":3100,"items_purged":["Strike_R"],"score":1491,"play_id":"5d4228f2-354a-4a24-b3e6-6643fc847d15","local_time":"20190322135123","is_ascension_mode":true,"campfire_choices":[{"data":"Demon Form","floor":11,"key":"SMITH"},{"data":"Double Tap","floor":13,"key":"SMITH"},{"data":"Havoc","floor":15,"key":"SMITH"},{"data":"Immolate","floor":28,"key":"SMITH"},{"data":"Corruption","floor":32,"key":"SMITH"},{"floor":44,"key":"RECALL"},{"data":"Brutality","floor":49,"key":"SMITH"},{"data":"1","floor":52,"key":"LIFT"}],"neow_cost":"PERCENT_DAMAGE","seed_source_timestamp":930126443289044,"circlet_count":0,"master_deck":["Strike_R","Strike_R+1","Strike_R","Defend_R+1","Defend_R","Defend_R","Defend_R","Bash","Shrug It Off+1","Spot Weakness","Warcry","Clothesline","Battle Trance+1","Demon Form+1","Havoc+1","Double Tap+1","Thunderclap","Immolate+1","Sword Boomerang","Uppercut+1","Pommel Strike+1","Rage+1","Disarm","Feed","Corruption+1","Seeing Red","Master of Strategy","Exhume","Armaments+1","Evolve+1","Parasite","Sword Boomerang","Feel No Pain","Shrug It Off+1","Brutality+1","Headbutt","Armaments","Warcry","Disarm"],"relics":["Burning Blood","Red Skull","Pen Nib","Torii","War Paint","Blood Vial","Runic Dome","Mango","Ornamental Fan","Bronze Scales","Girya","Sozu","Letter Opener","Regal Pillow","Oddly Smooth Stone","Dead Branch","Orichalcum","Anchor","Gambling Chip","Strawberry"],"potions_floor_usage":[16,27,55,55],"damage_taken":[{"damage":0,"enemies":"Small Slimes","floor":1,"turns":3},{"damage":17,"enemies":"3 Sentries","floor":6,"turns":9},{"damage":0,"enemies":"2 Louse","floor":7,"turns":2},{"damage":24,"enemies":"Gremlin Nob","floor":8,"turns":4},{"damage":0,"enemies":"Jaw Worm","floor":10,"turns":4},{"damage":19,"enemies":"3 Sentries","floor":12,"turns":7},{"damage":9,"enemies":"Blue Slaver","floor":14,"turns":2},{"damage":0,"enemies":"Slime Boss","floor":16,"turns":5},{"damage":0,"enemies":"Spheric Guardian","floor":18,"turns":3},{"damage":0,"enemies":"3 Byrds","floor":19,"turns":4},{"damage":21,"enemies":"Shelled Parasite and Fungi","floor":21,"turns":5},{"damage":2,"enemies":"Snake Plant","floor":22,"turns":3},{"damage":30,"enemies":"Slavers","floor":23,"turns":3},{"damage":7,"enemies":"Snecko","floor":24,"turns":3},{"damage":24,"enemies":"Gremlin Leader","floor":27,"turns":6},{"damage":22,"enemies":"Slavers","floor":29,"turns":3},{"damage":2,"enemies":"Collector","floor":33,"turns":5},{"damage":10,"enemies":"3 Shapes","floor":35,"turns":4},{"damage":7,"enemies":"Orb Walker","floor":36,"turns":4},{"damage":23,"enemies":"Sphere and 2 Shapes","floor":37,"turns":4},{"damage":24,"enemies":"Writhing Mass","floor":39,"turns":7},{"damage":24,"enemies":"Reptomancer","floor":40,"turns":4},{"damage":1,"enemies":"4 Shapes","floor":41,"turns":1},{"damage":7,"enemies":"Nemesis","floor":42,"turns":5},{"damage":27,"enemies":"Mind Bloom Boss Battle","floor":45,"turns":4},{"damage":2,"enemies":"Giant Head","floor":46,"turns":5},{"damage":19,"enemies":"Awakened One","floor":50,"turns":8},{"damage":23,"enemies":"Shield and Spear","floor":54,"turns":3},{"damage":37,"enemies":"The Heart","floor":55,"turns":7}],"seed_played":"-6378852379511912678","potions_obtained":[{"floor":6,"key":"BloodPotion"},{"floor":10,"key":"Poison Potion"},{"floor":12,"key":"Fire Potion"},{"floor":16,"key":"Ancient Potion"},{"floor":23,"key":"SteroidPotion"},{"floor":27,"key":"Energy Potion"}],"is_trial":false,"path_per_floor":["M","?","?","?","$","E","M","E","T","M","R","E","R","M","R","B",null,"M","M","?","M","M","E","M","?","T","E","R","E","?","$","R","B",null,"M","M","M","?","M","E","M","E","T","R","?","E","?","T","R","B",null,"R","$","E","B",null],"character_chosen":"IRONCLAD","items_purchased":["Spot Weakness","Warcry","Corruption","Seeing Red","Master of Strategy","Gambling Chip","Warcry"],"campfire_rested":0,"item_purchase_floors":[5,5,31,31,31,53,53],"current_hp_per_floor":[78,59,47,79,79,68,74,56,56,62,62,49,49,48,48,56,96,96,96,96,81,87,79,80,110,110,92,92,78,78,78,78,87,113,115,116,104,104,92,79,86,87,87,87,71,77,77,77,77,69,135,135,135,125,113],"gold":100,"neow_bonus":"TWENTY_PERCENT_HP_BONUS","is_prod":false,"is_daily":false,"chose_seed":false,"campfire_upgraded":6,"win_rate":0,"timestamp":1553277083,"path_taken":["M","?","?","?","?","E","M","E","T","M","R","E","R","?","R","BOSS","M","M","?","?","?","E","M","?","T","E","R","E","?","$","R","BOSS","M","M","M","?","?","E","?","E","T","R","?","E","?","?","R","BOSS","R","$","E","BOSS"],"build_version":"2019-03-15","purchased_purges":1,"victory":true,"max_hp_per_floor":[96,96,96,96,96,96,96,96,96,96,96,96,96,96,96,96,96,96,96,96,96,96,110,110,110,110,110,110,110,110,110,110,113,113,119,119,122,122,126,129,129,129,129,129,132,132,132,132,132,135,135,135,135,142,145],"card_choices":[{"not_picked":["Sword Boomerang","Heavy Blade"],"picked":"Shrug It Off","floor":1},{"not_picked":["Dropkick","Flex"],"picked":"Clothesline","floor":6},{"not_picked":["Bloodletting","Headbutt"],"picked":"Battle Trance","floor":7},{"not_picked":["Wild Strike","Seeing Red"],"picked":"Demon Form","floor":8},{"not_picked":["Pommel Strike","Corruption"],"picked":"Havoc","floor":10},{"not_picked":["Clothesline","Hemokinesis"],"picked":"Double Tap","floor":12},{"not_picked":["Clothesline","Sever Soul"],"picked":"Thunderclap","floor":14},{"not_picked":["Brutality","Limit Break"],"picked":"Immolate","floor":16},{"not_picked":["Thunderclap","Pommel Strike","Blood for Blood+1"],"picked":"SKIP","floor":18},{"not_picked":["Pommel Strike","Heavy Blade"],"picked":"Sword Boomerang","floor":19},{"not_picked":["True Grit","Flex"],"picked":"Uppercut+1","floor":21},{"not_picked":["Perfected Strike","Twin Strike","Flex+1"],"picked":"SKIP","floor":22},{"not_picked":["Perfected Strike","Uppercut+1"],"picked":"Pommel Strike+1","floor":23},{"not_picked":["Second Wind","Clothesline"],"picked":"Rage+1","floor":24},{"not_picked":["Pommel Strike","Headbutt+1"],"picked":"Disarm","floor":27},{"not_picked":["Intimidate","Sentinel"],"picked":"Feed","floor":29},{"not_picked":["Barricade","Brutality"],"picked":"Exhume","floor":33},{"not_picked":["Perfected Strike","Dual Wield"],"picked":"Armaments+1","floor":35},{"not_picked":["Twin Strike","Sword Boomerang"],"picked":"Evolve+1","floor":36},{"not_picked":["Second Wind+1","Rampage","Twin Strike+1"],"picked":"SKIP","floor":37},{"not_picked":["Body Slam+1","Twin Strike+1"],"picked":"Sword Boomerang","floor":39},{"not_picked":["Corruption","Second Wind+1"],"picked":"Feel No Pain","floor":40},{"not_picked":["Clothesline+1","Havoc+1"],"picked":"Shrug It Off+1","floor":41},{"not_picked":["Twin Strike","Anger"],"picked":"Brutality","floor":42},{"not_picked":["Uppercut","Reckless Charge+1"],"picked":"Headbutt","floor":45},{"not_picked":["Fire Breathing","Clash+1"],"picked":"Armaments","floor":46},{"not_picked":["Immolate","Combust+1"],"picked":"Disarm","floor":54}],"player_experience":4973747,"relics_obtained":[{"floor":6,"key":"Pen Nib"},{"floor":8,"key":"Torii"},{"floor":9,"key":"War Paint"},{"floor":12,"key":"Blood Vial"},{"floor":23,"key":"Mango"},{"floor":27,"key":"Ornamental Fan"},{"floor":29,"key":"Bronze Scales"},{"floor":40,"key":"Letter Opener"},{"floor":42,"key":"Regal Pillow"},{"floor":43,"key":"Oddly Smooth Stone"},{"floor":45,"key":"Dead Branch"},{"floor":46,"key":"Orichalcum"},{"floor":48,"key":"Anchor"},{"floor":54,"key":"Strawberry"}],"event_choices":[{"damage_healed":0,"gold_gain":0,"player_choice":"Entered Light","damage_taken":19,"max_hp_gain":0,"max_hp_loss":0,"event_name":"Shining Light","floor":2,"gold_loss":0,"cards_upgraded":["Shrug It Off","Strike_R"]},{"damage_healed":0,"gold_gain":0,"player_choice":"Success","damage_taken":12,"relics_obtained":["Red Skull"],"max_hp_gain":0,"max_hp_loss":0,"event_name":"Scrap Ooze","floor":3,"gold_loss":0},{"damage_healed":32,"gold_gain":0,"player_choice":"Banana","damage_taken":0,"max_hp_gain":0,"max_hp_loss":0,"event_name":"Big Fish","floor":4,"gold_loss":0},{"damage_healed":0,"gold_gain":0,"player_choice":"Bought 0 Potions","damage_taken":0,"max_hp_gain":0,"max_hp_loss":0,"event_name":"The Woman in Blue","floor":20,"gold_loss":0},{"damage_healed":36,"gold_gain":0,"player_choice":"Heal","damage_taken":0,"max_hp_gain":0,"max_hp_loss":0,"event_name":"The Library","floor":25,"gold_loss":0},{"damage_healed":0,"gold_gain":0,"player_choice":"Obtained Relic","damage_taken":0,"relics_obtained":["Girya"],"max_hp_gain":0,"max_hp_loss":0,"event_name":"Addict","floor":30,"gold_loss":85},{"cards_removed":["Strike_R"],"damage_healed":0,"gold_gain":0,"player_choice":"Purged","damage_taken":0,"max_hp_gain":0,"max_hp_loss":0,"event_name":"Purifier","floor":38,"gold_loss":0},{"damage_healed":0,"gold_gain":0,"player_choice":"Fight","damage_taken":0,"max_hp_gain":0,"max_hp_loss":0,"event_name":"MindBloom","floor":45,"gold_loss":0},{"damage_healed":0,"gold_gain":0,"player_choice":"Ignored","damage_taken":0,"max_hp_gain":0,"max_hp_loss":0,"event_name":"Tomb of Lord Red Mask","floor":47,"gold_loss":0}],"is_beta":true,"boss_relics":[{"not_picked":["Tiny House","Eternal Feather"],"picked":"Runic Dome"},{"not_picked":["Lizard Tail","Runic Cube"],"picked":"Sozu"}],"items_purged_floors":[31],"is_endless":false,"potions_floor_spawned":[6,10,12,16,18,21,23,24,27,37,42,45,54],"ascension_level":1}