{"gold_per_floor":[19,19,19,35,54,54,83,94,94,169,184,214,9,37,37,132,132,144,144,164,164,87,87],"floor_reached":23,"playtime":551,"items_purged":[],"score":303,"play_id":"21e8f945-27c8-4895-9a75-e41ffd64fabf","local_time":"20190223234932","is_ascension_mode":true,"campfire_choices":[{"data":"Anger","floor":6,"key":"SMITH"},{"data":"Flex","floor":15,"key":"SMITH"}],"neow_cost":"NO_GOLD","seed_source_timestamp":814353750611795,"circlet_count":0,"master_deck":["Strike_R","Strike_R","Strike_R","Defend_R","Defend_R","Defend_R","Bash","Wild Strike+1","Anger+1","Headbutt","Reckless Charge","Iron Wave","Flex+1","Demon Form","Double Tap","Wild Strike","Double Tap"],"relics":["Burning Blood","Pen Nib","Question Card","Lee\u0027s Waffle","Paper Frog","Fusion Hammer","Nloth\u0027s Gift"],"potions_floor_usage":[7,7,12,23],"damage_taken":[{"damage":7,"enemies":"Small Slimes","floor":1,"turns":3},{"damage":0,"enemies":"2 Louse","floor":4,"turns":2},{"damage":0,"enemies":"Cultist","floor":5,"turns":2},{"damage":10,"enemies":"3 Sentries","floor":7,"turns":3},{"damage":6,"enemies":"Looter","floor":8,"turns":2},{"damage":8,"enemies":"3 Louse","floor":11,"turns":2},{"damage":25,"enemies":"Lagavulin","floor":12,"turns":5},{"damage":20,"enemies":"3 Sentries","floor":14,"turns":6},{"damage":66,"enemies":"Hexaghost","floor":16,"turns":8},{"damage":19,"enemies":"Chosen","floor":18,"turns":4},{"damage":34,"enemies":"2 Thieves","floor":20,"turns":4},{"damage":30,"enemies":"Book of Stabbing","floor":23,"turns":2}],"seed_played":"-2087468600048336794","potions_obtained":[{"floor":1,"key":"Explosive Potion"},{"floor":5,"key":"Explosive Potion"},{"floor":7,"key":"Ancient Potion"},{"floor":11,"key":"Fire Potion"},{"floor":14,"key":"Energy Potion"},{"floor":20,"key":"Poison Potion"}],"is_trial":false,"path_per_floor":["M","?","?","M","M","R","E","M","T","?","M","E","$","E","R","B",null,"M","?","M","?","$","E"],"character_chosen":"IRONCLAD","items_purchased":["Lee\u0027s Waffle","Double Tap"],"campfire_rested":0,"item_purchase_floors":[13,22],"current_hp_per_floor":[71,71,71,77,80,80,76,76,76,65,63,44,87,73,73,13,69,56,56,28,28,28,0],"gold":87,"neow_bonus":"REMOVE_TWO","is_prod":false,"is_daily":false,"chose_seed":false,"campfire_upgraded":2,"win_rate":0,"timestamp":1550976572,"path_taken":["M","?","?","?","M","R","E","M","T","?","M","E","$","E","R","BOSS","M","?","?","?","?","E"],"build_version":"2019-01-23","purchased_purges":0,"victory":false,"max_hp_per_floor":[80,80,80,80,80,80,80,80,80,80,80,80,87,87,87,87,87,87,87,87,87,87,87],"card_choices":[{"not_picked":["Second Wind","Iron Wave"],"picked":"Wild Strike","floor":1},{"not_picked":["Iron Wave","Armaments"],"picked":"Anger","floor":4},{"not_picked":["Body Slam","Armaments","Warcry"],"picked":"SKIP","floor":5},{"not_picked":["Juggernaut","Twin Strike"],"picked":"Headbutt","floor":7},{"not_picked":["Heavy Blade","Body Slam"],"picked":"Reckless Charge","floor":8},{"not_picked":["True Grit","Headbutt","Armaments"],"picked":"SKIP","floor":11},{"not_picked":["Sentinel","Shrug It Off"],"picked":"Iron Wave","floor":12},{"not_picked":["Cleave","Twin Strike","Barricade"],"picked":"Flex","floor":14},{"not_picked":["Offering","Reaper","Limit Break"],"picked":"Demon Form","floor":16},{"not_picked":["Bloodletting+1","Carnage+1","Shrug It Off","Sentinel+1"],"picked":"SKIP","floor":18},{"not_picked":["Armaments+1","Anger","Cleave"],"picked":"Wild Strike","floor":20}],"player_experience":840388,"relics_obtained":[{"floor":7,"key":"Boot"},{"floor":9,"key":"Pen Nib"},{"floor":12,"key":"Question Card"},{"floor":14,"key":"Paper Frog"}],"event_choices":[{"damage_healed":0,"gold_gain":0,"player_choice":"Leave","damage_taken":0,"max_hp_gain":0,"max_hp_loss":0,"event_name":"The Cleric","floor":2,"gold_loss":0},{"damage_healed":0,"gold_gain":0,"player_choice":"Upgraded","damage_taken":0,"max_hp_gain":0,"max_hp_loss":0,"event_name":"Upgrade Shrine","floor":3,"gold_loss":0,"cards_upgraded":["Wild Strike"]},{"damage_healed":0,"gold_gain":75,"player_choice":"Gather Gold","damage_taken":11,"max_hp_gain":0,"max_hp_loss":0,"event_name":"World of Goop","floor":10,"gold_loss":0},{"damage_healed":0,"gold_gain":0,"cards_transformed":["Strike_R"],"player_choice":"Transformed","damage_taken":0,"max_hp_gain":0,"max_hp_loss":0,"event_name":"Transmorgrifier","floor":19,"gold_loss":0,"cards_obtained":["Double Tap"]},{"damage_healed":0,"gold_gain":0,"player_choice":"Traded Relic","damage_taken":0,"relics_obtained":["Nloth\u0027s Gift"],"max_hp_gain":0,"max_hp_loss":0,"event_name":"N\u0027loth","floor":21,"relics_lost":["Boot"],"gold_loss":0}],"is_beta":false,"boss_relics":[{"not_picked":["Runic Dome","Pandora\u0027s Box"],"picked":"Fusion Hammer"}],"items_purged_floors":[],"is_endless":false,"potions_floor_spawned":[1,5,7,11,14,20],"killed_by":"Book of Stabbing","ascension_level":9}