{"gold_per_floor":[113,129,94,105,118,152,163,195,248,423,498,498,498,43,43,145,145,160,177,177,177,191,224,174,203,277,277,7,18,46,58,58,161,161,172,185,196,196,196,222,222,232,232,266,266,286,286,286,286,286,286,286,47,79,79],"floor_reached":55,"playtime":4146,"items_purged":["Doubt","Strike_B+1"],"score":964,"play_id":"46c4fe4c-2eb9-411f-bcdf-de61d7a62e1b","local_time":"20190416021654","is_ascension_mode":true,"campfire_choices":[{"data":"Hologram","floor":13,"key":"SMITH"},{"floor":15,"key":"REST"},{"data":"Mayhem","floor":27,"key":"SMITH"},{"data":"Creative AI","floor":32,"key":"SMITH"},{"data":"Heatsinks","floor":45,"key":"SMITH"},{"floor":47,"key":"RECALL"},{"data":"Panache","floor":49,"key":"SMITH"},{"data":"Electrodynamics","floor":52,"key":"SMITH"}],"neow_cost":"PERCENT_DAMAGE","seed_source_timestamp":3047443454365177,"circlet_count":0,"master_deck":["Strike_B+1","Strike_B+1","Defend_B+1","Defend_B+1","Defend_B+1","Defend_B+1","Zap+1","Dualcast+1","Hologram+1","Streamline","Conserve Battery+1","FTL","Electrodynamics+1","Ball Lightning","Self Repair","Mayhem+1","Steam+1","FTL","Panacea+1","Creative AI+1","Stack+1","Fusion+1","Cold Snap+1","Go for the Eyes+1","Electrodynamics","Heatsinks+1","Steam+1","Redo+1","Hologram+1","Storm+1","Amplify+1","Chill+1","Reinforced Body+1","Panache+1","Conserve Battery+1","Gash","Consume+1","Deep Breath+1","Undo+1"],"relics":["Cracked Core","Calipers","Gambling Chip","Toxic Egg 2","Ancient Tea Set","Sozu","Gremlin Horn","War Paint","Dodecahedron","Bottled Lightning","Blue Candle","Coffee Dripper","Blood Vial","Singing Bowl","Centennial Puzzle","Ginger"],"potions_floor_usage":[6,8,16],"damage_taken":[{"damage":1,"enemies":"2 Louse","floor":1,"turns":3},{"damage":0,"enemies":"Small Slimes","floor":2,"turns":3},{"damage":0,"enemies":"Cultist","floor":4,"turns":3},{"damage":0,"enemies":"Looter","floor":5,"turns":3},{"damage":30,"enemies":"Gremlin Nob","floor":6,"turns":4},{"damage":0,"enemies":"3 Louse","floor":7,"turns":3},{"damage":19,"enemies":"Lagavulin","floor":8,"turns":5},{"damage":19,"enemies":"The Guardian","floor":16,"turns":9},{"damage":0,"enemies":"Chosen","floor":18,"turns":4},{"damage":3,"enemies":"Spheric Guardian","floor":19,"turns":4},{"damage":0,"enemies":"Shelled Parasite and Fungi","floor":22,"turns":4},{"damage":11,"enemies":"Book of Stabbing","floor":23,"turns":6},{"damage":22,"enemies":"Slavers","floor":25,"turns":4},{"damage":0,"enemies":"Snecko","floor":29,"turns":4},{"damage":4,"enemies":"Gremlin Leader","floor":30,"turns":6},{"damage":0,"enemies":"Sentry and Sphere","floor":31,"turns":5},{"damage":0,"enemies":"Collector","floor":33,"turns":6},{"damage":0,"enemies":"3 Shapes","floor":35,"turns":4},{"damage":7,"enemies":"Orb Walker","floor":36,"turns":3},{"damage":0,"enemies":"4 Shapes","floor":37,"turns":2},{"damage":0,"enemies":"Giant Head","floor":40,"turns":8},{"damage":0,"enemies":"3 Darklings","floor":42,"turns":4},{"damage":0,"enemies":"Nemesis","floor":44,"turns":7},{"damage":0,"enemies":"Transient","floor":46,"turns":5},{"damage":5,"enemies":"Time Eater","floor":50,"turns":10},{"damage":0,"enemies":"Shield and Spear","floor":54,"turns":3},{"damage":78,"enemies":"The Heart","floor":55,"turns":9}],"seed_played":"-8885740121686188689","potions_obtained":[{"floor":4,"key":"SneckoOil"},{"floor":7,"key":"Strength Potion"},{"floor":8,"key":"Swift Potion"}],"is_trial":false,"path_per_floor":["M","M","?","M","M","E","M","E","T","?","?","?","R","$","R","B",null,"M","M","?","?","M","E","?","E","T","R","$","M","E","M","R","B",null,"M","M","M","?","?","E","?","M","T","E","R","M","R","?","R","B",null,"R","$","E","B"],"character_chosen":"DEFECT","items_purchased":["Mayhem","Steam+1","FTL","Panacea+1","Heatsinks","Steam+1","Redo+1","Centennial Puzzle","Deep Breath+1"],"campfire_rested":1,"item_purchase_floors":[14,14,14,14,28,28,28,53,53],"current_hp_per_floor":[53,53,71,71,71,41,41,22,22,22,11,11,11,11,33,21,75,75,75,75,75,75,71,71,56,56,56,56,63,66,73,73,75,75,75,75,75,71,71,71,71,71,71,71,71,73,73,73,73,73,73,73,73,73,0],"gold":79,"neow_bonus":"ONE_RARE_RELIC","is_prod":false,"is_daily":false,"chose_seed":false,"campfire_upgraded":6,"win_rate":0,"timestamp":1555395414,"path_taken":["M","M","?","M","M","E","M","E","T","?","?","?","R","$","R","BOSS","M","?","?","?","M","E","?","E","T","R","$","M","E","M","R","BOSS","M","M","?","?","?","E","?","?","T","E","R","M","R","?","R","BOSS","R","$","E","BOSS"],"build_version":"2019-04-04","purchased_purges":2,"victory":false,"max_hp_per_floor":[75,75,75,75,75,75,75,75,75,75,75,75,75,75,75,75,75,75,75,75,75,75,75,75,75,75,75,75,75,75,75,75,75,75,75,75,75,71,71,71,71,71,71,71,71,73,73,73,73,73,73,73,73,73,73],"card_choices":[{"not_picked":["Reprogram","Compile Driver"],"picked":"Hologram","floor":1},{"not_picked":["Chaos","Steam"],"picked":"Streamline","floor":2},{"not_picked":["Steam","Go for the Eyes"],"picked":"Conserve Battery","floor":4},{"not_picked":["Chill","Leap"],"picked":"FTL","floor":5},{"not_picked":["Heatsinks","Recycle"],"picked":"Electrodynamics","floor":6},{"not_picked":["Lockon","Streamline"],"picked":"Ball Lightning","floor":7},{"not_picked":["Undo","Barrage"],"picked":"Self Repair","floor":8},{"not_picked":["Amplify+1","Machine Learning"],"picked":"Creative AI","floor":16},{"not_picked":["Sweeping Beam","Aggregate+1"],"picked":"Stack+1","floor":18},{"not_picked":["Streamline","Ball Lightning"],"picked":"Fusion+1","floor":19},{"not_picked":["Leap+1","Compile Driver"],"picked":"Cold Snap+1","floor":22},{"not_picked":["Turbo+1","Redo+1"],"picked":"Go for the Eyes+1","floor":23},{"not_picked":["Beam Cell","Hello World"],"picked":"Electrodynamics","floor":25},{"not_picked":["Gash","Ball Lightning","Rip and Tear"],"picked":"SKIP","floor":29},{"not_picked":["Recycle+1","Beam Cell"],"picked":"Hologram+1","floor":30},{"not_picked":["Hologram+1","Recycle+1"],"picked":"Storm+1","floor":31},{"not_picked":["Core Surge","Machine Learning"],"picked":"Amplify+1","floor":33},{"not_picked":["Tempest+1","Gash+1","Heatsinks"],"picked":"SKIP","floor":35},{"not_picked":["Barrage","Conserve Battery+1"],"picked":"Chill+1","floor":36},{"not_picked":["Undo+1","Compile Driver"],"picked":"Reinforced Body+1","floor":37},{"not_picked":["Violence+1","Forethought+1"],"picked":"Panache","floor":39},{"not_picked":["Lockon+1","Tempest+1"],"picked":"Conserve Battery+1","floor":40},{"not_picked":["Turbo+1","Redo+1","Static Discharge+1"],"picked":"SKIP","floor":42},{"not_picked":["Barrage","Meteor Strike"],"picked":"Consume+1","floor":44},{"not_picked":["Turbo+1","Static Discharge","Sweeping Beam"],"picked":"Singing Bowl","floor":46},{"not_picked":["Cold Snap+1","Compile Driver+1"],"picked":"Undo+1","floor":54}],"player_experience":5349112,"relics_obtained":[{"floor":6,"key":"Gambling Chip"},{"floor":8,"key":"Toxic Egg 2"},{"floor":9,"key":"Ancient Tea Set"},{"floor":23,"key":"War Paint"},{"floor":25,"key":"Dodecahedron"},{"floor":26,"key":"Bottled Lightning"},{"floor":30,"key":"Blue Candle"},{"floor":40,"key":"Blood Vial"},{"floor":44,"key":"Singing Bowl"},{"floor":54,"key":"Ginger"}],"event_choices":[{"damage_healed":18,"gold_gain":0,"player_choice":"Healed","damage_taken":0,"max_hp_gain":0,"max_hp_loss":0,"event_name":"The Cleric","floor":3,"gold_loss":35},{"damage_healed":0,"gold_gain":175,"player_choice":"AGREE","damage_taken":0,"max_hp_gain":0,"max_hp_loss":0,"event_name":"Liars Game","floor":10,"gold_loss":0,"cards_obtained":["Doubt"]},{"damage_healed":0,"gold_gain":75,"player_choice":"Gather Gold","damage_taken":11,"max_hp_gain":0,"max_hp_loss":0,"event_name":"World of Goop","floor":11,"gold_loss":0},{"damage_healed":0,"gold_gain":0,"player_choice":"Upgraded","damage_taken":0,"max_hp_gain":0,"max_hp_loss":0,"event_name":"Upgrade Shrine","floor":12,"gold_loss":0,"cards_upgraded":["Zap"]},{"damage_healed":0,"gold_gain":0,"player_choice":"Simplicity","damage_taken":0,"max_hp_gain":0,"max_hp_loss":0,"event_name":"Back to Basics","floor":20,"gold_loss":0,"cards_upgraded":["Strike_B","Strike_B","Strike_B","Strike_B","Defend_B","Defend_B","Defend_B","Defend_B"]},{"damage_healed":0,"gold_gain":0,"player_choice":"Opened","damage_taken":0,"relics_obtained":["Gremlin Horn"],"max_hp_gain":0,"max_hp_loss":0,"event_name":"The Mausoleum","floor":21,"gold_loss":0},{"damage_healed":0,"gold_gain":0,"player_choice":"Bet on Murderer","damage_taken":0,"max_hp_gain":0,"max_hp_loss":0,"event_name":"The Joust","floor":24,"gold_loss":50},{"damage_healed":0,"gold_gain":0,"player_choice":"Max HP","damage_taken":0,"max_hp_gain":0,"max_hp_loss":4,"event_name":"Winding Halls","floor":38,"gold_loss":0},{"damage_healed":0,"gold_gain":0,"player_choice":"Memory 1","damage_taken":0,"max_hp_gain":0,"max_hp_loss":0,"event_name":"SensoryStone","floor":39,"gold_loss":0},{"damage_healed":0,"gold_gain":0,"cards_transformed":["Strike_B"],"player_choice":"Transformed","damage_taken":0,"max_hp_gain":0,"max_hp_loss":0,"event_name":"Transmorgrifier","floor":41,"gold_loss":0,"cards_obtained":["Gash"]},{"damage_healed":0,"gold_gain":0,"player_choice":"Ignored","damage_taken":0,"max_hp_gain":0,"max_hp_loss":0,"event_name":"Tomb of Lord Red Mask","floor":48,"gold_loss":0}],"is_beta":true,"boss_relics":[{"not_picked":["Black Star","FrozenCore"],"picked":"Sozu"},{"not_picked":["Fusion Hammer","Calling Bell"],"picked":"Coffee Dripper"}],"items_purged_floors":[14,28],"is_endless":false,"potions_floor_spawned":[4,7,8,22,23,29,31,35,37,44,46],"killed_by":"The Heart","ascension_level":1}