{"gold_per_floor":[110,130,144,162,162,162,190,190,260,260,287,306,59,92,92,188,188,202,51,69,82,94,120,120,145,172,182,182,195,195,224,224,320,320,337,337,337,347,360,360,390,390,414,442,458,489,109,109,109,109,109,109,13,44,44],"floor_reached":56,"playtime":3570,"items_purged":[],"score":1573,"play_id":"2c3849b0-3e87-474e-8e57-f35849a31c96","local_time":"20190409060728","is_ascension_mode":true,"campfire_choices":[{"data":"Perfected Strike","floor":6,"key":"SMITH"},{"data":"Shockwave","floor":8,"key":"SMITH"},{"data":"Feed","floor":10,"key":"SMITH"},{"data":"Mayhem","floor":15,"key":"SMITH"},{"data":"Corruption","floor":24,"key":"SMITH"},{"data":"Metallicize","floor":30,"key":"SMITH"},{"data":"Pommel Strike","floor":32,"key":"SMITH"},{"data":"Perfected Strike","floor":40,"key":"SMITH"},{"floor":42,"key":"RECALL"},{"data":"Pommel Strike","floor":49,"key":"SMITH"},{"data":"Defend_R","floor":52,"key":"SMITH"}],"neow_cost":"NONE","seed_source_timestamp":2457033745323239,"circlet_count":0,"master_deck":["Strike_R","Strike_R","Strike_R","Strike_R","Strike_R","Defend_R+1","Defend_R+1","Defend_R+1","Bash+1","Shockwave+1","Perfected Strike+1","Twin Strike+1","Feed+1","Metallicize+1","Flex+1","Shrug It Off+1","Pommel Strike+1","Mayhem+1","Corruption+1","Impervious+1","Headbutt","Offering+1","Sentinel+1","Warcry+1","Ghostly Armor+1","Impervious+1","Uppercut+1","Perfected Strike+1","Ghostly Armor+1","Warcry+1","Feed","Pommel Strike+1","Perfected Strike+1","Headbutt","Warcry+1","Carnage+1","Evolve+1","Good Instincts+1","Pommel Strike","Feel No Pain","Dual Wield+1","Spot Weakness+1"],"relics":["Burning Blood","Incense Burner","Toxic Egg 2","Whetstone","Happy Flower","Sozu","Kunai","Letter Opener","Dream Catcher","Philosopher\u0027s Stone","Boot","Red Skull","Gremlin Horn","Singing Bowl","Membership Card","Bag of Preparation","Orichalcum","Mercury Hourglass","War Paint"],"potions_floor_usage":[7,16,16,55],"damage_taken":[{"damage":6,"enemies":"Cultist","floor":1,"turns":4},{"damage":5,"enemies":"Small Slimes","floor":2,"turns":3},{"damage":11,"enemies":"Jaw Worm","floor":3,"turns":3},{"damage":5,"enemies":"Red Slaver","floor":4,"turns":3},{"damage":22,"enemies":"3 Sentries","floor":7,"turns":5},{"damage":13,"enemies":"Lagavulin","floor":11,"turns":5},{"damage":1,"enemies":"Looter","floor":12,"turns":2},{"damage":27,"enemies":"Gremlin Nob","floor":14,"turns":6},{"damage":6,"enemies":"Slime Boss","floor":16,"turns":7},{"damage":18,"enemies":"2 Thieves","floor":18,"turns":3},{"damage":0,"enemies":"Chosen","floor":20,"turns":2},{"damage":16,"enemies":"Shelled Parasite and Fungi","floor":21,"turns":4},{"damage":2,"enemies":"Chosen and Byrds","floor":22,"turns":4},{"damage":15,"enemies":"Gremlin Leader","floor":23,"turns":8},{"damage":1,"enemies":"Slavers","floor":25,"turns":4},{"damage":6,"enemies":"Centurion and Healer","floor":27,"turns":4},{"damage":8,"enemies":"Snake Plant","floor":29,"turns":3},{"damage":6,"enemies":"Book of Stabbing","floor":31,"turns":5},{"damage":10,"enemies":"Collector","floor":33,"turns":9},{"damage":6,"enemies":"Orb Walker","floor":35,"turns":2},{"damage":5,"enemies":"3 Shapes","floor":38,"turns":4},{"damage":8,"enemies":"Writhing Mass","floor":39,"turns":4},{"damage":1,"enemies":"Reptomancer","floor":41,"turns":4},{"damage":6,"enemies":"Nemesis","floor":44,"turns":5},{"damage":6,"enemies":"Spire Growth","floor":45,"turns":3},{"damage":6,"enemies":"Giant Head","floor":46,"turns":6},{"damage":34,"enemies":"Awakened One","floor":50,"turns":11},{"damage":9,"enemies":"Shield and Spear","floor":54,"turns":6},{"damage":91,"enemies":"The Heart","floor":55,"turns":9}],"seed_played":"-4222741959741802540","potions_obtained":[{"floor":3,"key":"PowerPotion"},{"floor":7,"key":"PowerPotion"},{"floor":11,"key":"Swift Potion"},{"floor":16,"key":"Ancient Potion"}],"is_trial":false,"path_per_floor":["M","M","M","M","?","R","E","R","T","R","E","M","$","E","R","B",null,"M","$","M","M","M","E","R","E","T","M","?","M","R","E","R","B",null,"M","?","?","M","M","R","E","R","T","E","M","E","$","T","R","B",null,"R","$","E","B",null],"character_chosen":"IRONCLAD","items_purchased":["Shrug It Off+1","Pommel Strike","Mayhem","Offering+1","Membership Card","Bag of Preparation","Orichalcum","Good Instincts+1","Pommel Strike","Feel No Pain","Dual Wield+1"],"campfire_rested":0,"item_purchase_floors":[13,13,13,19,47,47,47,47,53,53,53],"current_hp_per_floor":[80,80,75,76,69,69,53,53,53,53,46,55,55,38,38,42,92,80,80,86,80,84,75,75,80,80,84,84,82,82,82,82,78,100,100,100,95,99,97,97,103,103,103,107,107,107,107,107,107,82,110,110,110,110,25],"gold":44,"neow_bonus":"THREE_CARDS","is_prod":false,"is_daily":false,"chose_seed":false,"campfire_upgraded":10,"win_rate":0,"timestamp":1554804448,"path_taken":["M","M","?","M","?","R","E","R","T","R","E","M","$","E","R","BOSS","M","$","M","M","M","E","R","E","T","M","?","M","R","E","R","BOSS","M","?","?","M","?","R","E","R","T","E","M","E","$","?","R","BOSS","R","$","E","BOSS"],"build_version":"2019-04-04","purchased_purges":0,"victory":true,"max_hp_per_floor":[80,80,80,80,80,80,80,80,80,80,80,84,84,88,88,92,92,92,92,92,96,96,96,96,96,96,100,100,100,100,100,100,100,100,100,100,95,99,99,99,103,103,103,107,107,107,107,107,107,110,110,110,110,113,113],"card_choices":[{"not_picked":["Evolve","Body Slam"],"picked":"Shockwave","floor":0},{"not_picked":["True Grit","Wild Strike"],"picked":"Perfected Strike","floor":1},{"not_picked":["Body Slam","Sever Soul"],"picked":"Twin Strike","floor":2},{"not_picked":["Rampage","Entrench","Heavy Blade"],"picked":"SKIP","floor":3},{"not_picked":["Searing Blow","Spot Weakness","Flex"],"picked":"SKIP","floor":4},{"not_picked":["Hemokinesis","Whirlwind"],"picked":"Feed","floor":7},{"not_picked":["Reaper","Pummel"],"picked":"Metallicize","floor":11},{"not_picked":["Clothesline","Inflame"],"picked":"Flex+1","floor":12},{"not_picked":["Power Through+1","Reckless Charge"],"picked":"Corruption","floor":14},{"not_picked":["Bludgeon","Exhume+1"],"picked":"Impervious+1","floor":16},{"not_picked":["Cleave","Anger"],"picked":"Headbutt","floor":18},{"not_picked":["Shockwave+1","Sever Soul+1"],"picked":"Sentinel+1","floor":20},{"not_picked":["Armaments+1","Reckless Charge"],"picked":"Warcry+1","floor":21},{"not_picked":["Flex+1","Body Slam"],"picked":"Ghostly Armor+1","floor":22},{"not_picked":["Blood for Blood","True Grit+1"],"picked":"Impervious+1","floor":23},{"not_picked":["Flame Barrier+1","Corruption+1"],"picked":"Uppercut+1","floor":25},{"not_picked":["Corruption","Heavy Blade","Searing Blow"],"picked":"SKIP","floor":27},{"not_picked":["Thunderclap","Iron Wave"],"picked":"Ghostly Armor+1","floor":29},{"not_picked":["Clash","Burning Pact+1"],"picked":"Warcry+1","floor":31},{"not_picked":["Reaper","Offering+1"],"picked":"Feed","floor":33},{"not_picked":["Fire Breathing","Clash"],"picked":"Pommel Strike","floor":35},{"not_picked":["Metallicize+1","Cleave+1"],"picked":"Perfected Strike","floor":38},{"not_picked":["Armaments+1","Thunderclap+1"],"picked":"Headbutt","floor":39},{"not_picked":["Havoc+1","Cleave+1","Uppercut+1"],"picked":"SKIP","floor":41},{"not_picked":["Clash","Reckless Charge+1"],"picked":"Warcry+1","floor":44},{"not_picked":["Seeing Red+1","Heavy Blade+1"],"picked":"Carnage+1","floor":45},{"not_picked":["Havoc+1","Flex+1"],"picked":"Evolve+1","floor":46},{"not_picked":["Entrench+1","Limit Break+1"],"picked":"Spot Weakness+1","floor":54}],"player_experience":5231180,"relics_obtained":[{"floor":7,"key":"Incense Burner"},{"floor":9,"key":"Toxic Egg 2"},{"floor":11,"key":"Whetstone"},{"floor":14,"key":"Happy Flower"},{"floor":23,"key":"Kunai"},{"floor":25,"key":"Letter Opener"},{"floor":31,"key":"Dream Catcher"},{"floor":41,"key":"Boot"},{"floor":43,"key":"Red Skull"},{"floor":44,"key":"Gremlin Horn"},{"floor":46,"key":"Singing Bowl"},{"floor":48,"key":"Mercury Hourglass"},{"floor":54,"key":"War Paint"}],"event_choices":[{"cards_removed":["Defend_R"],"damage_healed":0,"gold_gain":0,"player_choice":"Card Removal","damage_taken":7,"max_hp_gain":0,"max_hp_loss":0,"event_name":"Golden Wing","floor":5,"gold_loss":0},{"damage_healed":0,"gold_gain":0,"player_choice":"Copied","damage_taken":0,"max_hp_gain":0,"max_hp_loss":0,"event_name":"Duplicator","floor":28,"gold_loss":0,"cards_obtained":["Perfected Strike"]},{"damage_healed":0,"gold_gain":0,"player_choice":"Ignored","damage_taken":0,"max_hp_gain":0,"max_hp_loss":0,"event_name":"Tomb of Lord Red Mask","floor":36,"gold_loss":0},{"damage_healed":0,"gold_gain":0,"player_choice":"Max HP","damage_taken":0,"max_hp_gain":0,"max_hp_loss":5,"event_name":"Winding Halls","floor":37,"gold_loss":0}],"is_beta":true,"boss_relics":[{"not_picked":["Lizard Tail","Ectoplasm"],"picked":"Sozu"},{"not_picked":["Runic Cube","Empty Cage"],"picked":"Philosopher\u0027s Stone"}],"items_purged_floors":[],"is_endless":false,"potions_floor_spawned":[3,7,11,16,18,21,23,25,29,35,38,39],"ascension_level":1}