{"gold_per_floor":[118,136,136,136,13,13,42,56,56,88,88,102,119,149,149,250,250,268,288,301,38,38,38,67,67,67,67,93,192,211,211,211,211],"floor_reached":33,"playtime":1254,"items_purged":["Regret","Pain"],"score":445,"play_id":"3fc9201f-27ad-4ebc-be42-1bb4ed778ded","local_time":"20190131163243","is_ascension_mode":true,"campfire_choices":[{"data":"Conserve Battery","floor":6,"key":"SMITH"},{"data":"Hello World","floor":11,"key":"SMITH"},{"data":"Zap","floor":15,"key":"SMITH"},{"floor":23,"key":"REST"},{"floor":25,"key":"REST"},{"floor":32,"key":"REST"}],"neow_cost":"NONE","seed_source_timestamp":142586510168615,"circlet_count":0,"master_deck":["Strike_B","Strike_B","Strike_B","Strike_B","Defend_B","Defend_B","Defend_B","Defend_B","Zap+1","Dualcast","Ball Lightning","Coolheaded","Conserve Battery+1","Rebound","Hello World+1","Turbo","Sweeping Beam","Turbo","Seek","Electrodynamics","White Noise+1","Turbo+1","Panache","Necronomicurse","Echo Form","Barrage","Loop"],"relics":["Cracked Core","NeowsBlessing","Thread and Needle","Symbiotic Virus","Pocketwatch","Centennial Puzzle","Letter Opener","Calling Bell","Art of War","Cables","FossilizedHelix","Necronomicon","Happy Flower","Meat on the Bone","Ancient Tea Set"],"potions_floor_usage":[16,24,24,33],"damage_taken":[{"damage":0,"enemies":"Small Slimes","floor":1,"turns":1},{"damage":0,"enemies":"Jaw Worm","floor":2,"turns":1},{"damage":0,"enemies":"3 Sentries","floor":7,"turns":1},{"damage":0,"enemies":"Cultist","floor":8,"turns":3},{"damage":35,"enemies":"Gremlin Nob","floor":10,"turns":4},{"damage":0,"enemies":"Exordium Wildlife","floor":12,"turns":3},{"damage":0,"enemies":"2 Fungi Beasts","floor":13,"turns":2},{"damage":9,"enemies":"The Guardian","floor":16,"turns":8},{"damage":18,"enemies":"3 Byrds","floor":18,"turns":3},{"damage":8,"enemies":"Spheric Guardian","floor":19,"turns":3},{"damage":19,"enemies":"Snake Plant","floor":20,"turns":3},{"damage":6,"enemies":"Gremlin Leader","floor":24,"turns":4},{"damage":8,"enemies":"Book of Stabbing","floor":28,"turns":5},{"damage":24,"enemies":"Shelled Parasite and Fungi","floor":30,"turns":3},{"damage":56,"enemies":"Champ","floor":33,"turns":8}],"seed_played":"3354068569097384300","potions_obtained":[{"floor":1,"key":"Poison Potion"},{"floor":8,"key":"Poison Potion"},{"floor":10,"key":"AttackPotion"},{"floor":18,"key":"Regen Potion"},{"floor":19,"key":"PowerPotion"}],"is_trial":false,"path_per_floor":["M","M","?","?","$","R","E","M","T","E","R","M","M","?","R","B",null,"M","M","M","$","?","R","E","R","T","?","E","?","M","?","R","B"],"character_chosen":"DEFECT","items_purchased":["Conserve Battery","Panache"],"campfire_rested":3,"item_purchase_floors":[5,21],"current_hp_per_floor":[68,68,68,75,75,75,75,75,75,40,40,40,40,40,40,31,64,46,38,19,19,3,25,31,53,53,53,45,45,33,33,55,0],"gold":211,"neow_bonus":"THREE_ENEMY_KILL","is_prod":false,"is_daily":false,"chose_seed":false,"campfire_upgraded":3,"win_rate":0,"timestamp":1548963163,"path_taken":["M","M","?","?","$","R","E","M","T","E","R","M","?","?","R","BOSS","M","M","M","$","?","R","E","R","T","?","E","?","M","?","R","BOSS"],"build_version":"2019-01-23","purchased_purges":2,"victory":false,"max_hp_per_floor":[75,75,75,75,75,75,75,75,75,75,75,75,75,75,75,75,75,75,75,75,75,75,75,75,75,75,75,75,75,75,75,75,75],"card_choices":[{"not_picked":["Blizzard","Redo"],"picked":"Ball Lightning","floor":1},{"not_picked":["Reinforced Body","Aggregate"],"picked":"Coolheaded","floor":2},{"not_picked":["Consume","Lockon"],"picked":"Rebound","floor":7},{"not_picked":["Ball Lightning","Darkness"],"picked":"Hello World","floor":8},{"not_picked":["Tempest","Blizzard"],"picked":"Turbo","floor":10},{"not_picked":["Go for the Eyes","Streamline"],"picked":"Sweeping Beam","floor":12},{"not_picked":["Conserve Battery","Redo"],"picked":"Turbo","floor":13},{"not_picked":["Reboot","Biased Cognition"],"picked":"Seek","floor":16},{"not_picked":["Hologram","Steam"],"picked":"Electrodynamics","floor":18},{"not_picked":["Go for the Eyes","Gash"],"picked":"White Noise+1","floor":19},{"not_picked":["Sunder","Leap"],"picked":"Turbo+1","floor":20},{"not_picked":["Coolheaded","Cold Snap"],"picked":"Echo Form","floor":24},{"not_picked":["Leap","Steam Power"],"picked":"Barrage","floor":28},{"not_picked":["Sweeping Beam+1","Steam+1"],"picked":"Loop","floor":30}],"player_experience":696205,"relics_obtained":[{"floor":7,"key":"Symbiotic Virus"},{"floor":9,"key":"Pocketwatch"},{"floor":10,"key":"Centennial Puzzle"},{"floor":17,"key":"Art of War"},{"floor":17,"key":"Cables"},{"floor":17,"key":"FossilizedHelix"},{"floor":22,"key":"Necronomicon"},{"floor":24,"key":"Happy Flower"},{"floor":26,"key":"Meat on the Bone"},{"floor":28,"key":"Ancient Tea Set"}],"event_choices":[{"damage_healed":0,"gold_gain":0,"player_choice":"Box","damage_taken":0,"relics_obtained":["Thread and Needle"],"max_hp_gain":0,"max_hp_loss":0,"event_name":"Big Fish","floor":3,"gold_loss":0,"cards_obtained":["Regret"]},{"damage_healed":7,"gold_gain":0,"player_choice":"Full Heal","damage_taken":0,"max_hp_gain":0,"max_hp_loss":0,"event_name":"Wheel of Change","floor":4,"gold_loss":0},{"damage_healed":0,"gold_gain":30,"player_choice":"Searched \u00273\u0027 times","damage_taken":0,"relics_obtained":["Letter Opener"],"max_hp_gain":0,"max_hp_loss":0,"event_name":"Dead Adventurer","floor":14,"gold_loss":0},{"damage_healed":0,"gold_gain":0,"player_choice":"Obtained Book","damage_taken":16,"max_hp_gain":0,"max_hp_loss":0,"event_name":"Cursed Tome","floor":22,"gold_loss":0},{"cards_removed":["Writhe"],"damage_healed":0,"gold_gain":0,"player_choice":"Elegance","damage_taken":0,"max_hp_gain":0,"max_hp_loss":0,"event_name":"Back to Basics","floor":27,"gold_loss":0},{"damage_healed":0,"gold_gain":99,"player_choice":"Stole From Cult","damage_taken":0,"max_hp_gain":0,"max_hp_loss":0,"event_name":"Nest","floor":29,"gold_loss":0},{"cards_removed":["Shame"],"damage_healed":0,"gold_gain":0,"player_choice":"Purged","damage_taken":0,"max_hp_gain":0,"max_hp_loss":0,"event_name":"Purifier","floor":31,"gold_loss":0}],"is_beta":false,"boss_relics":[{"not_picked":["Philosopher\u0027s Stone","White Beast Statue"],"picked":"Calling Bell"}],"items_purged_floors":[5,21],"is_endless":false,"potions_floor_spawned":[1,8,10,18,19],"killed_by":"Champ","ascension_level":8}