{"gold_per_floor":[289,289,289,354,371,371,421,436,476,526,546,559,621,203,203,304,304,317,328,293,309,321,351,351,366,366,366,341,391,406,160,160,160],"floor_reached":33,"playtime":1535,"items_purged":[],"score":261,"play_id":"41d8e0e3-18e2-454e-95a4-90ce995a4c30","local_time":"20190304010721","is_ascension_mode":false,"campfire_choices":[{"data":"True Grit","floor":6,"key":"SMITH"},{"data":"Armaments","floor":15,"key":"SMITH"},{"floor":24,"key":"REST"},{"data":"Offering","floor":27,"key":"SMITH"},{"floor":32,"key":"REST"}],"neow_cost":"NONE","seed_source_timestamp":1509272049202932,"circlet_count":0,"master_deck":["Strike_R","Defend_R","Defend_R","Defend_R","Defend_R","Bash+1","Headbutt","True Grit+1","Iron Wave","Berserk","hubris:ReadiedAction","Dropkick","Armaments+1","Mayhem","Dramatic Entrance","Offering+1","Intimidate+1","Infernal Blade+1","Fire Breathing+1","Cleave+1","Carnage","Sword Boomerang+1","Rage+1","Sword Boomerang","Metallicize"],"relics":["Burning Blood","infinitespire:Beetle Shell","Pen Nib","SsserpentHead","Oddly Smooth Stone","hubris:Towel","Happy Flower","Strange Spoon","Astrolabe","Potion Belt","hubris:MysteriousPyramids","MutagenicStrength","Toolbox"],"potions_floor_usage":[19,22,23,30,30],"damage_taken":[{"damage":12,"enemies":"Small Slimes","floor":1,"turns":5},{"damage":11,"enemies":"Jaw Worm","floor":4,"turns":3},{"damage":1,"enemies":"Cultist","floor":5,"turns":3},{"damage":21,"enemies":"3 Louse","floor":8,"turns":4},{"damage":5,"enemies":"Exordium Thugs","floor":9,"turns":9},{"damage":19,"enemies":"Exordium Thugs","floor":11,"turns":5},{"damage":0,"enemies":"Large Slime","floor":12,"turns":4},{"damage":0,"enemies":"Lots of Slimes","floor":13,"turns":5},{"damage":27,"enemies":"Hexaghost","floor":16,"turns":7},{"damage":19,"enemies":"3 Byrds","floor":18,"turns":4},{"damage":15,"enemies":"2 Thieves","floor":19,"turns":3},{"damage":14,"enemies":"Chosen and Byrds","floor":21,"turns":5},{"damage":10,"enemies":"Snecko","floor":22,"turns":5},{"damage":30,"enemies":"Gremlin Leader","floor":23,"turns":4},{"damage":18,"enemies":"Centurion and Healer","floor":25,"turns":4},{"damage":21,"enemies":"Snake Plant","floor":30,"turns":2},{"damage":72,"enemies":"Automaton","floor":33,"turns":6}],"seed_played":"4078486160404736165","potions_obtained":[{"floor":1,"key":"Block Potion"},{"floor":11,"key":"Fire Potion"},{"floor":13,"key":"SkillPotion"},{"floor":23,"key":"BloodPotion"},{"floor":25,"key":"BloodPotion"}],"is_trial":false,"path_per_floor":["M","?","?","M","M","R","?","M","MIM","?","M","M","M","$","R","B",null,"M","M","?","M","M","E","R","M","T","R","?","?","M","$","R","B"],"character_chosen":"IRONCLAD","items_purchased":["Strange Spoon","Mayhem","Dramatic Entrance","Metallicize","Toolbox"],"campfire_rested":2,"item_purchase_floors":[14,14,14,31,31],"current_hp_per_floor":[74,67,67,62,67,67,67,52,53,53,40,46,52,52,52,31,80,67,58,58,50,46,22,46,34,34,34,34,34,35,35,59,0],"gold":160,"neow_bonus":"RANDOM_COMMON_RELIC","is_prod":false,"is_daily":false,"chose_seed":false,"campfire_upgraded":3,"win_rate":0,"timestamp":1551672441,"path_taken":["M","?","?","?","M","R","?","M","MIM","?","M","M","?","?","R","BOSS","M","M","?","M","M","E","R","M","T","R","?","?","M","$","R","BOSS"],"build_version":"2019-01-23","purchased_purges":0,"victory":false,"max_hp_per_floor":[80,80,80,80,80,80,80,80,80,80,80,80,80,80,80,80,80,80,80,80,80,80,80,80,80,80,80,80,80,80,80,80,80],"card_choices":[{"not_picked":["Bloodletting","Evolve"],"picked":"Headbutt","floor":1},{"not_picked":["Flex","Havoc"],"picked":"True Grit","floor":4},{"not_picked":["Heavy Blade","Whirlwind","Perfected Strike"],"picked":"SKIP","floor":5},{"not_picked":["Warcry","Perfected Strike"],"picked":"Iron Wave","floor":8},{"not_picked":["Armaments","Shrug It Off"],"picked":"Berserk","floor":9},{"not_picked":["Pommel Strike","Bloodletting"],"picked":"hubris:ReadiedAction","floor":11},{"not_picked":["Hemokinesis","True Grit"],"picked":"Dropkick","floor":12},{"not_picked":["Blood for Blood","Entrench"],"picked":"Armaments","floor":13},{"not_picked":["Dark Embrace","Bludgeon"],"picked":"Offering","floor":16},{"not_picked":["Iron Wave","Body Slam+1"],"picked":"Cleave+1","floor":18},{"not_picked":["Perfected Strike","Intimidate"],"picked":"Carnage","floor":19},{"not_picked":["True Grit","Twin Strike+1","Ghostly Armor+1"],"picked":"SKIP","floor":21},{"not_picked":["hubris:ReadiedAction","Corruption"],"picked":"Sword Boomerang+1","floor":22},{"not_picked":["Perfected Strike+1","Berserk","Heavy Blade"],"picked":"SKIP","floor":23},{"not_picked":["Bloodletting+1","Thunderclap"],"picked":"Rage+1","floor":25},{"not_picked":["Searing Blow+1","Metallicize"],"picked":"Sword Boomerang","floor":30}],"player_experience":888047,"relics_obtained":[{"floor":9,"key":"Oddly Smooth Stone"},{"floor":23,"key":"hubris:MysteriousPyramids"}],"event_choices":[{"damage_healed":0,"gold_gain":0,"player_choice":"Success","damage_taken":7,"relics_obtained":["Pen Nib"],"max_hp_gain":0,"max_hp_loss":0,"event_name":"Scrap Ooze","floor":2,"gold_loss":0},{"damage_healed":0,"gold_gain":0,"player_choice":"Trade","damage_taken":0,"relics_obtained":["SsserpentHead"],"max_hp_gain":0,"max_hp_loss":0,"event_name":"FaceTrader","floor":3,"gold_loss":0},{"damage_healed":0,"gold_gain":0,"player_choice":"Upgraded","damage_taken":0,"max_hp_gain":0,"max_hp_loss":0,"event_name":"Upgrade Shrine","floor":7,"gold_loss":0,"cards_upgraded":["Bash"]},{"damage_healed":0,"gold_gain":0,"player_choice":"Obtained Relic","damage_taken":0,"relics_obtained":["Potion Belt"],"max_hp_gain":0,"max_hp_loss":0,"event_name":"Addict","floor":20,"gold_loss":85},{"cards_removed":["Strike_R"],"damage_healed":0,"gold_gain":0,"player_choice":"Gave Gold","damage_taken":0,"max_hp_gain":0,"max_hp_loss":0,"event_name":"Beggar","floor":28,"gold_loss":75},{"damage_healed":0,"gold_gain":0,"player_choice":"Inject Mutagens","damage_taken":0,"relics_obtained":["MutagenicStrength"],"max_hp_gain":0,"max_hp_loss":0,"event_name":"Drug Dealer","floor":29,"gold_loss":0}],"is_beta":false,"boss_relics":[{"not_picked":["hubris:GrandSneckoEye","hubris:CrackedHourglass"],"picked":"Astrolabe"}],"items_purged_floors":[],"is_endless":false,"potions_floor_spawned":[1,11,13,16,23,25],"killed_by":"Automaton","ascension_level":0}