{"gold_per_floor":[119,119,44,119,119,119,138,177,177,49,72,72,72,87,87,186,186,211,261,285,54,72,72,103,103,103,25,0,0,0,18,18,18],"floor_reached":33,"playtime":1060,"items_purged":["Strike_B"],"score":501,"play_id":"bbdc9397-df08-4369-a378-3c00a4df1ca6","local_time":"20190429200757","is_ascension_mode":true,"campfire_choices":[{"data":"Gash","floor":6,"key":"SMITH"},{"data":"Gash","floor":12,"key":"SMITH"},{"floor":15,"key":"REST"},{"data":"Hologram","floor":23,"key":"SMITH"},{"floor":25,"key":"REST"},{"floor":32,"key":"REST"}],"neow_cost":"NONE","seed_source_timestamp":1563986698079303,"circlet_count":0,"master_deck":["AscendersBane","Strike_B","Strike_B","Defend_B+1","Defend_B","Defend_B","Defend_B","Zap","Dualcast","Gash+1","Sweeping Beam+1","Conserve Battery","Gash+1","Rebound","Coolheaded","Go for the Eyes","FTL","Hologram+1","Beam Cell","Defragment","Coolheaded"],"relics":["FrozenCore","NeowsBlessing","Golden Idol","Ice Cream","Gremlin Horn","Strawberry","Bottled Flame","Symbiotic Virus"],"potions_floor_usage":[24,33,33],"damage_taken":[{"damage":0,"enemies":"2 Louse","floor":1,"turns":1},{"damage":0,"enemies":"Small Slimes","floor":7,"turns":1},{"damage":0,"enemies":"3 Sentries","floor":8,"turns":1},{"damage":0,"enemies":"Jaw Worm","floor":11,"turns":3},{"damage":2,"enemies":"3 Louse","floor":14,"turns":2},{"damage":29,"enemies":"Slime Boss","floor":16,"turns":11},{"damage":7,"enemies":"Shell Parasite","floor":18,"turns":6},{"damage":0,"enemies":"3 Byrds","floor":20,"turns":4},{"damage":14,"enemies":"Shelled Parasite and Fungi","floor":22,"turns":6},{"damage":38,"enemies":"Slavers","floor":24,"turns":7},{"damage":18,"enemies":"Snake Plant","floor":31,"turns":4},{"damage":43,"enemies":"Automaton","floor":33,"turns":6}],"seed_played":"3929752575155021741","potions_obtained":[{"floor":11,"key":"FocusPotion"},{"floor":16,"key":"EssenceOfSteel"},{"floor":29,"key":"Regen Potion"},{"floor":29,"key":"Explosive Potion"}],"is_trial":false,"path_per_floor":["M","?","?","?","?","R","M","E","T","$","M","R","?","M","R","B",null,"M","?","M","$","M","R","E","R","T","$","?","?","$","M","R","B"],"character_chosen":"DEFECT","items_purchased":["Gash","FTL","Strawberry","Defragment"],"campfire_rested":3,"item_purchase_floors":[10,21,21,27],"current_hp_per_floor":[64,64,64,53,53,53,53,53,53,53,53,53,34,32,51,22,54,47,47,47,54,40,40,2,23,23,23,23,23,23,5,26,0],"gold":18,"neow_bonus":"THREE_ENEMY_KILL","is_prod":false,"is_daily":false,"chose_seed":false,"campfire_upgraded":3,"win_rate":0,"timestamp":1556579277,"path_taken":["M","?","?","?","?","R","M","E","T","$","M","R","?","M","R","BOSS","M","?","M","$","M","R","E","R","T","$","?","?","$","?","R","BOSS"],"build_version":"2019-01-23","purchased_purges":1,"victory":false,"max_hp_per_floor":[71,64,64,64,64,64,64,64,64,64,64,64,64,64,64,64,64,64,64,64,71,71,71,71,71,71,71,71,71,71,71,71,71],"card_choices":[{"not_picked":["Compile Driver","Sweeping Beam"],"picked":"Gash","floor":1},{"not_picked":["Doom and Gloom","Melter"],"picked":"Sweeping Beam","floor":7},{"not_picked":["Stack","Compile Driver"],"picked":"Conserve Battery","floor":8},{"not_picked":["Turbo","Capacitor"],"picked":"Rebound","floor":11},{"not_picked":["Beam Cell","Sweeping Beam","Amplify"],"picked":"SKIP","floor":14},{"not_picked":["Ball Lightning","Steam"],"picked":"Coolheaded","floor":18},{"not_picked":["Reinforced Body","Streamline+1"],"picked":"Go for the Eyes","floor":20},{"not_picked":["Heatsinks","Conserve Battery"],"picked":"Hologram","floor":22},{"not_picked":["Compile Driver","Sunder"],"picked":"Beam Cell","floor":24},{"not_picked":["Turbo","Stack"],"picked":"Coolheaded","floor":31}],"player_experience":1262221,"relics_obtained":[{"floor":8,"key":"Ice Cream"},{"floor":9,"key":"Gremlin Horn"},{"floor":24,"key":"Bottled Flame"},{"floor":26,"key":"Symbiotic Virus"}],"event_choices":[{"damage_healed":0,"gold_gain":0,"player_choice":"Lose Max HP","damage_taken":0,"relics_obtained":["Golden Idol"],"max_hp_gain":0,"max_hp_loss":7,"event_name":"Golden Idol","floor":2,"gold_loss":0},{"cards_removed":["Strike_B"],"damage_healed":0,"gold_gain":0,"player_choice":"Card Removal","damage_taken":0,"max_hp_gain":0,"max_hp_loss":0,"event_name":"The Cleric","floor":3,"gold_loss":75},{"damage_healed":0,"gold_gain":75,"player_choice":"Gather Gold","damage_taken":11,"max_hp_gain":0,"max_hp_loss":0,"event_name":"World of Goop","floor":4,"gold_loss":0},{"damage_healed":0,"gold_gain":0,"player_choice":"Ignored","damage_taken":0,"max_hp_gain":0,"max_hp_loss":0,"event_name":"Liars Game","floor":5,"gold_loss":0},{"damage_healed":0,"gold_gain":0,"player_choice":"Entered Light","damage_taken":19,"max_hp_gain":0,"max_hp_loss":0,"event_name":"Shining Light","floor":13,"gold_loss":0,"cards_upgraded":["Sweeping Beam","Defend_B"]},{"damage_healed":0,"gold_gain":50,"player_choice":"Stole From Cult","damage_taken":0,"max_hp_gain":0,"max_hp_loss":0,"event_name":"Nest","floor":19,"gold_loss":0},{"damage_healed":0,"gold_gain":0,"player_choice":"Paid Fearfully","damage_taken":0,"max_hp_gain":0,"max_hp_loss":0,"event_name":"Masked Bandits","floor":28,"gold_loss":25},{"damage_healed":0,"gold_gain":0,"player_choice":"Got Potions","damage_taken":0,"max_hp_gain":0,"max_hp_loss":0,"event_name":"Lab","floor":29,"gold_loss":0}],"is_beta":false,"boss_relics":[{"not_picked":["Pandora\u0027s Box","Eternal Feather"],"picked":"FrozenCore"}],"items_purged_floors":[10],"is_endless":false,"potions_floor_spawned":[11,16,18,31],"killed_by":"Automaton","ascension_level":15}