{"gold_per_floor":[117,292,310,310,52,78,78,89,89,109,141,141,157,186,186,289,289,305,318,318,18,29,54,54,54,54,71,97,122,133,158,158,254,254,271,30,30,44,44,72,90,115,115,127,164,191,203,215,227,239,251,263,31,64,64],"floor_reached":56,"playtime":2748,"items_purged":["Defend_R"],"score":1595,"play_id":"691dcc50-fd45-4d9f-aa69-568d907077de","local_time":"20190319065346","is_ascension_mode":true,"campfire_choices":[{"data":"Perfected Strike","floor":7,"key":"SMITH"},{"data":"Perfected Strike","floor":15,"key":"SMITH"},{"data":"Shockwave","floor":25,"key":"SMITH"},{"data":"Perfected Strike","floor":32,"key":"SMITH"},{"floor":47,"key":"RECALL"},{"data":"Apotheosis","floor":49,"key":"SMITH"},{"data":"Perfected Strike","floor":52,"key":"SMITH"}],"neow_cost":"NONE","seed_source_timestamp":646229408152245,"circlet_count":0,"master_deck":["Strike_R","Strike_R+1","Strike_R","Strike_R","Strike_R","Defend_R","Defend_R","Defend_R","Bash","Perfected Strike+1","Flame Barrier","Perfected Strike+1","Offering","Combust","Shrug It Off","Pommel Strike","Twin Strike","Twin Strike","Double Tap","Headbutt","Bloodletting+1","Intimidate","Uppercut+1","Shockwave+1","Flame Barrier","Rage","Seeing Red","Power Through","Perfected Strike+1","Immolate","Power Through","Power Through","Apotheosis+1","Dark Shackles","Violence","Wild Strike","Shrug It Off","Twin Strike+1","Perfected Strike+1","Evolve"],"relics":["Burning Blood","NeowsBlessing","Spirit Poop","Pocketwatch","Nunchaku","Bag of Marbles","Lantern","White Beast Statue","Whetstone","Sundial","Red Skull","Singing Bowl","Mummified Hand","Matryoshka","Mark of Pain","Lee\u0027s Waffle","Bottled Flame","Question Card","MawBank","Gremlin Horn","Kunai","Mango"],"potions_floor_usage":[11,23,23,28,30,33,33,35,42,42,50,50,54,55,55],"damage_taken":[{"damage":0,"enemies":"Jaw Worm","floor":1,"turns":1},{"damage":0,"enemies":"2 Louse","floor":3,"turns":1},{"damage":0,"enemies":"Lagavulin","floor":6,"turns":1},{"damage":6,"enemies":"Cultist","floor":8,"turns":1},{"damage":6,"enemies":"Blue Slaver","floor":10,"turns":2},{"damage":0,"enemies":"3 Sentries","floor":11,"turns":5},{"damage":5,"enemies":"Red Slaver","floor":13,"turns":2},{"damage":16,"enemies":"Lagavulin","floor":14,"turns":3},{"damage":12,"enemies":"The Guardian","floor":16,"turns":7},{"damage":2,"enemies":"3 Byrds","floor":18,"turns":2},{"damage":0,"enemies":"Chosen","floor":19,"turns":3},{"damage":2,"enemies":"Sentry and Sphere","floor":22,"turns":3},{"damage":24,"enemies":"Gremlin Leader","floor":23,"turns":3},{"damage":6,"enemies":"Snake Plant","floor":27,"turns":2},{"damage":14,"enemies":"Book of Stabbing","floor":28,"turns":3},{"damage":1,"enemies":"Shelled Parasite and Fungi","floor":30,"turns":2},{"damage":3,"enemies":"Gremlin Leader","floor":31,"turns":2},{"damage":42,"enemies":"Champ","floor":33,"turns":6},{"damage":13,"enemies":"3 Darklings","floor":35,"turns":3},{"damage":6,"enemies":"3 Shapes","floor":38,"turns":4},{"damage":0,"enemies":"Nemesis","floor":40,"turns":3},{"damage":7,"enemies":"Writhing Mass","floor":41,"turns":4},{"damage":37,"enemies":"Reptomancer","floor":42,"turns":3},{"damage":3,"enemies":"Giant Head","floor":45,"turns":6},{"damage":0,"enemies":"3 Darklings","floor":46,"turns":1},{"damage":51,"enemies":"Awakened One","floor":50,"turns":10},{"damage":13,"enemies":"Shield and Spear","floor":54,"turns":4},{"damage":98,"enemies":"The Heart","floor":55,"turns":8}],"seed_played":"-7980381478387297999","potions_obtained":[{"floor":6,"key":"SteroidPotion"},{"floor":13,"key":"Regen Potion"},{"floor":18,"key":"AttackPotion"},{"floor":19,"key":"Explosive Potion"},{"floor":23,"key":"FearPotion"},{"floor":27,"key":"SteroidPotion"},{"floor":28,"key":"AttackPotion"},{"floor":30,"key":"Energy Potion"},{"floor":33,"key":"FearPotion"},{"floor":35,"key":"Strength Potion"},{"floor":38,"key":"BloodPotion"},{"floor":41,"key":"Energy Potion"},{"floor":42,"key":"SkillPotion"},{"floor":45,"key":"AttackPotion"},{"floor":46,"key":"Weak Potion"},{"floor":54,"key":"FairyPotion"}],"is_trial":false,"path_per_floor":["M","?","M","?","$","E","R","M","T","M","E","$","M","E","R","B",null,"M","M","?","$","M","E","?","R","T","M","E","T","M","E","R","B",null,"M","$","?","M","?","E","M","E","T","?","E","M","R","?","R","B",null,"R","$","E","B",null],"character_chosen":"IRONCLAD","items_purchased":["Perfected Strike","Offering","Combust","Intimidate","Uppercut","Whetstone","Lee\u0027s Waffle","PowerPotion","Evolve","Energy Potion","Block Potion"],"campfire_rested":0,"item_purchase_floors":[5,5,5,21,21,21,36,36,53,53,53],"current_hp_per_floor":[80,80,80,80,80,80,80,80,80,80,80,80,80,70,70,64,80,80,80,80,80,80,62,62,62,62,62,54,54,59,62,62,41,80,73,87,83,83,73,79,78,55,55,55,58,64,64,64,64,19,83,83,83,92,9],"gold":64,"neow_bonus":"THREE_ENEMY_KILL","is_prod":false,"is_daily":false,"chose_seed":false,"campfire_upgraded":6,"win_rate":0,"timestamp":1552992826,"path_taken":["M","?","M","?","$","E","R","M","T","M","E","$","M","E","R","BOSS","M","?","?","$","?","E","?","R","T","M","E","?","M","E","R","BOSS","M","$","?","M","?","E","M","E","T","?","E","?","R","?","R","BOSS","R","$","E","BOSS"],"build_version":"2019-03-15","purchased_purges":1,"victory":true,"max_hp_per_floor":[80,80,80,80,80,80,80,80,80,80,80,80,80,80,80,80,80,80,80,80,80,80,80,80,80,80,80,80,80,80,80,80,80,80,80,87,83,83,83,83,83,83,83,83,83,83,83,83,83,83,83,83,83,99,99],"card_choices":[{"not_picked":["Twin Strike","Clash"],"picked":"Perfected Strike","floor":1},{"not_picked":["Heavy Blade","Warcry"],"picked":"Flame Barrier","floor":3},{"not_picked":["Warcry","Hemokinesis"],"picked":"Shrug It Off","floor":6},{"not_picked":["Cleave","Flame Barrier"],"picked":"Pommel Strike","floor":8},{"not_picked":["Sentinel","Clash","Cleave"],"picked":"SKIP","floor":10},{"not_picked":["Havoc","True Grit"],"picked":"Twin Strike","floor":11},{"not_picked":["Sentinel","Spot Weakness","Infernal Blade"],"picked":"SKIP","floor":13},{"not_picked":["Reckless Charge","Armaments"],"picked":"Twin Strike","floor":14},{"not_picked":["Offering","Dark Embrace"],"picked":"Double Tap","floor":16},{"not_picked":["Second Wind","Sword Boomerang+1"],"picked":"Headbutt","floor":18},{"not_picked":["Clash","Combust"],"picked":"Bloodletting","floor":19},{"not_picked":["Pummel","Thunderclap"],"picked":"Shockwave","floor":22},{"not_picked":["Reckless Charge","Limit Break"],"picked":"Flame Barrier","floor":23},{"not_picked":["Reckless Charge+1","Infernal Blade"],"picked":"Rage","floor":27},{"not_picked":["Clothesline","Sword Boomerang"],"picked":"Seeing Red","floor":28},{"not_picked":["Havoc","Demon Form"],"picked":"Power Through","floor":30},{"not_picked":["Clash","Sword Boomerang"],"picked":"Perfected Strike","floor":31},{"not_picked":["Brutality","Reaper"],"picked":"Immolate","floor":33},{"not_picked":["Second Wind","Body Slam"],"picked":"Power Through","floor":35},{"not_picked":["Dual Wield","Body Slam+1"],"picked":"Power Through","floor":38},{"not_picked":["Panacea","Sadistic Nature"],"picked":"Apotheosis","floor":39},{"not_picked":["Sadistic Nature","Forethought"],"picked":"Dark Shackles","floor":39},{"not_picked":["Panacea","Good Instincts"],"picked":"Violence","floor":39},{"not_picked":["Flex","Havoc"],"picked":"Wild Strike","floor":40},{"not_picked":["Warcry+1","Iron Wave"],"picked":"Shrug It Off","floor":41},{"not_picked":["Blood for Blood+1","Whirlwind"],"picked":"Feel No Pain+1","floor":42},{"not_picked":["True Grit+1","Infernal Blade+1","Pommel Strike"],"picked":"Twin Strike+1","floor":45},{"not_picked":["Searing Blow+1","Twin Strike","Rage"],"picked":"Perfected Strike","floor":46},{"not_picked":["Clash+1","True Grit+1","Thunderclap","Sever Soul"],"picked":"Singing Bowl","floor":54}],"player_experience":4945799,"relics_obtained":[{"floor":6,"key":"Pocketwatch"},{"floor":9,"key":"Nunchaku"},{"floor":11,"key":"Bag of Marbles"},{"floor":14,"key":"Lantern"},{"floor":23,"key":"Sundial"},{"floor":26,"key":"Singing Bowl"},{"floor":28,"key":"Mummified Hand"},{"floor":31,"key":"Matryoshka"},{"floor":40,"key":"Bottled Flame"},{"floor":42,"key":"Question Card"},{"floor":43,"key":"MawBank"},{"floor":43,"key":"Gremlin Horn"},{"floor":45,"key":"Kunai"},{"floor":54,"key":"Mango"}],"event_choices":[{"damage_healed":0,"gold_gain":175,"player_choice":"AGREE","damage_taken":0,"max_hp_gain":0,"max_hp_loss":0,"event_name":"Liars Game","floor":2,"gold_loss":0,"cards_obtained":["Doubt"]},{"cards_removed":["Doubt"],"damage_healed":0,"gold_gain":0,"player_choice":"Offered Curse","damage_taken":0,"relics_obtained":["Spirit Poop"],"max_hp_gain":0,"max_hp_loss":0,"event_name":"Bonfire Elementals","floor":4,"gold_loss":0},{"damage_healed":0,"gold_gain":0,"player_choice":"Upgraded","damage_taken":0,"max_hp_gain":0,"max_hp_loss":0,"event_name":"Upgrade Shrine","floor":20,"gold_loss":0,"cards_upgraded":["Bloodletting"]},{"damage_healed":0,"gold_gain":0,"player_choice":"Opened","damage_taken":0,"relics_obtained":["Red Skull"],"max_hp_gain":0,"max_hp_loss":0,"event_name":"The Mausoleum","floor":24,"gold_loss":0},{"damage_healed":0,"gold_gain":0,"player_choice":"Max HP","damage_taken":0,"max_hp_gain":0,"max_hp_loss":4,"event_name":"Winding Halls","floor":37,"gold_loss":0},{"damage_healed":0,"gold_gain":0,"player_choice":"Memory 3","damage_taken":10,"max_hp_gain":0,"max_hp_loss":0,"event_name":"SensoryStone","floor":39,"gold_loss":0},{"damage_healed":0,"gold_gain":0,"player_choice":"0 cards matched","damage_taken":0,"max_hp_gain":0,"max_hp_loss":0,"event_name":"Match and Keep!","floor":44,"gold_loss":0,"cards_obtained":[]},{"cards_removed":["Feel No Pain"],"damage_healed":0,"gold_gain":0,"player_choice":"Removed Power","damage_taken":0,"max_hp_gain":0,"max_hp_loss":0,"event_name":"Falling","floor":48,"gold_loss":0}],"is_beta":true,"boss_relics":[{"not_picked":["Runic Cube","Velvet Choker"],"picked":"White Beast Statue"},{"not_picked":["Astrolabe","Sozu"],"picked":"Mark of Pain"}],"items_purged_floors":[53],"is_endless":false,"potions_floor_spawned":[6,13,18,19,22,23,27,28,30,31,33,35,38,40,41,42,45,46,54],"ascension_level":1}