{"gold_per_floor":[19,19,39,49,49,49,82,92,92,119,132,132,97,116,116,116],"floor_reached":16,"playtime":474,"items_purged":[],"score":190,"play_id":"9b1b07a0-1a9a-4d87-bb74-564b5748de06","local_time":"20190420211211","is_ascension_mode":true,"campfire_choices":[{"data":"Hologram","floor":6,"key":"SMITH"},{"floor":12,"key":"REST"},{"data":"FTL","floor":15,"key":"SMITH"}],"neow_cost":"NO_GOLD","seed_source_timestamp":804203399181374,"circlet_count":0,"master_deck":["AscendersBane","Strike_B","Strike_B","Strike_B","Strike_B","Defend_B","Defend_B","Defend_B","Defend_B","Zap+1","Dualcast","Hologram+1","Conserve Battery","FTL+1","Self Repair","Leap","Cold Snap","Blizzard","Sweeping Beam"],"relics":["Cracked Core","Calipers","Gremlin Horn","Bottled Flame"],"potions_floor_usage":[7,10,16],"damage_taken":[{"damage":10,"enemies":"Small Slimes","floor":1,"turns":2},{"damage":0,"enemies":"2 Louse","floor":3,"turns":3},{"damage":2,"enemies":"Jaw Worm","floor":4,"turns":3},{"damage":14,"enemies":"Lagavulin","floor":7,"turns":8},{"damage":1,"enemies":"Blue Slaver","floor":8,"turns":4},{"damage":40,"enemies":"Gremlin Nob","floor":10,"turns":4},{"damage":0,"enemies":"Large Slime","floor":11,"turns":4},{"damage":4,"enemies":"Looter","floor":14,"turns":4},{"damage":76,"enemies":"Hexaghost","floor":16,"turns":15}],"seed_played":"-8825270199966425108","potions_obtained":[{"floor":1,"key":"SkillPotion"},{"floor":8,"key":"AttackPotion"},{"floor":10,"key":"Block Potion"},{"floor":11,"key":"Ancient Potion"}],"is_trial":false,"path_per_floor":["M","?","M","M","?","R","E","M","T","E","M","R","?","M","R","B"],"character_chosen":"DEFECT","items_purchased":[],"campfire_rested":1,"item_purchase_floors":[],"current_hp_per_floor":[54,59,59,57,57,57,43,49,49,16,23,45,64,67,67,0],"gold":116,"neow_bonus":"ONE_RARE_RELIC","is_prod":false,"is_daily":false,"chose_seed":false,"campfire_upgraded":2,"win_rate":0,"timestamp":1555805531,"path_taken":["M","?","M","M","?","R","E","M","T","E","?","R","?","M","R","BOSS"],"build_version":"2019-01-23","purchased_purges":0,"victory":false,"max_hp_per_floor":[71,76,76,76,76,76,76,76,76,76,76,76,76,76,76,76],"card_choices":[{"not_picked":["Static Discharge","Go for the Eyes"],"picked":"Hologram","floor":1},{"not_picked":["Barrage","Steam Power"],"picked":"Conserve Battery","floor":3},{"not_picked":["Steam","Tempest"],"picked":"FTL","floor":4},{"not_picked":["Turbo","Creative AI"],"picked":"Self Repair","floor":7},{"not_picked":["Heatsinks","Stack"],"picked":"Leap","floor":8},{"not_picked":["Compile Driver","Barrage"],"picked":"Cold Snap","floor":10},{"not_picked":["Self Repair","Ball Lightning"],"picked":"Blizzard","floor":11},{"not_picked":["Darkness","Steam"],"picked":"Sweeping Beam","floor":14}],"player_experience":1170836,"relics_obtained":[{"floor":7,"key":"Gremlin Horn"},{"floor":10,"key":"Bottled Flame"}],"event_choices":[{"damage_healed":0,"gold_gain":0,"player_choice":"Donut","damage_taken":0,"max_hp_gain":5,"max_hp_loss":0,"event_name":"Big Fish","floor":2,"gold_loss":0},{"damage_healed":0,"gold_gain":0,"player_choice":"Grow","damage_taken":0,"max_hp_gain":0,"max_hp_loss":0,"event_name":"Living Wall","floor":5,"gold_loss":0,"cards_upgraded":["Zap"]},{"damage_healed":19,"gold_gain":0,"player_choice":"Healed","damage_taken":0,"max_hp_gain":0,"max_hp_loss":0,"event_name":"The Cleric","floor":13,"gold_loss":35}],"is_beta":false,"boss_relics":[],"items_purged_floors":[],"is_endless":false,"potions_floor_spawned":[1,8,10,11],"killed_by":"Hexaghost","ascension_level":14}