{"gold_per_floor":[18,93,18,36,54,54,389,227,227,227,227,259,259,273,273,350,350,361,361,276,253,253,278,278,312,365,365,399,399],"floor_reached":29,"playtime":1920,"items_purged":["Strike_R"],"score":649,"play_id":"d1b38187-260b-41e8-af82-4319b57eb469","local_time":"20181126085447","is_ascension_mode":true,"campfire_choices":[{"data":"Combust","floor":6,"key":"SMITH"},{"data":"Bash","floor":10,"key":"SMITH"},{"data":"Perfected Strike","floor":13,"key":"SMITH"},{"data":"Metallicize","floor":15,"key":"SMITH"},{"floor":24,"key":"REST"},{"floor":27,"key":"REST"}],"neow_cost":"NO_GOLD","seed_source_timestamp":37574318868443,"circlet_count":0,"master_deck":["AscendersBane","Strike_R","Strike_R","Strike_R","Defend_R","Defend_R+1","Defend_R","Defend_R","Bash+1","Twin Strike","Perfected Strike+1","Combust+1","Ghostly Armor","Metallicize+1","Whirlwind+1","Pommel Strike+1","Limit Break+1","Rupture","Anger+1","Inflame"],"relics":["Burning Blood","Old Coin","Torii","Molten Egg 2","Pear","Runic Dome","Shuriken","War Paint","Juzu Bracelet","Anchor","Mercury Hourglass"],"potions_floor_usage":[12,16,19,25,25,25,28],"damage_taken":[{"damage":21,"enemies":"Small Slimes","floor":1,"turns":6},{"damage":0,"enemies":"2 Louse","floor":4,"turns":4},{"damage":0,"enemies":"Cultist","floor":5,"turns":2},{"damage":29,"enemies":"Lagavulin","floor":7,"turns":7},{"damage":22,"enemies":"3 Sentries","floor":12,"turns":6},{"damage":9,"enemies":"3 Louse","floor":14,"turns":3},{"damage":34,"enemies":"The Guardian","floor":16,"turns":13},{"damage":14,"enemies":"Spheric Guardian","floor":18,"turns":4},{"damage":0,"enemies":"Colosseum Slavers","floor":19,"turns":1},{"damage":13,"enemies":"2 Thieves","floor":21,"turns":4},{"damage":2,"enemies":"Gremlin Leader","floor":23,"turns":5},{"damage":63,"enemies":"Book of Stabbing","floor":25,"turns":5},{"damage":33,"enemies":"Slavers","floor":28,"turns":5},{"damage":28,"enemies":"Shelled Parasite and Fungi","floor":29,"turns":3}],"seed_played":"-5502774668941463177","potions_obtained":[{"floor":7,"key":"Energy Potion"},{"floor":12,"key":"Dexterity Potion"},{"floor":16,"key":"SmokeBomb"},{"floor":18,"key":"Poison Potion"},{"floor":23,"key":"EntropicBrew"}],"is_trial":false,"path_per_floor":["M","?","?","M","M","R","E","$","T","R","?","E","R","M","R","B",null,"M","?","?","M","?","E","R","E","T","R","E","M"],"character_chosen":"IRONCLAD","items_purchased":["Metallicize"],"campfire_rested":2,"item_purchase_floors":[8],"current_hp_per_floor":[67,56,56,62,68,68,45,45,45,45,45,39,39,36,36,8,76,68,74,74,67,37,41,72,15,15,46,19,0],"gold":399,"neow_bonus":"TWENTY_PERCENT_HP_BONUS","is_prod":false,"is_daily":false,"chose_seed":false,"campfire_upgraded":4,"win_rate":0,"timestamp":1543240487,"path_taken":["M","?","?","M","M","R","E","$","T","R","?","E","R","M","R","BOSS","M","?","?","M","?","E","R","E","T","R","E","M"],"build_version":"2018-11-15","purchased_purges":1,"victory":false,"max_hp_per_floor":[89,89,89,89,89,89,89,89,89,89,89,99,99,99,99,99,99,99,99,99,99,104,104,104,104,104,104,104,104],"card_choices":[{"not_picked":["Perfected Strike","Cleave"],"picked":"Twin Strike","floor":1},{"not_picked":["Evolve","Dual Wield"],"picked":"Perfected Strike","floor":4},{"not_picked":["Twin Strike","Warcry"],"picked":"Combust","floor":5},{"not_picked":["Rampage","Brutality"],"picked":"Ghostly Armor","floor":7},{"not_picked":["Reaper+1","Iron Wave+1"],"picked":"Whirlwind+1","floor":12},{"not_picked":["Second Wind","Havoc"],"picked":"Pommel Strike+1","floor":14},{"not_picked":["Bludgeon+1","Fiend Fire+1"],"picked":"Limit Break","floor":16},{"not_picked":["Headbutt+1","Heavy Blade+1"],"picked":"Rupture","floor":18},{"not_picked":["Carnage+1","Perfected Strike+1"],"picked":"Anger+1","floor":21},{"not_picked":["Perfected Strike+1","Flex","Anger+1"],"picked":"SKIP","floor":23},{"not_picked":["Body Slam+1","Headbutt+1"],"picked":"Inflame","floor":25},{"not_picked":["Headbutt+1","Immolate+1","Cleave+1"],"picked":"SKIP","floor":28}],"player_experience":1025610,"relics_obtained":[{"floor":7,"key":"Old Coin"},{"floor":9,"key":"Torii"},{"floor":11,"key":"Molten Egg 2"},{"floor":12,"key":"Pear"},{"floor":23,"key":"War Paint"},{"floor":25,"key":"Juzu Bracelet"},{"floor":26,"key":"Anchor"},{"floor":28,"key":"Mercury Hourglass"}],"event_choices":[{"damage_healed":0,"gold_gain":75,"player_choice":"Gather Gold","damage_taken":11,"max_hp_gain":0,"max_hp_loss":0,"event_name":"World of Goop","floor":2,"gold_loss":0},{"cards_removed":["Strike_R"],"damage_healed":0,"gold_gain":0,"player_choice":"Card Removal","damage_taken":0,"max_hp_gain":0,"max_hp_loss":0,"event_name":"The Cleric","floor":3,"gold_loss":75},{"damage_healed":0,"gold_gain":0,"player_choice":"Relic","damage_taken":0,"max_hp_gain":0,"max_hp_loss":0,"event_name":"Wheel of Change","floor":11,"gold_loss":0},{"damage_healed":0,"gold_gain":0,"player_choice":"Fight","damage_taken":0,"max_hp_gain":0,"max_hp_loss":0,"event_name":"Colosseum","floor":19,"gold_loss":0},{"damage_healed":0,"gold_gain":0,"player_choice":"Fled From Nobs","damage_taken":0,"max_hp_gain":0,"max_hp_loss":0,"event_name":"Colosseum","floor":19,"gold_loss":0},{"damage_healed":0,"gold_gain":0,"player_choice":"Obtained Relic","damage_taken":0,"relics_obtained":["Shuriken"],"max_hp_gain":0,"max_hp_loss":0,"event_name":"Addict","floor":20,"gold_loss":85},{"damage_healed":0,"gold_gain":0,"player_choice":"Shed Blood","damage_taken":35,"max_hp_gain":5,"max_hp_loss":0,"event_name":"Forgotten Altar","floor":22,"gold_loss":0}],"is_beta":true,"boss_relics":[{"not_picked":["Black Star","Pandora\u0027s Box"],"picked":"Runic Dome"}],"items_purged_floors":[8],"is_endless":false,"potions_floor_spawned":[7,12,16,18,19,23],"killed_by":"Shelled Parasite and Fungi","ascension_level":20}