{"gold_per_floor":[116,130,57,57,57,57,385,385,385,423,423,423],"floor_reached":12,"playtime":178,"items_purged":[],"score":158,"play_id":"e31b8b86-0ef9-47a9-b7a0-85fb2902c75d","local_time":"20190304025150","is_ascension_mode":true,"campfire_choices":[{"data":"Genetic Algorithm","floor":6,"key":"SMITH"},{"floor":11,"key":"REST"}],"neow_cost":"NONE","seed_source_timestamp":1516921821724498,"circlet_count":0,"master_deck":["Strike_B","Strike_B","Strike_B","Strike_B","Defend_B","Defend_B","Defend_B","Defend_B","Zap","Dualcast","Genetic Algorithm+1","Double Energy","Loop","Undo","Injury","Go for the Eyes"],"relics":["Cracked Core","NeowsBlessing","Ornamental Fan","Old Coin","Golden Idol","Matryoshka","Meat on the Bone"],"potions_floor_usage":[12],"damage_taken":[{"damage":0,"enemies":"Small Slimes","floor":1,"turns":1},{"damage":0,"enemies":"2 Louse","floor":2,"turns":2},{"damage":0,"enemies":"Lagavulin","floor":7,"turns":1},{"damage":41,"enemies":"Gremlin Nob","floor":10,"turns":5},{"damage":50,"enemies":"3 Sentries","floor":12,"turns":6}],"seed_played":"-25134948049170490","potions_obtained":[{"floor":1,"key":"Energy Potion"},{"floor":10,"key":"FocusPotion"}],"is_trial":false,"path_per_floor":["M","M","$","?","?","R","E","?","T","E","R","E"],"character_chosen":"DEFECT","items_purchased":["Loop"],"campfire_rested":1,"item_purchase_floors":[3],"current_hp_per_floor":[68,68,68,68,68,68,68,68,68,27,49,0],"gold":423,"neow_bonus":"THREE_ENEMY_KILL","is_prod":false,"is_daily":false,"chose_seed":false,"campfire_upgraded":1,"win_rate":0,"timestamp":1551678710,"path_taken":["M","M","$","?","?","R","E","?","T","E","R","E"],"build_version":"2019-01-23","purchased_purges":0,"victory":false,"max_hp_per_floor":[75,75,75,75,75,75,75,75,75,75,75,75],"card_choices":[{"not_picked":["Tempest","Coolheaded"],"picked":"Genetic Algorithm","floor":1},{"not_picked":["Force Field","Redo"],"picked":"Double Energy","floor":2},{"not_picked":["Rebound","Compile Driver"],"picked":"Undo","floor":7},{"not_picked":["Compile Driver","Steam"],"picked":"Go for the Eyes","floor":10}],"player_experience":889562,"relics_obtained":[{"floor":7,"key":"Old Coin"},{"floor":9,"key":"Matryoshka"},{"floor":10,"key":"Meat on the Bone"}],"event_choices":[{"damage_healed":0,"gold_gain":0,"player_choice":"Box","damage_taken":0,"relics_obtained":["Ornamental Fan"],"max_hp_gain":0,"max_hp_loss":0,"event_name":"Big Fish","floor":4,"gold_loss":0,"cards_obtained":["Regret"]},{"cards_removed":["Regret"],"damage_healed":0,"gold_gain":0,"player_choice":"Forget","damage_taken":0,"max_hp_gain":0,"max_hp_loss":0,"event_name":"Living Wall","floor":5,"gold_loss":0},{"damage_healed":0,"gold_gain":0,"player_choice":"Take Wound","damage_taken":0,"relics_obtained":["Golden Idol"],"max_hp_gain":0,"max_hp_loss":0,"event_name":"Golden Idol","floor":8,"gold_loss":0,"cards_obtained":["Injury"]}],"is_beta":false,"boss_relics":[],"items_purged_floors":[],"is_endless":false,"potions_floor_spawned":[1,10],"killed_by":"3 Sentries","ascension_level":9}