{"gold_per_floor":[214,214,0,11,11,11,45,45,68,68,107,131,149,149,149,275,275,300,750,764,783,72,103,103,103,178,7,7,48,67,67,67,197,197,213,228,503,113,138,169,169,188,268,268,308,308,97,113,113,113,113,113,36,79,79],"floor_reached":56,"playtime":2788,"items_purged":["Strike_B","Strike_B","Regret","Scrape","Bandage Up"],"score":1349,"play_id":"fff3ef74-e0a2-4530-a691-115cb984e6c6","local_time":"20190506170922","is_ascension_mode":false,"campfire_choices":[{"data":"Zap","floor":6,"key":"SMITH"},{"data":"Rip and Tear","floor":8,"key":"SMITH"},{"data":"Doom and Gloom","floor":10,"key":"SMITH"},{"data":"Coolheaded","floor":15,"key":"SMITH"},{"data":"Defragment","floor":24,"key":"SMITH"},{"data":"Loop","floor":32,"key":"SMITH"},{"data":"Heatsinks","floor":41,"key":"SMITH"},{"data":"Creative AI","floor":44,"key":"SMITH"},{"data":"Creative AI","floor":46,"key":"SMITH"},{"floor":49,"key":"RECALL"},{"data":"Go for the Eyes","floor":52,"key":"SMITH"}],"neow_cost":"NONE","seed_source_timestamp":710807660474072,"circlet_count":0,"master_deck":["Defend_B+1","Defend_B","Defend_B","Zap+1","Dualcast","Doom and Gloom+1","Rip and Tear+1","Leap","Coolheaded+1","Beam Cell+1","Double Energy","Creative AI+1","Defragment+1","Go for the Eyes+1","Conserve Battery","Cold Snap","Loop+1","Storm","Creative AI+1","Heatsinks+1","Genetic Algorithm+1","Consume+1","Glacier","Storm","Steam+1"],"relics":["Cracked Core","Matryoshka","Golden Idol","Bird Faced Urn","Darkstone Periapt","Bronze Scales","DataDisk","Centennial Puzzle","Happy Flower","Black Star","Letter Opener","Strawberry","Oddly Smooth Stone","PreservedInsect","The Courier","Runic Capacitor","Meat on the Bone","Cables","Sozu","Vajra","TheAbacus","Smiling Mask","Mango","Regal Pillow","Calipers","ClockworkSouvenir","Boot","Symbiotic Virus"],"potions_floor_usage":[7,11,16,18,20,23,23],"damage_taken":[{"damage":0,"enemies":"2 Louse","floor":1,"turns":1},{"damage":1,"enemies":"Jaw Worm","floor":4,"turns":3},{"damage":11,"enemies":"Lagavulin","floor":7,"turns":6},{"damage":9,"enemies":"3 Sentries","floor":11,"turns":3},{"damage":0,"enemies":"Small Slimes","floor":13,"turns":2},{"damage":0,"enemies":"Slime Boss","floor":16,"turns":4},{"damage":0,"enemies":"Chosen","floor":18,"turns":3},{"damage":10,"enemies":"Spheric Guardian","floor":20,"turns":5},{"damage":5,"enemies":"Cultist and Chosen","floor":21,"turns":6},{"damage":24,"enemies":"Gremlin Leader","floor":23,"turns":7},{"damage":10,"enemies":"Slavers","floor":29,"turns":4},{"damage":28,"enemies":"Snake Plant","floor":30,"turns":4},{"damage":39,"enemies":"Automaton","floor":33,"turns":8},{"damage":13,"enemies":"3 Darklings","floor":35,"turns":4},{"damage":18,"enemies":"Orb Walker","floor":36,"turns":3},{"damage":0,"enemies":"Maw","floor":39,"turns":5},{"damage":10,"enemies":"Reptomancer","floor":40,"turns":4},{"damage":24,"enemies":"Spire Growth","floor":42,"turns":4},{"damage":8,"enemies":"Giant Head","floor":45,"turns":7},{"damage":7,"enemies":"Sphere and 2 Shapes","floor":48,"turns":4},{"damage":20,"enemies":"Awakened One","floor":50,"turns":8},{"damage":16,"enemies":"Shield and Spear","floor":54,"turns":5},{"damage":4,"enemies":"The Heart","floor":55,"turns":6}],"seed_played":"3009702805552773523","potions_obtained":[{"floor":4,"key":"Explosive Potion"},{"floor":13,"key":"GamblersBrew"},{"floor":16,"key":"EssenceOfSteel"},{"floor":18,"key":"Fruit Juice"},{"floor":29,"key":"SpeedPotion"},{"floor":33,"key":"AttackPotion"}],"is_trial":false,"path_per_floor":["M","?","$","M","?","R","E","R","T","R","E","T","M","?","R","B",null,"M","?","M","M","$","E","R","?","T","$","?","E","M","?","R","B",null,"M","M","?","$","M","E","R","M","T","R","E","R","$","M","R","B",null,"R","$","E","B",null],"character_chosen":"DEFECT","items_purchased":["Rip and Tear","Leap","Swift Potion","FocusPotion","Explosive Potion","Letter Opener","Strawberry","Bandage Up","Runic Capacitor","Conserve Battery","Vajra","TheAbacus","ClockworkSouvenir","Storm"],"campfire_rested":0,"item_purchase_floors":[3,3,3,22,22,22,22,22,27,27,38,38,47,53],"current_hp_per_floor":[75,68,68,67,67,67,56,56,56,56,47,47,47,33,33,33,69,74,25,25,24,31,25,25,25,25,25,52,48,46,46,46,39,81,77,67,73,73,87,101,101,81,81,81,101,101,101,101,101,101,101,101,101,97,101],"gold":79,"neow_bonus":"HUNDRED_GOLD","is_prod":false,"is_daily":false,"chose_seed":false,"campfire_upgraded":10,"win_rate":0,"timestamp":1557158962,"path_taken":["M","?","$","M","?","R","E","R","T","R","E","?","M","?","R","BOSS","M","?","?","M","$","E","R","?","T","$","?","E","M","?","R","BOSS","M","M","?","$","?","E","R","M","T","R","E","R","$","M","R","BOSS","R","$","E","BOSS"],"build_version":"2019-04-23","purchased_purges":5,"victory":true,"max_hp_per_floor":[75,75,75,75,69,69,69,69,69,69,69,69,69,69,69,69,69,74,74,74,74,81,81,81,81,81,81,81,81,81,81,81,81,81,81,81,87,87,87,101,101,101,101,101,101,101,101,101,101,101,101,101,101,101,101],"card_choices":[{"not_picked":["Stack","Gash"],"picked":"Doom and Gloom","floor":1},{"not_picked":["Turbo","Compile Driver"],"picked":"Coolheaded","floor":4},{"not_picked":["Conserve Battery","Melter"],"picked":"Beam Cell","floor":7},{"not_picked":["Reboot","Turbo"],"picked":"Double Energy","floor":11},{"not_picked":["Beam Cell","Steam","Aggregate"],"picked":"SKIP","floor":13},{"not_picked":["Meteor Strike","Echo Form"],"picked":"Creative AI","floor":16},{"not_picked":["Ball Lightning","Darkness"],"picked":"Defragment","floor":18},{"not_picked":["Streamline","Turbo","Rebound"],"picked":"SKIP","floor":20},{"not_picked":["Rebound","Fusion"],"picked":"Go for the Eyes","floor":21},{"not_picked":["Sweeping Beam","Hologram","Gash"],"picked":"SKIP","floor":23},{"not_picked":["Static Discharge","Sweeping Beam"],"picked":"Cold Snap","floor":29},{"not_picked":["Cold Snap","Barrage+1"],"picked":"Loop","floor":30},{"not_picked":["Reboot","Fission"],"picked":"Creative AI","floor":33},{"not_picked":["Fusion","Gash","Turbo"],"picked":"SKIP","floor":35},{"not_picked":["Double Energy","Rebound"],"picked":"Heatsinks","floor":36},{"not_picked":["Leap","Steam"],"picked":"Genetic Algorithm+1","floor":39},{"not_picked":["Lockon+1","Darkness","Cold Snap+1"],"picked":"SKIP","floor":40},{"not_picked":["Fission","Beam Cell+1"],"picked":"Consume+1","floor":42},{"not_picked":["Genetic Algorithm","Steam+1","Loop"],"picked":"SKIP","floor":45},{"not_picked":["Redo+1","Darkness+1"],"picked":"Glacier","floor":48},{"not_picked":["Barrage+1","Reboot"],"picked":"Steam+1","floor":54}],"player_experience":1335200,"relics_obtained":[{"floor":7,"key":"Bird Faced Urn"},{"floor":9,"key":"Darkstone Periapt"},{"floor":9,"key":"Bronze Scales"},{"floor":11,"key":"DataDisk"},{"floor":12,"key":"Centennial Puzzle"},{"floor":12,"key":"Happy Flower"},{"floor":23,"key":"Oddly Smooth Stone"},{"floor":23,"key":"PreservedInsect"},{"floor":26,"key":"The Courier"},{"floor":29,"key":"Meat on the Bone"},{"floor":29,"key":"Cables"},{"floor":40,"key":"Smiling Mask"},{"floor":40,"key":"Mango"},{"floor":45,"key":"Regal Pillow"},{"floor":45,"key":"Calipers"},{"floor":54,"key":"Boot"},{"floor":54,"key":"Symbiotic Virus"}],"event_choices":[{"damage_healed":0,"gold_gain":0,"player_choice":"Success","damage_taken":7,"relics_obtained":["Matryoshka"],"max_hp_gain":0,"max_hp_loss":0,"event_name":"Scrap Ooze","floor":2,"gold_loss":0},{"damage_healed":0,"gold_gain":0,"player_choice":"Lose Max HP","damage_taken":0,"relics_obtained":["Golden Idol"],"max_hp_gain":0,"max_hp_loss":6,"event_name":"Golden Idol","floor":5,"gold_loss":0},{"damage_healed":0,"gold_gain":0,"player_choice":"Entered Light","damage_taken":14,"max_hp_gain":0,"max_hp_loss":0,"event_name":"Shining Light","floor":14,"gold_loss":0,"cards_upgraded":["Defend_B","Beam Cell"]},{"damage_healed":0,"gold_gain":450,"player_choice":"POTION GOLD GOLD GOLD GOLD GOLD ","damage_taken":49,"max_hp_gain":0,"max_hp_loss":0,"event_name":"Knowing Skull","floor":19,"potions_obtained":["FairyPotion"],"gold_loss":0,"cards_obtained":[]},{"cards_removed":["Strike_B"],"damage_healed":0,"gold_gain":0,"player_choice":"Elegance","damage_taken":0,"max_hp_gain":0,"max_hp_loss":0,"event_name":"Back to Basics","floor":25,"gold_loss":0},{"damage_healed":27,"gold_gain":0,"player_choice":"Heal","damage_taken":0,"max_hp_gain":0,"max_hp_loss":0,"event_name":"The Library","floor":28,"gold_loss":0},{"damage_healed":0,"gold_gain":0,"cards_transformed":["Strike_B","Defend_B"],"player_choice":"Became Test Subject","damage_taken":0,"max_hp_gain":0,"max_hp_loss":0,"event_name":"Drug Dealer","floor":31,"gold_loss":0,"cards_obtained":["Storm","Scrape"]},{"damage_healed":0,"gold_gain":275,"player_choice":"Desecrate","damage_taken":0,"max_hp_gain":0,"max_hp_loss":0,"event_name":"Golden Shrine","floor":37,"gold_loss":0,"cards_obtained":["Regret"]}],"is_beta":true,"boss_relics":[{"not_picked":["Calling Bell","Runic Dome"],"picked":"Black Star"},{"not_picked":["Tiny House","Lizard Tail"],"picked":"Sozu"}],"items_purged_floors":[3,22,38,47,53],"is_endless":false,"potions_floor_spawned":[4,13,16,18,29,33,35,40,48],"ascension_level":0}