{"gold_per_floor":[118,51,51,64,16,16,16,16,39,39,39,59,98,116,116,116],"floor_reached":16,"playtime":417,"items_purged":[],"score":167,"play_id":"979ee5c0-c1b0-45c3-ade8-954a62217b60","local_time":"20190410231555","is_ascension_mode":true,"campfire_choices":[{"data":"Armaments","floor":7,"key":"SMITH"},{"data":"Feel No Pain","floor":11,"key":"SMITH"},{"floor":15,"key":"REST"}],"neow_cost":"NONE","seed_source_timestamp":818639911877369,"circlet_count":0,"master_deck":["AscendersBane","Strike_R","Strike_R","Strike_R","Strike_R+1","Defend_R","Defend_R","Defend_R","Defend_R","Bash","Pummel+1","Feel No Pain+1","Armaments+1","Twin Strike","Iron Wave","Fiend Fire"],"relics":["Burning Blood","NeowsBlessing","Golden Idol","Oddly Smooth Stone","Art of War","Bag of Marbles"],"potions_floor_usage":[13,16],"damage_taken":[{"damage":0,"enemies":"Jaw Worm","floor":1,"turns":1},{"damage":0,"enemies":"Small Slimes","floor":4,"turns":2},{"damage":0,"enemies":"2 Louse","floor":12,"turns":1},{"damage":34,"enemies":"Lagavulin","floor":13,"turns":6},{"damage":5,"enemies":"Gremlin Gang","floor":14,"turns":4},{"damage":58,"enemies":"Slime Boss","floor":16,"turns":9}],"seed_played":"-1638565270502242989","potions_obtained":[{"floor":1,"key":"Explosive Potion"},{"floor":12,"key":"Dexterity Potion"}],"is_trial":false,"path_per_floor":["M","$","?","M","$","?","R","?","T","T","R","M","E","M","R","B"],"character_chosen":"IRONCLAD","items_purchased":["Feel No Pain","Twin Strike"],"campfire_rested":1,"item_purchase_floors":[2,5],"current_hp_per_floor":[74,74,56,62,62,55,55,40,40,40,40,46,18,19,41,0],"gold":116,"neow_bonus":"THREE_ENEMY_KILL","is_prod":false,"is_daily":false,"chose_seed":false,"campfire_upgraded":2,"win_rate":0,"timestamp":1554948955,"path_taken":["M","$","?","M","$","?","R","?","T","?","R","?","E","M","R","BOSS"],"build_version":"2019-01-23","purchased_purges":0,"victory":false,"max_hp_per_floor":[75,75,75,75,75,75,75,75,75,75,75,75,75,75,75,75],"card_choices":[{"not_picked":["Rage","Armaments"],"picked":"Pummel","floor":1},{"not_picked":["Infernal Blade","Headbutt"],"picked":"Armaments","floor":4},{"not_picked":["Intimidate","Pommel Strike"],"picked":"Iron Wave","floor":12},{"not_picked":["True Grit","Clash"],"picked":"Fiend Fire","floor":13},{"not_picked":["Body Slam","Sword Boomerang","Heavy Blade"],"picked":"SKIP","floor":14}],"player_experience":1071237,"relics_obtained":[{"floor":9,"key":"Oddly Smooth Stone"},{"floor":10,"key":"Art of War"},{"floor":13,"key":"Bag of Marbles"}],"event_choices":[{"damage_healed":0,"gold_gain":0,"player_choice":"Take Damage","damage_taken":18,"relics_obtained":["Golden Idol"],"max_hp_gain":0,"max_hp_loss":0,"event_name":"Golden Idol","floor":3,"gold_loss":0},{"cards_removed":["Strike_R"],"damage_healed":0,"gold_gain":0,"player_choice":"Card Removal","damage_taken":7,"max_hp_gain":0,"max_hp_loss":0,"event_name":"Golden Wing","floor":6,"gold_loss":0},{"damage_healed":0,"gold_gain":0,"player_choice":"Entered Light","damage_taken":15,"max_hp_gain":0,"max_hp_loss":0,"event_name":"Shining Light","floor":8,"gold_loss":0,"cards_upgraded":["Pummel","Strike_R"]}],"is_beta":false,"boss_relics":[],"items_purged_floors":[],"is_endless":false,"potions_floor_spawned":[1,12],"killed_by":"Slime Boss","ascension_level":14}