{"gold_per_floor":[319,71,71,81,97,132,132,149,149,175,175,125,159,178,178,283,283,223,223,16,16,16,16,16,16,16,16,16,16,16,16,16,16,16,16,16,16,16,16,16,16,16,16,16,16,16,16,16,16,16,16,16,16,16,16],"floor_reached":56,"playtime":3180,"items_purged":["Strike_R"],"score":1468,"play_id":"5d2c165a-71a3-4f02-adc1-9c46ea3d6ff9","local_time":"20190301142555","is_ascension_mode":true,"campfire_choices":[{"data":"Whirlwind","floor":11,"key":"SMITH"},{"data":"Shockwave","floor":15,"key":"SMITH"},{"data":"Inflame","floor":23,"key":"SMITH"},{"data":"Limit Break","floor":30,"key":"SMITH"},{"data":"Flex","floor":32,"key":"SMITH"},{"floor":40,"key":"RECALL"},{"data":"Feel No Pain","floor":42,"key":"SMITH"},{"data":"Offering","floor":49,"key":"SMITH"},{"data":"Demon Form","floor":52,"key":"SMITH"}],"neow_cost":"NO_GOLD","seed_source_timestamp":269288508087505,"circlet_count":0,"master_deck":["Strike_R","Strike_R","Defend_R+1","Defend_R+1","Defend_R","Defend_R","Bash","Shrug It Off","Whirlwind+1","Armaments+1","Thunderclap+1","Flex+1","Headbutt","Shockwave+1","Clash","Reaper","RitualDagger+1","Feel No Pain+1","Inflame+1","Impervious","Clothesline+1","Limit Break+1","Havoc+1","Warcry","Offering+1","Heavy Blade+1","Corruption+1","Burning Pact+1","Shame","Shrug It Off+1","Heavy Blade+1","Sword Boomerang+1","Burning Pact","Demon Form+1","Battle Trance"],"relics":["Burning Blood","Old Coin","Chemical X","Mango","Incense Burner","Bird Faced Urn","Strawberry","Bag of Preparation","Ectoplasm","Art of War","War Paint","Tiny Chest","PreservedInsect","Cursed Key","Pear","Meat on the Bone","Letter Opener","Omamori","MawBank","Whetstone"],"potions_floor_usage":[14,24,55,55,55],"damage_taken":[{"damage":2,"enemies":"2 Louse","floor":1,"turns":4},{"damage":0,"enemies":"Small Slimes","floor":4,"turns":2},{"damage":0,"enemies":"Jaw Worm","floor":5,"turns":4},{"damage":8,"enemies":"3 Sentries","floor":6,"turns":4},{"damage":5,"enemies":"Looter","floor":8,"turns":3},{"damage":12,"enemies":"Gremlin Nob","floor":10,"turns":4},{"damage":0,"enemies":"3 Sentries","floor":13,"turns":1},{"damage":0,"enemies":"Exordium Wildlife","floor":14,"turns":1},{"damage":18,"enemies":"The Guardian","floor":16,"turns":8},{"damage":1,"enemies":"2 Thieves","floor":18,"turns":3},{"damage":0,"enemies":"3 Byrds","floor":21,"turns":3},{"damage":7,"enemies":"Book of Stabbing","floor":24,"turns":4},{"damage":2,"enemies":"Centurion and Healer","floor":25,"turns":3},{"damage":13,"enemies":"Gremlin Leader","floor":27,"turns":6},{"damage":0,"enemies":"Cultist and Chosen","floor":28,"turns":4},{"damage":18,"enemies":"Slavers","floor":29,"turns":5},{"damage":3,"enemies":"Snecko","floor":31,"turns":4},{"damage":9,"enemies":"Collector","floor":33,"turns":6},{"damage":6,"enemies":"3 Shapes","floor":35,"turns":3},{"damage":6,"enemies":"3 Darklings","floor":38,"turns":4},{"damage":28,"enemies":"Nemesis","floor":41,"turns":3},{"damage":1,"enemies":"Giant Head","floor":44,"turns":4},{"damage":4,"enemies":"Maw","floor":45,"turns":5},{"damage":19,"enemies":"Reptomancer","floor":46,"turns":5},{"damage":6,"enemies":"Jaw Worm Horde","floor":47,"turns":4},{"damage":7,"enemies":"Spire Growth","floor":48,"turns":3},{"damage":31,"enemies":"Time Eater","floor":50,"turns":8},{"damage":23,"enemies":"Shield and Spear","floor":54,"turns":5},{"damage":61,"enemies":"The Heart","floor":55,"turns":7}],"seed_played":"4771034882721127467","potions_obtained":[{"floor":1,"key":"Ancient Potion"},{"floor":5,"key":"Fire Potion"},{"floor":13,"key":"Regen Potion"},{"floor":14,"key":"Fruit Juice"},{"floor":16,"key":"Swift Potion"},{"floor":24,"key":"Fruit Juice"},{"floor":25,"key":"Weak Potion"},{"floor":38,"key":"SpeedPotion"},{"floor":41,"key":"Ancient Potion"}],"is_trial":false,"path_per_floor":["M","$","?","M","M","E","?","M","T","E","R","?","E","M","R","B",null,"M","?","$","M","T","R","E","M","T","E","M","E","R","M","R","B",null,"M","?","$","M","?","R","E","R","T","E","M","E","M","M","R","B",null,"R","$","E","B",null],"character_chosen":"IRONCLAD","items_purchased":["Whirlwind","Chemical X","Feel No Pain","PowerPotion"],"campfire_rested":0,"item_purchase_floors":[2,2,20,20],"current_hp_per_floor":[80,80,61,67,73,71,71,72,72,73,73,73,79,90,90,78,106,106,100,100,106,106,106,111,111,111,104,111,111,111,111,111,108,111,111,121,121,121,121,121,103,103,103,121,121,112,121,121,121,118,121,121,121,112,110],"gold":16,"neow_bonus":"ONE_RARE_RELIC","is_prod":false,"is_daily":false,"chose_seed":false,"campfire_upgraded":8,"win_rate":0,"timestamp":1551468355,"path_taken":["M","$","?","M","M","E","?","M","T","E","R","?","E","?","R","BOSS","M","?","$","M","?","R","E","M","T","E","M","E","R","?","R","BOSS","M","?","?","?","?","R","E","R","T","E","M","E","M","M","R","BOSS","R","$","E","BOSS"],"build_version":"2019-02-06","purchased_purges":1,"victory":true,"max_hp_per_floor":[80,80,94,94,94,94,94,94,94,101,101,101,101,106,106,106,106,106,106,106,106,106,106,111,111,111,111,111,111,111,111,111,111,111,111,121,121,121,121,121,121,121,121,121,121,121,121,121,121,121,121,121,121,121,121],"card_choices":[{"not_picked":["Pummel","Armaments"],"picked":"Shrug It Off","floor":1},{"not_picked":["Body Slam","Combust"],"picked":"Armaments","floor":4},{"not_picked":["Reaper","Ghostly Armor"],"picked":"Thunderclap","floor":5},{"not_picked":["Sword Boomerang","Heavy Blade"],"picked":"Flex","floor":6},{"not_picked":["Twin Strike","Pommel Strike","Hemokinesis"],"picked":"SKIP","floor":8},{"not_picked":["Combust","Body Slam"],"picked":"Headbutt","floor":10},{"not_picked":["Flex","Iron Wave"],"picked":"Shockwave","floor":13},{"not_picked":["Flex","Entrench"],"picked":"Clash","floor":14},{"not_picked":["Brutality","Juggernaut"],"picked":"Reaper","floor":16},{"not_picked":["Flex","Thunderclap","Pommel Strike"],"picked":"SKIP","floor":18},{"not_picked":["Armaments+1","Second Wind"],"picked":"Inflame","floor":21},{"not_picked":["Heavy Blade","Clothesline"],"picked":"Impervious","floor":24},{"not_picked":["Intimidate","Twin Strike"],"picked":"Clothesline+1","floor":25},{"not_picked":["Clash","Body Slam","Cleave"],"picked":"SKIP","floor":27},{"not_picked":["Uppercut","Pommel Strike"],"picked":"Limit Break","floor":28},{"not_picked":["Bludgeon","Heavy Blade"],"picked":"Havoc+1","floor":29},{"not_picked":["Thunderclap+1","Clash"],"picked":"Warcry","floor":31},{"not_picked":["Limit Break","Impervious"],"picked":"Offering","floor":33},{"not_picked":["Body Slam+1","Sentinel+1"],"picked":"Heavy Blade+1","floor":35},{"not_picked":["Rage+1","Dual Wield+1"],"picked":"Corruption+1","floor":38},{"not_picked":["Carnage","Shrug It Off"],"picked":"Burning Pact+1","floor":41},{"not_picked":["Sword Boomerang","Carnage+1"],"picked":"Shrug It Off+1","floor":44},{"not_picked":["Entrench","Infernal Blade"],"picked":"Heavy Blade+1","floor":45},{"not_picked":["Armaments+1","Second Wind+1"],"picked":"Sword Boomerang+1","floor":46},{"not_picked":["Warcry","True Grit"],"picked":"Burning Pact","floor":47},{"not_picked":["Flex+1","Rampage+1"],"picked":"Demon Form","floor":48},{"not_picked":["Clothesline+1","Armaments"],"picked":"Battle Trance","floor":54}],"player_experience":4740833,"relics_obtained":[{"floor":6,"key":"Incense Burner"},{"floor":9,"key":"Bird Faced Urn"},{"floor":10,"key":"Strawberry"},{"floor":13,"key":"Bag of Preparation"},{"floor":24,"key":"Art of War"},{"floor":26,"key":"War Paint"},{"floor":27,"key":"Tiny Chest"},{"floor":29,"key":"PreservedInsect"},{"floor":41,"key":"Meat on the Bone"},{"floor":43,"key":"Letter Opener"},{"floor":44,"key":"Omamori"},{"floor":46,"key":"MawBank"},{"floor":54,"key":"Whetstone"}],"event_choices":[{"damage_healed":0,"gold_gain":0,"player_choice":"Success","damage_taken":33,"relics_obtained":["Mango"],"max_hp_gain":0,"max_hp_loss":0,"event_name":"Scrap Ooze","floor":3,"gold_loss":0},{"damage_healed":0,"gold_gain":0,"player_choice":"Grow","damage_taken":0,"max_hp_gain":0,"max_hp_loss":0,"event_name":"Living Wall","floor":7,"gold_loss":0,"cards_upgraded":["Armaments"]},{"cards_removed":["Strike_R"],"damage_healed":0,"gold_gain":0,"player_choice":"Card Removal","damage_taken":0,"max_hp_gain":0,"max_hp_loss":0,"event_name":"The Cleric","floor":12,"gold_loss":50},{"damage_healed":0,"gold_gain":0,"player_choice":"Joined the Cult","damage_taken":6,"max_hp_gain":0,"max_hp_loss":0,"event_name":"Nest","floor":19,"gold_loss":0,"cards_obtained":["RitualDagger"]},{"damage_healed":0,"gold_gain":0,"player_choice":"Gave Potion","damage_taken":0,"relics_obtained":["Pear"],"max_hp_gain":0,"max_hp_loss":0,"event_name":"WeMeetAgain","floor":36,"gold_loss":0},{"cards_removed":["Strike_R"],"damage_healed":0,"gold_gain":0,"player_choice":"Removed Attack","damage_taken":0,"max_hp_gain":0,"max_hp_loss":0,"event_name":"Falling","floor":39,"gold_loss":0}],"is_beta":true,"boss_relics":[{"not_picked":["White Beast Statue","Philosopher\u0027s Stone"],"picked":"Ectoplasm"},{"not_picked":["Pandora\u0027s Box","Empty Cage"],"picked":"Cursed Key"}],"items_purged_floors":[20],"is_endless":false,"potions_floor_spawned":[1,5,13,14,16,24,25,31,33,35,38,41,45,48],"ascension_level":1}