{"gold_per_floor":[117,127,146,96,96,96,128,128,128,141,151,167,167,186,186,309,309,324,324,324,347,347],"floor_reached":22,"playtime":3764,"items_purged":[],"score":273,"play_id":"98cefe60-4dcd-4647-9507-ef7e9b7ffb79","local_time":"20190223223213","is_ascension_mode":true,"campfire_choices":[{"data":"Rampage","floor":6,"key":"SMITH"},{"floor":15,"key":"REST"}],"neow_cost":"NONE","seed_source_timestamp":806492514518787,"circlet_count":0,"master_deck":["Strike_R","Strike_R","Strike_R+1","Strike_R","Defend_R","Defend_R","Defend_R","Defend_R","Bash","Whirlwind","Wild Strike+1","Rampage+1","Rage","Pommel Strike","Impervious","Uppercut","Battle Trance","Feed","Inflame","Necronomicurse","Decay","Evolve+1"],"relics":["Black Blood","Nunchaku","Mercury Hourglass","Golden Idol","Necronomicon"],"potions_floor_usage":[7,14,22],"damage_taken":[{"damage":14,"enemies":"2 Louse","floor":1,"turns":3},{"damage":15,"enemies":"Small Slimes","floor":2,"turns":3},{"damage":1,"enemies":"Cultist","floor":3,"turns":4},{"damage":24,"enemies":"Gremlin Nob","floor":7,"turns":5},{"damage":10,"enemies":"Blue Slaver","floor":10,"turns":3},{"damage":7,"enemies":"Looter","floor":11,"turns":3},{"damage":0,"enemies":"Exordium Wildlife","floor":12,"turns":2},{"damage":8,"enemies":"Large Slime","floor":14,"turns":2},{"damage":45,"enemies":"The Guardian","floor":16,"turns":10},{"damage":30,"enemies":"Spheric Guardian","floor":18,"turns":4},{"damage":17,"enemies":"Shell Parasite","floor":21,"turns":4},{"damage":25,"enemies":"Centurion and Healer","floor":22,"turns":3}],"seed_played":"3568206328526400567","potions_obtained":[{"floor":2,"key":"Weak Potion"},{"floor":3,"key":"LiquidBronze"},{"floor":11,"key":"LiquidBronze"},{"floor":12,"key":"Fire Potion"},{"floor":14,"key":"Weak Potion"},{"floor":18,"key":"PowerPotion"}],"is_trial":false,"path_per_floor":["M","M","M","?","$","R","E","?","T","M","M","M","?","M","R","B",null,"M","?","?","M","M"],"character_chosen":"IRONCLAD","items_purchased":[],"campfire_rested":1,"item_purchase_floors":[],"current_hp_per_floor":[72,63,68,68,68,68,50,32,32,28,27,33,33,31,55,16,65,45,29,29,22,0],"gold":347,"neow_bonus":"TEN_PERCENT_HP_BONUS","is_prod":false,"is_daily":false,"chose_seed":false,"campfire_upgraded":1,"win_rate":0,"timestamp":1550971933,"path_taken":["M","M","M","?","$","R","E","?","T","M","M","M","?","M","R","BOSS","M","?","?","?","M"],"build_version":"2019-01-23","purchased_purges":0,"victory":false,"max_hp_per_floor":[88,88,88,88,88,88,88,88,88,88,88,88,81,81,81,81,81,81,81,81,81,81],"card_choices":[{"not_picked":["Shrug It Off","Sever Soul"],"picked":"Whirlwind","floor":1},{"not_picked":["Twin Strike","Fire Breathing"],"picked":"Wild Strike","floor":2},{"not_picked":["Clothesline","Fire Breathing"],"picked":"Rampage","floor":3},{"not_picked":["Warcry","Blood for Blood"],"picked":"Rage","floor":7},{"not_picked":["Havoc","Clash"],"picked":"Pommel Strike","floor":10},{"not_picked":["Entrench","Perfected Strike"],"picked":"Impervious","floor":11},{"not_picked":["Iron Wave","Whirlwind"],"picked":"Uppercut","floor":12},{"not_picked":["Blood for Blood","True Grit"],"picked":"Battle Trance","floor":14},{"not_picked":["Double Tap","Brutality"],"picked":"Feed","floor":16},{"not_picked":["Havoc","Perfected Strike"],"picked":"Inflame","floor":18},{"not_picked":["Power Through","Rampage+1"],"picked":"Evolve+1","floor":21}],"player_experience":832753,"relics_obtained":[{"floor":7,"key":"Nunchaku"},{"floor":9,"key":"Mercury Hourglass"},{"floor":19,"key":"Necronomicon"}],"event_choices":[{"cards_removed":["Strike_R"],"damage_healed":0,"gold_gain":0,"player_choice":"Card Removal","damage_taken":0,"max_hp_gain":0,"max_hp_loss":0,"event_name":"The Cleric","floor":4,"gold_loss":50},{"damage_healed":0,"gold_gain":0,"player_choice":"Entered Light","damage_taken":18,"max_hp_gain":0,"max_hp_loss":0,"event_name":"Shining Light","floor":8,"gold_loss":0,"cards_upgraded":["Wild Strike","Strike_R"]},{"damage_healed":0,"gold_gain":0,"player_choice":"Lose Max HP","damage_taken":0,"relics_obtained":["Golden Idol"],"max_hp_gain":0,"max_hp_loss":7,"event_name":"Golden Idol","floor":13,"gold_loss":0},{"damage_healed":0,"gold_gain":0,"player_choice":"Obtained Book","damage_taken":16,"max_hp_gain":0,"max_hp_loss":0,"event_name":"Cursed Tome","floor":19,"gold_loss":0},{"damage_healed":0,"gold_gain":0,"player_choice":"Cursed","damage_taken":0,"max_hp_gain":0,"max_hp_loss":0,"event_name":"Wheel of Change","floor":20,"gold_loss":0,"cards_obtained":["Decay"]}],"is_beta":false,"boss_relics":[{"not_picked":["Fusion Hammer","Runic Dome"],"picked":"Black Blood"}],"items_purged_floors":[],"is_endless":false,"potions_floor_spawned":[2,3,11,12,14,18,21],"killed_by":"Centurion and Healer","ascension_level":9}