{"gold_per_floor":[209,4,15,15,15,15,42,42,114,142,160,171,171,204,204,329,329,344,344,365,280,293,293,332,332,355,389,410,445,445,483,483,606,606,626,651,651,674,693,732,753,753,780,814,814,848,848,884,884,884,884,884,71,106,106],"floor_reached":56,"playtime":3389,"items_purged":["Strike_G","Normality"],"score":1519,"play_id":"acc1a598-b73e-4877-9ef6-17b619ef72c1","local_time":"20190419184635","is_ascension_mode":true,"campfire_choices":[{"data":"Noxious Fumes","floor":6,"key":"SMITH"},{"data":"Bouncing Flask","floor":8,"key":"SMITH"},{"data":"Neutralize","floor":15,"key":"SMITH"},{"data":"Footwork","floor":23,"key":"SMITH"},{"data":"Deadly Poison","floor":25,"key":"SMITH"},{"data":"Crippling Poison","floor":30,"key":"SMITH"},{"floor":32,"key":"REST"},{"floor":42,"key":"RECALL"},{"floor":45,"key":"REST"},{"floor":49,"key":"REST"},{"data":"Burst","floor":52,"key":"SMITH"}],"neow_cost":"NONE","seed_source_timestamp":3366751537160348,"circlet_count":0,"master_deck":["Defend_G+1","Defend_G","Defend_G","Defend_G","Defend_G","Strike_G","Strike_G","Survivor","Neutralize+1","Masterful Stab","Noxious Fumes+1","Deadly Poison+1","Poisoned Stab","Bouncing Flask+1","Escape Plan","PiercingWail+1","Crippling Poison+1","Die Die Die","Footwork+1","PiercingWail","Backflip","Backflip","Blur","A Thousand Cuts","Flying Knee","Burst+1","Deflect"],"relics":["Ring of the Snake","Letter Opener","Paper Crane","Golden Idol","Turnip","Busted Crown","Ninja Scroll","Tough Bandages","Oddly Smooth Stone","Calipers","Potion Belt","Happy Flower","Cursed Key","Bottled Lightning","Pen Nib","Lantern","Juzu Bracelet","Orichalcum","Snake Skull","ClockworkSouvenir","War Paint","Bottled Tornado"],"potions_floor_usage":[7,14,16,22,24,29,40,44,48,50,50,55,55,55,55],"damage_taken":[{"damage":0,"enemies":"Jaw Worm","floor":1,"turns":6},{"damage":2,"enemies":"Small Slimes","floor":3,"turns":4},{"damage":14,"enemies":"Gremlin Nob","floor":7,"turns":4},{"damage":21,"enemies":"Lagavulin","floor":10,"turns":5},{"damage":0,"enemies":"2 Louse","floor":11,"turns":2},{"damage":4,"enemies":"Exordium Wildlife","floor":12,"turns":5},{"damage":15,"enemies":"Gremlin Nob","floor":14,"turns":4},{"damage":5,"enemies":"Hexaghost","floor":16,"turns":7},{"damage":0,"enemies":"Shell Parasite","floor":18,"turns":5},{"damage":0,"enemies":"Spheric Guardian","floor":20,"turns":3},{"damage":0,"enemies":"3 Cultists","floor":22,"turns":3},{"damage":11,"enemies":"Slavers","floor":24,"turns":5},{"damage":6,"enemies":"Gremlin Leader","floor":27,"turns":6},{"damage":0,"enemies":"Centurion and Healer","floor":28,"turns":6},{"damage":1,"enemies":"Slavers","floor":29,"turns":3},{"damage":9,"enemies":"Gremlin Leader","floor":31,"turns":6},{"damage":0,"enemies":"Champ","floor":33,"turns":14},{"damage":0,"enemies":"Orb Walker","floor":35,"turns":4},{"damage":0,"enemies":"3 Shapes","floor":36,"turns":1},{"damage":0,"enemies":"Writhing Mass","floor":38,"turns":6},{"damage":8,"enemies":"Spire Growth","floor":39,"turns":5},{"damage":5,"enemies":"Reptomancer","floor":40,"turns":7},{"damage":0,"enemies":"Maw","floor":41,"turns":8},{"damage":27,"enemies":"Giant Head","floor":44,"turns":10},{"damage":25,"enemies":"Nemesis","floor":46,"turns":8},{"damage":0,"enemies":"Reptomancer","floor":48,"turns":7},{"damage":11,"enemies":"Donu and Deca","floor":50,"turns":11},{"damage":5,"enemies":"Shield and Spear","floor":54,"turns":6},{"damage":0,"enemies":"The Heart","floor":55,"turns":11}],"seed_played":"8052547994427851154","potions_obtained":[{"floor":1,"key":"Fire Potion"},{"floor":7,"key":"Explosive Potion"},{"floor":11,"key":"PowerPotion"},{"floor":14,"key":"PowerPotion"},{"floor":20,"key":"Strength Potion"},{"floor":24,"key":"LiquidBronze"},{"floor":27,"key":"AttackPotion"},{"floor":29,"key":"Weak Potion"},{"floor":35,"key":"LiquidBronze"},{"floor":36,"key":"SteroidPotion"},{"floor":40,"key":"Dexterity Potion"},{"floor":41,"key":"EssenceOfSteel"},{"floor":54,"key":"PowerPotion"}],"is_trial":false,"path_per_floor":["M","$","M","?","?","R","E","R","T","E","M","M","?","E","R","B",null,"M","?","M","?","M","R","E","R","T","E","M","E","R","E","R","B",null,"M","M","?","M","M","E","M","R","T","E","R","E","?","E","R","B",null,"R","$","E","B",null],"character_chosen":"THE_SILENT","items_purchased":["Noxious Fumes","Deadly Poison","Snake Skull","ClockworkSouvenir","Block Potion","GhostInAJar","Weak Potion","Deflect","War Paint"],"campfire_rested":3,"item_purchase_floors":[2,2,53,53,53,53,53,53,53],"current_hp_per_floor":[70,70,68,61,61,61,47,47,47,26,26,22,22,7,7,2,65,65,65,65,65,65,65,54,54,54,48,48,47,47,38,57,57,65,65,65,65,65,57,52,52,52,52,25,44,19,19,19,38,27,65,65,65,60,60],"gold":106,"neow_bonus":"HUNDRED_GOLD","is_prod":false,"is_daily":false,"chose_seed":false,"campfire_upgraded":7,"win_rate":0,"timestamp":1555713995,"path_taken":["M","$","M","?","?","R","E","R","T","E","M","M","?","E","R","BOSS","M","?","M","?","M","R","E","R","T","E","M","E","R","E","R","BOSS","M","M","?","M","M","E","?","R","T","E","R","E","?","E","R","BOSS","R","$","E","BOSS"],"build_version":"2019-04-04","purchased_purges":2,"victory":true,"max_hp_per_floor":[70,70,70,70,70,70,70,70,70,70,70,70,65,65,65,65,65,65,65,65,65,65,65,65,65,65,65,65,65,65,65,65,65,65,65,65,65,65,65,65,65,65,65,65,65,65,65,65,65,65,65,65,65,65,65],"card_choices":[{"not_picked":["Calculated Gamble","Dagger Spray"],"picked":"Masterful Stab","floor":1},{"not_picked":["Bane","Choke"],"picked":"Poisoned Stab","floor":3},{"not_picked":["Cloak And Dagger","Underhanded Strike"],"picked":"Bouncing Flask","floor":7},{"not_picked":["Reflex","Accuracy"],"picked":"Flying Knee","floor":10},{"not_picked":["Dodge and Roll","Phantasmal Killer"],"picked":"Escape Plan","floor":11},{"not_picked":["Tactician","Flechettes"],"picked":"PiercingWail","floor":12},{"not_picked":["Cloak And Dagger","Acrobatics"],"picked":"Crippling Poison","floor":14},{"not_picked":["Doppelganger","A Thousand Cuts"],"picked":"Die Die Die","floor":16},{"not_picked":["Masterful Stab"],"picked":"SKIP","floor":18},{"not_picked":["Crippling Poison"],"picked":"SKIP","floor":20},{"not_picked":[],"picked":"PiercingWail","floor":22},{"not_picked":["Terror"],"picked":"SKIP","floor":24},{"not_picked":[],"picked":"Backflip","floor":27},{"not_picked":[],"picked":"Backflip","floor":28},{"not_picked":["Blade Dance"],"picked":"SKIP","floor":29},{"not_picked":[],"picked":"Blur","floor":31},{"not_picked":[],"picked":"A Thousand Cuts","floor":33},{"not_picked":["Poisoned Stab+1"],"picked":"SKIP","floor":35},{"not_picked":["Underhanded Strike"],"picked":"SKIP","floor":36},{"not_picked":["Dagger Throw"],"picked":"SKIP","floor":38},{"not_picked":["Deadly Poison+1"],"picked":"SKIP","floor":39},{"not_picked":["Blade Dance+1"],"picked":"SKIP","floor":40},{"not_picked":["Blade Dance+1"],"picked":"SKIP","floor":41},{"not_picked":["Deadly Poison+1"],"picked":"SKIP","floor":44},{"not_picked":[],"picked":"Burst","floor":46},{"not_picked":["All Out Attack+1"],"picked":"SKIP","floor":48},{"not_picked":["Concentrate"],"picked":"SKIP","floor":54}],"player_experience":5401270,"relics_obtained":[{"floor":7,"key":"Letter Opener"},{"floor":10,"key":"Paper Crane"},{"floor":14,"key":"Turnip"},{"floor":24,"key":"Tough Bandages"},{"floor":26,"key":"Oddly Smooth Stone"},{"floor":27,"key":"Calipers"},{"floor":29,"key":"Potion Belt"},{"floor":31,"key":"Happy Flower"},{"floor":40,"key":"Bottled Lightning"},{"floor":43,"key":"Pen Nib"},{"floor":44,"key":"Lantern"},{"floor":46,"key":"Juzu Bracelet"},{"floor":48,"key":"Orichalcum"},{"floor":54,"key":"Bottled Tornado"}],"event_choices":[{"cards_removed":["Strike_G"],"damage_healed":0,"gold_gain":0,"player_choice":"Card Removal","damage_taken":7,"max_hp_gain":0,"max_hp_loss":0,"event_name":"Golden Wing","floor":4,"gold_loss":0},{"damage_healed":0,"gold_gain":0,"player_choice":"Leave","damage_taken":0,"max_hp_gain":0,"max_hp_loss":0,"event_name":"The Cleric","floor":5,"gold_loss":0},{"damage_healed":0,"gold_gain":0,"player_choice":"Lose Max HP","damage_taken":0,"relics_obtained":["Golden Idol"],"max_hp_gain":0,"max_hp_loss":5,"event_name":"Golden Idol","floor":13,"gold_loss":0},{"damage_healed":0,"gold_gain":0,"player_choice":"Read","damage_taken":0,"max_hp_gain":0,"max_hp_loss":0,"event_name":"The Library","floor":19,"gold_loss":0,"cards_obtained":["Footwork"]},{"damage_healed":0,"gold_gain":0,"player_choice":"Obtained Relic","damage_taken":0,"relics_obtained":["Ninja Scroll"],"max_hp_gain":0,"max_hp_loss":0,"event_name":"Addict","floor":21,"gold_loss":85},{"damage_healed":0,"gold_gain":0,"cards_transformed":["Strike_G"],"player_choice":"Transformed","damage_taken":0,"max_hp_gain":0,"max_hp_loss":0,"event_name":"Transmorgrifier","floor":37,"gold_loss":0,"cards_obtained":["Flying Knee"]},{"cards_removed":["Flying Knee"],"damage_healed":0,"gold_gain":0,"player_choice":"Removed Attack","damage_taken":0,"max_hp_gain":0,"max_hp_loss":0,"event_name":"Falling","floor":47,"gold_loss":0}],"is_beta":true,"boss_relics":[{"not_picked":["Empty Cage","Black Star"],"picked":"Busted Crown"},{"not_picked":["White Beast Statue","Velvet Choker"],"picked":"Cursed Key"}],"items_purged_floors":[2,53],"is_endless":false,"potions_floor_spawned":[1,7,11,14,20,24,27,29,35,36,40,41,54],"ascension_level":1}