{"gold_per_floor":[112,122,142,142,160,160,194,194,194,214,248,248,12,25,25,116,116,135,25,50,73,92,92,136,152,200,200,215,215,230,70,70,166,229,248,248,30,30,44,44,69,69,92,112,112,130,130,30,30,30],"floor_reached":51,"playtime":5874,"items_purged":["Strike_B","Strike_B"],"score":1224,"play_id":"fd9dd415-bed7-4325-ba78-dc6ba8b00fe3","local_time":"20190217234708","is_ascension_mode":true,"campfire_choices":[{"data":"Hyperbeam","floor":6,"key":"SMITH"},{"data":"Zap","floor":8,"key":"SMITH"},{"floor":12,"key":"REST"},{"data":"Hologram","floor":15,"key":"SMITH"},{"floor":23,"key":"REST"},{"floor":27,"key":"REST"},{"floor":29,"key":"REST"},{"floor":32,"key":"REST"},{"data":"Defragment","floor":40,"key":"SMITH"},{"floor":42,"key":"REST"},{"floor":47,"key":"REST"},{"data":"Blizzard","floor":49,"key":"SMITH"}],"neow_cost":"NONE","seed_source_timestamp":19715783748091,"circlet_count":0,"master_deck":["AscendersBane","Defend_B","Defend_B","Defend_B","Defend_B","Zap+1","Dualcast","Hyperbeam+1","Gash","Lockon+1","Ball Lightning","Seek","Glacier","Hologram+1","Coolheaded+1","Electrodynamics","Genetic Algorithm","Leap","Conserve Battery","Go for the Eyes","Coolheaded","Compile Driver","Coolheaded+1","Defragment+1","Blizzard+1","BootSequence+1","Coolheaded+1","Capacitor"],"relics":["Cracked Core","Golden Idol","Oddly Smooth Stone","Ornamental Fan","Pen Nib","Velvet Choker","Dodecahedron","Omamori","DataDisk","Tiny House","Bag of Preparation"],"potions_floor_usage":[21,24,24,33,33,35,50,50],"damage_taken":[{"damage":0,"enemies":"Small Slimes","floor":1,"turns":1},{"damage":9,"enemies":"Jaw Worm","floor":2,"turns":3},{"damage":6,"enemies":"Cultist","floor":3,"turns":3},{"damage":0,"enemies":"2 Fungi Beasts","floor":5,"turns":3},{"damage":10,"enemies":"3 Sentries","floor":7,"turns":3},{"damage":23,"enemies":"Exordium Thugs","floor":10,"turns":3},{"damage":2,"enemies":"Lagavulin","floor":11,"turns":8},{"damage":2,"enemies":"Large Slime","floor":14,"turns":5},{"damage":10,"enemies":"The Guardian","floor":16,"turns":12},{"damage":22,"enemies":"2 Thieves","floor":18,"turns":2},{"damage":0,"enemies":"3 Byrds","floor":20,"turns":2},{"damage":11,"enemies":"Centurion and Healer","floor":21,"turns":5},{"damage":18,"enemies":"Cultist and Chosen","floor":22,"turns":4},{"damage":19,"enemies":"Book of Stabbing","floor":24,"turns":5},{"damage":0,"enemies":"3 Cultists","floor":25,"turns":2},{"damage":9,"enemies":"Snecko","floor":28,"turns":7},{"damage":0,"enemies":"Centurion and Healer","floor":30,"turns":2},{"damage":27,"enemies":"Automaton","floor":33,"turns":14},{"damage":11,"enemies":"3 Darklings","floor":35,"turns":5},{"damage":13,"enemies":"Orb Walker","floor":39,"turns":4},{"damage":6,"enemies":"Writhing Mass","floor":41,"turns":10},{"damage":0,"enemies":"Sphere and 2 Shapes","floor":44,"turns":4},{"damage":0,"enemies":"3 Darklings","floor":46,"turns":2},{"damage":4,"enemies":"Donu and Deca","floor":50,"turns":12}],"seed_played":"4915013421402450414","potions_obtained":[{"floor":7,"key":"SpeedPotion"},{"floor":10,"key":"Explosive Potion"},{"floor":11,"key":"Dexterity Potion"},{"floor":14,"key":"Block Potion"},{"floor":16,"key":"Strength Potion"},{"floor":22,"key":"Poison Potion"},{"floor":28,"key":"Dexterity Potion"},{"floor":30,"key":"Weak Potion"},{"floor":33,"key":"EssenceOfSteel"},{"floor":34,"key":"SpeedPotion"},{"floor":39,"key":"Dexterity Potion"},{"floor":46,"key":"Block Potion"}],"is_trial":false,"path_per_floor":["M","M","M","?","M","R","E","R","T","M","E","R","$","M","R","B",null,"M","?","M","M","M","R","E","M","T","R","M","R","M","$","R","B",null,"M","?","$","?","M","R","M","R","T","M","$","M","R","$","R","B",null],"character_chosen":"DEFECT","items_purchased":["Pen Nib","DataDisk","Defragment","Blizzard","FearPotion"],"campfire_rested":7,"item_purchase_floors":[13,31,37,37,37],"current_hp_per_floor":[64,55,49,49,49,49,39,39,39,16,14,33,33,31,31,21,53,31,31,31,20,2,21,2,2,2,21,12,31,31,31,50,23,59,48,48,48,48,35,35,29,49,49,49,49,49,69,69,69,65],"gold":30,"neow_bonus":"ONE_RANDOM_RARE_CARD","is_prod":false,"is_daily":false,"chose_seed":false,"campfire_upgraded":5,"win_rate":0,"timestamp":1550447228,"path_taken":["M","M","M","?","M","R","E","R","T","M","E","R","$","M","R","BOSS","M","?","M","M","M","R","E","M","T","R","M","R","?","$","R","BOSS","M","?","?","?","M","R","?","R","T","M","$","M","R","$","R","BOSS"],"build_version":"2019-02-06","purchased_purges":2,"victory":true,"max_hp_per_floor":[71,71,71,64,64,64,64,64,64,64,64,64,64,64,64,64,64,64,64,64,64,64,64,64,64,64,64,64,64,64,64,64,64,69,69,69,69,69,69,69,69,69,69,69,69,69,69,69,69,69],"card_choices":[{"not_picked":["Cold Snap","Turbo"],"picked":"Gash","floor":1},{"not_picked":["Streamline","Stack"],"picked":"Lockon","floor":2},{"not_picked":["Aggregate","Barrage"],"picked":"Ball Lightning","floor":3},{"not_picked":["Undo","Reprogram"],"picked":"Seek","floor":5},{"not_picked":["Redo","Barrage","Skim"],"picked":"SKIP","floor":7},{"not_picked":["Cold Snap","Reprogram"],"picked":"Glacier","floor":10},{"not_picked":["Redo","Turbo"],"picked":"Hologram","floor":11},{"not_picked":["Undo","Turbo"],"picked":"Coolheaded","floor":14},{"not_picked":["Buffer","Fission"],"picked":"Electrodynamics","floor":16},{"not_picked":["Sunder","Consume"],"picked":"Genetic Algorithm","floor":18},{"not_picked":["Streamline","Cold Snap"],"picked":"Leap","floor":20},{"not_picked":["Turbo","Gash","Conserve Battery"],"picked":"SKIP","floor":21},{"not_picked":["Redo","Turbo"],"picked":"Conserve Battery","floor":22},{"not_picked":["Rebound","Tempest","Multi-Cast"],"picked":"SKIP","floor":24},{"not_picked":["Barrage","FTL"],"picked":"Go for the Eyes","floor":25},{"not_picked":["Rip and Tear","Turbo"],"picked":"Coolheaded","floor":28},{"not_picked":["Beam Cell","Heatsinks","Static Discharge"],"picked":"SKIP","floor":30},{"not_picked":["Leap","Melter"],"picked":"Compile Driver","floor":34},{"not_picked":["Ball Lightning","Beam Cell"],"picked":"Coolheaded+1","floor":35},{"not_picked":["Hello World+1","Undo+1"],"picked":"BootSequence+1","floor":39},{"not_picked":["Hologram","Hyperbeam"],"picked":"Coolheaded+1","floor":41},{"not_picked":["Hologram","Static Discharge","Darkness"],"picked":"SKIP","floor":44},{"not_picked":["Hologram+1","Steam"],"picked":"Capacitor","floor":46}],"player_experience":924690,"relics_obtained":[{"floor":7,"key":"Oddly Smooth Stone"},{"floor":11,"key":"Ornamental Fan"},{"floor":24,"key":"Dodecahedron"},{"floor":26,"key":"Omamori"},{"floor":43,"key":"Bag of Preparation"}],"event_choices":[{"damage_healed":0,"gold_gain":0,"player_choice":"Lose Max HP","damage_taken":0,"relics_obtained":["Golden Idol"],"max_hp_gain":0,"max_hp_loss":7,"event_name":"Golden Idol","floor":4,"gold_loss":0},{"cards_removed":["Strike_B"],"damage_healed":0,"gold_gain":0,"player_choice":"Upgrade and Remove","damage_taken":0,"max_hp_gain":0,"max_hp_loss":0,"event_name":"Designer","floor":19,"gold_loss":110,"cards_upgraded":["Coolheaded"]},{"cards_removed":["Strike_B"],"damage_healed":0,"gold_gain":0,"player_choice":"Purged","damage_taken":0,"max_hp_gain":0,"max_hp_loss":0,"event_name":"Purifier","floor":36,"gold_loss":0},{"damage_healed":0,"gold_gain":0,"player_choice":"0 cards matched","damage_taken":0,"max_hp_gain":0,"max_hp_loss":0,"event_name":"Match and Keep!","floor":38,"gold_loss":0,"cards_obtained":[]}],"is_beta":true,"boss_relics":[{"not_picked":["Black Star","White Beast Statue"],"picked":"Velvet Choker"},{"not_picked":["Busted Crown","Sozu"],"picked":"Tiny House"}],"items_purged_floors":[13,48],"is_endless":false,"potions_floor_spawned":[7,10,11,14,16,18,22,28,30,33,39,46],"ascension_level":18}