{"gold_per_floor":[115,131,306,381,45,77,77,107,133,164,181,216,128,13,13,113,113,132,147,147,160,85,114,29,62,74,103,115,139,177,205,217,327,339,371,400,18,18,18,45,45,71,71,71,86,120,134,163,163,163,163,163,48,80,80],"floor_reached":56,"playtime":3904,"items_purged":["Doubt","Strike_R"],"score":1639,"play_id":"18c0a9ad-a7d5-4436-a067-7d1691e7d099","local_time":"20190508043637","is_ascension_mode":true,"campfire_choices":[{"data":"Apotheosis","floor":7,"key":"SMITH"},{"data":"Demon Form","floor":15,"key":"SMITH"},{"data":"Metallicize","floor":28,"key":"SMITH"},{"data":"Demon Form","floor":32,"key":"SMITH"},{"floor":44,"key":"RECALL"},{"data":"Offering","floor":49,"key":"SMITH"},{"data":"Seeing Red","floor":52,"key":"SMITH"}],"neow_cost":"NONE","seed_source_timestamp":372995335890240,"circlet_count":0,"master_deck":["Strike_R","Strike_R","Strike_R","Strike_R","Defend_R","Defend_R","Defend_R","Defend_R","Bash","Hemokinesis","Headbutt","Apotheosis+1","Power Through","Seeing Red+1","Battle Trance","True Grit","Demon Form+1","Metallicize+1","Whirlwind","Double Tap","Power Through","Iron Wave","Evolve+1","Clothesline","Heavy Blade","Heavy Blade","Demon Form+1","Reaper","Burning Pact+1","Secret Technique","Impatience","Offering+1","Flame Barrier+1","Heavy Blade+1","Warcry+1","Warcry+1"],"relics":["Burning Blood","NeowsBlessing","Art of War","Question Card","PreservedInsect","Du-Vu Doll","The Courier","Anchor","Coffee Dripper","Centennial Puzzle","Bag of Marbles","MawBank","Singing Bowl","Mark of Pain","Self Forming Clay","Bag of Preparation","Gremlin Horn","Blood Vial","Champion Belt","Omamori","Bottled Flame","Bronze Scales","Pear"],"potions_floor_usage":[8,23,33,33,40,55,55,55],"damage_taken":[{"damage":0,"enemies":"Cultist","floor":1,"turns":1},{"damage":0,"enemies":"Jaw Worm","floor":2,"turns":1},{"damage":0,"enemies":"Lagavulin","floor":6,"turns":1},{"damage":18,"enemies":"3 Sentries","floor":8,"turns":9},{"damage":2,"enemies":"Lagavulin","floor":10,"turns":4},{"damage":2,"enemies":"Small Slimes","floor":11,"turns":3},{"damage":11,"enemies":"3 Sentries","floor":12,"turns":5},{"damage":7,"enemies":"The Guardian","floor":16,"turns":8},{"damage":13,"enemies":"2 Thieves","floor":18,"turns":3},{"damage":0,"enemies":"Spheric Guardian","floor":19,"turns":3},{"damage":0,"enemies":"Centurion and Healer","floor":21,"turns":5},{"damage":7,"enemies":"Book of Stabbing","floor":23,"turns":5},{"damage":17,"enemies":"Slavers","floor":25,"turns":6},{"damage":8,"enemies":"Snake Plant","floor":27,"turns":5},{"damage":0,"enemies":"Snecko","floor":29,"turns":4},{"damage":3,"enemies":"Book of Stabbing","floor":30,"turns":4},{"damage":8,"enemies":"3 Cultists","floor":31,"turns":4},{"damage":22,"enemies":"Collector","floor":33,"turns":7},{"damage":27,"enemies":"3 Shapes","floor":35,"turns":5},{"damage":0,"enemies":"3 Darklings","floor":36,"turns":3},{"damage":23,"enemies":"Reptomancer","floor":40,"turns":5},{"damage":9,"enemies":"Giant Head","floor":42,"turns":6},{"damage":6,"enemies":"Transient","floor":45,"turns":5},{"damage":8,"enemies":"Reptomancer","floor":46,"turns":6},{"damage":33,"enemies":"Spire Growth","floor":47,"turns":6},{"damage":7,"enemies":"Giant Head","floor":48,"turns":5},{"damage":11,"enemies":"Donu and Deca","floor":50,"turns":7},{"damage":18,"enemies":"Shield and Spear","floor":54,"turns":5},{"damage":102,"enemies":"The Heart","floor":55,"turns":9}],"seed_played":"4541874363058371650","potions_obtained":[{"floor":1,"key":"Dexterity Potion"},{"floor":2,"key":"SkillPotion"},{"floor":10,"key":"Weak Potion"},{"floor":18,"key":"Ancient Potion"},{"floor":27,"key":"Fire Potion"},{"floor":31,"key":"Block Potion"},{"floor":33,"key":"PowerPotion"},{"floor":36,"key":"Block Potion"},{"floor":40,"key":"Regen Potion"}],"is_trial":false,"path_per_floor":["M","M","?","?","$","E","R","E","T","E","M","E","$","$","R","B",null,"M","M","?","M","?","E","?","E","T","M","R","M","E","M","R","B",null,"M","M","$","?","?","E","?","E","T","R","M","E","M","E","R","B",null,"R","$","E","B",null],"character_chosen":"IRONCLAD","items_purchased":["Apotheosis","Power Through","Metallicize","Whirlwind","Anchor","Self Forming Clay","Bag of Preparation","Bronze Scales"],"campfire_rested":0,"item_purchase_floors":[5,5,13,13,14,37,37,53],"current_hp_per_floor":[80,80,80,69,69,75,75,63,63,67,71,66,66,66,66,65,80,73,79,71,77,77,76,76,65,65,63,63,69,72,72,72,56,82,81,84,84,76,76,71,71,84,84,84,86,84,85,85,85,81,86,86,86,96,43],"gold":80,"neow_bonus":"THREE_ENEMY_KILL","is_prod":false,"is_daily":false,"chose_seed":false,"campfire_upgraded":6,"win_rate":0,"timestamp":1557304597,"path_taken":["M","M","?","?","$","E","R","E","T","E","?","E","?","$","R","BOSS","M","M","?","?","?","E","?","E","T","M","R","M","E","M","R","BOSS","M","M","$","?","?","E","?","E","T","R","M","E","?","E","R","BOSS","R","$","E","BOSS"],"build_version":"2019-04-23","purchased_purges":2,"victory":true,"max_hp_per_floor":[80,80,80,80,80,80,80,80,80,80,80,80,80,80,80,80,80,80,80,80,80,80,80,80,80,80,80,80,80,80,82,82,82,82,82,84,84,86,82,82,82,84,84,84,86,86,86,86,86,86,86,86,86,96,96],"card_choices":[{"not_picked":["Infernal Blade","Burning Pact"],"picked":"Hemokinesis","floor":1},{"not_picked":["Dropkick","Body Slam"],"picked":"Headbutt","floor":2},{"not_picked":["Clash","Dark Embrace"],"picked":"Seeing Red","floor":6},{"not_picked":["Pummel","Perfected Strike"],"picked":"Battle Trance","floor":8},{"not_picked":["Berserk","Battle Trance","Shrug It Off"],"picked":"Perfected Strike","floor":10},{"not_picked":["Iron Wave","Heavy Blade","Headbutt"],"picked":"True Grit","floor":11},{"not_picked":["True Grit","Sentinel","Fire Breathing"],"picked":"Demon Form","floor":12},{"not_picked":["Berserk","Fiend Fire","Limit Break"],"picked":"Double Tap","floor":16},{"not_picked":["Body Slam","Heavy Blade+1","Rupture"],"picked":"Power Through","floor":18},{"not_picked":["Searing Blow","Perfected Strike","Second Wind+1"],"picked":"Iron Wave","floor":19},{"not_picked":["Twin Strike","Clothesline+1","Sever Soul"],"picked":"Evolve","floor":21},{"not_picked":["Hemokinesis","Burning Pact","Blood for Blood","Demon Form"],"picked":"SKIP","floor":23},{"not_picked":["Fire Breathing","Headbutt","Iron Wave"],"picked":"Clothesline","floor":25},{"not_picked":["True Grit","Warcry+1","Power Through"],"picked":"Heavy Blade","floor":27},{"not_picked":["Clash","True Grit","Double Tap"],"picked":"Heavy Blade","floor":29},{"not_picked":["Havoc","Rage","True Grit"],"picked":"Demon Form","floor":30},{"not_picked":["Warcry","Rupture","Intimidate","Inflame"],"picked":"Singing Bowl","floor":31},{"not_picked":["Juggernaut","Impervious","Demon Form"],"picked":"Reaper","floor":33},{"not_picked":["Headbutt+1","Pummel+1","Combust+1"],"picked":"Burning Pact+1","floor":35},{"not_picked":["Havoc+1","Flex","Clothesline+1","Seeing Red+1"],"picked":"Singing Bowl","floor":36},{"not_picked":["Flash of Steel","Secret Weapon","Forethought"],"picked":"Secret Technique","floor":38},{"not_picked":["Bandage Up","Swift Strike","The Bomb"],"picked":"Impatience","floor":38},{"not_picked":["Madness","Bandage Up","Magnetism","Deep Breath"],"picked":"Singing Bowl","floor":38},{"not_picked":["Anger","Battle Trance+1","Flex"],"picked":"Offering","floor":40},{"not_picked":["Headbutt","Wild Strike+1","Whirlwind+1","Sever Soul+1"],"picked":"Singing Bowl","floor":42},{"not_picked":["Flex+1","Rampage+1","Perfected Strike+1","Clothesline+1"],"picked":"Singing Bowl","floor":45},{"not_picked":["Carnage+1","Havoc+1","Pummel+1"],"picked":"Flame Barrier+1","floor":46},{"not_picked":["Second Wind","Clash","Inflame+1"],"picked":"Heavy Blade+1","floor":47},{"not_picked":["Immolate","Thunderclap","Infernal Blade+1"],"picked":"Warcry+1","floor":48},{"not_picked":["Burning Pact","Perfected Strike+1","Searing Blow+1"],"picked":"Warcry+1","floor":54}],"player_experience":5676122,"relics_obtained":[{"floor":6,"key":"Art of War"},{"floor":8,"key":"Question Card"},{"floor":9,"key":"PreservedInsect"},{"floor":10,"key":"Du-Vu Doll"},{"floor":12,"key":"The Courier"},{"floor":23,"key":"Centennial Puzzle"},{"floor":25,"key":"MawBank"},{"floor":30,"key":"Singing Bowl"},{"floor":40,"key":"Gremlin Horn"},{"floor":42,"key":"Blood Vial"},{"floor":43,"key":"Champion Belt"},{"floor":46,"key":"Omamori"},{"floor":48,"key":"Bottled Flame"},{"floor":54,"key":"Pear"}],"event_choices":[{"damage_healed":0,"gold_gain":175,"player_choice":"AGREE","damage_taken":0,"max_hp_gain":0,"max_hp_loss":0,"event_name":"Liars Game","floor":3,"gold_loss":0,"cards_obtained":["Doubt"]},{"damage_healed":0,"gold_gain":75,"player_choice":"Gather Gold","damage_taken":11,"max_hp_gain":0,"max_hp_loss":0,"event_name":"World of Goop","floor":4,"gold_loss":0},{"damage_healed":0,"gold_gain":0,"player_choice":"","damage_taken":8,"max_hp_gain":0,"max_hp_loss":0,"event_name":"Knowing Skull","floor":20,"potions_obtained":[],"gold_loss":0,"cards_obtained":[]},{"cards_removed":["Perfected Strike"],"damage_healed":0,"gold_gain":0,"player_choice":"Gave Gold","damage_taken":0,"max_hp_gain":0,"max_hp_loss":0,"event_name":"Beggar","floor":22,"gold_loss":75},{"damage_healed":0,"gold_gain":0,"player_choice":"Obtained Relic","damage_taken":0,"relics_obtained":["Bag of Marbles"],"max_hp_gain":0,"max_hp_loss":0,"event_name":"Addict","floor":24,"gold_loss":85},{"damage_healed":0,"gold_gain":0,"player_choice":"Memory 3","damage_taken":10,"max_hp_gain":0,"max_hp_loss":0,"event_name":"SensoryStone","floor":38,"gold_loss":0},{"damage_healed":0,"gold_gain":0,"player_choice":"Max HP","damage_taken":0,"max_hp_gain":0,"max_hp_loss":4,"event_name":"Winding Halls","floor":39,"gold_loss":0},{"damage_healed":0,"gold_gain":0,"player_choice":"Forge","damage_taken":0,"max_hp_gain":0,"max_hp_loss":0,"event_name":"Accursed Blacksmith","floor":41,"gold_loss":0,"cards_upgraded":["Evolve"]}],"is_beta":true,"boss_relics":[{"not_picked":["Runic Cube","Tiny House"],"picked":"Coffee Dripper"},{"not_picked":["Orrery","Sozu"],"picked":"Mark of Pain"}],"items_purged_floors":[5,37],"is_endless":false,"potions_floor_spawned":[1,2,10,18,27,30,31,33,36,40,46,48],"ascension_level":1}