{"gold_per_floor":[115,135,60,77,42,70,70,130,130,140,171,171,141,2,2,105,105,115,115,115,147,133,163,163,183,183,197,197,210,236,247,247,344,394,409,427,225,225,245,245,279,299,373,373,108,121,121,141,141,141,141,141,62,93,93],"floor_reached":55,"playtime":2418,"items_purged":["Decay","Strike_G","Strike_G"],"score":1233,"play_id":"dd625730-83c4-4aed-aa6f-e86b2828a3fb","local_time":"20190319032638","is_ascension_mode":true,"campfire_choices":[{"data":"Catalyst","floor":7,"key":"SMITH"},{"floor":15,"key":"REST"},{"floor":24,"key":"REST"},{"floor":28,"key":"REST"},{"floor":32,"key":"REST"},{"floor":40,"key":"REST"},{"floor":44,"key":"RECALL"},{"floor":49,"key":"REST"},{"floor":52,"key":"REST"}],"neow_cost":"CURSE","seed_source_timestamp":523549933675979,"circlet_count":0,"master_deck":["AscendersBane","Defend_G+1","Defend_G","Defend_G","Defend_G","Defend_G","Survivor","Neutralize","Deadly Poison","Catalyst+1","Crippling Poison","Poisoned Stab","Backflip","Deflect","Catalyst","Burst","Doppelganger+1","Well Laid Plans+1","Crippling Poison+1","Cloak And Dagger","Backflip","Burst","Deadly Poison","Terror+1","Cloak And Dagger","Bouncing Flask+1","Dash","Caltrops+1","Bouncing Flask","Catalyst+1","Setup","Mayhem","Escape Plan","Footwork+1","Footwork","Blur","Footwork","Footwork"],"relics":["Ring of the Snake","Boot","FossilizedHelix","Ornamental Fan","Dream Catcher","NlothsMask","Astrolabe","Red Mask","The Specimen","Regal Pillow","Ninja Scroll","Tiny House","Tingsha","Happy Flower","Lantern"],"potions_floor_usage":[8,11,13,21,30,30,39,41,50],"damage_taken":[{"damage":5,"enemies":"2 Louse","floor":1,"turns":3},{"damage":10,"enemies":"Jaw Worm","floor":2,"turns":6},{"damage":19,"enemies":"Small Slimes","floor":4,"turns":4},{"damage":25,"enemies":"Gremlin Nob","floor":6,"turns":4},{"damage":9,"enemies":"Lagavulin Event","floor":8,"turns":3},{"damage":0,"enemies":"Red Slaver","floor":10,"turns":4},{"damage":2,"enemies":"Lagavulin","floor":11,"turns":4},{"damage":0,"enemies":"Looter","floor":13,"turns":4},{"damage":10,"enemies":"The Guardian","floor":16,"turns":9},{"damage":21,"enemies":"3 Byrds","floor":18,"turns":4},{"damage":11,"enemies":"Masked Bandits","floor":21,"turns":3},{"damage":8,"enemies":"2 Thieves","floor":22,"turns":4},{"damage":27,"enemies":"Gremlin Leader","floor":23,"turns":4},{"damage":16,"enemies":"Shelled Parasite and Fungi","floor":25,"turns":5},{"damage":7,"enemies":"Centurion and Healer","floor":27,"turns":5},{"damage":20,"enemies":"Snake Plant","floor":29,"turns":3},{"damage":0,"enemies":"Book of Stabbing","floor":30,"turns":3},{"damage":6,"enemies":"3 Cultists","floor":31,"turns":5},{"damage":36,"enemies":"Collector","floor":33,"turns":4},{"damage":18,"enemies":"3 Darklings","floor":35,"turns":4},{"damage":0,"enemies":"3 Shapes","floor":36,"turns":4},{"damage":17,"enemies":"Transient","floor":39,"turns":5},{"damage":1,"enemies":"Reptomancer","floor":41,"turns":5},{"damage":37,"enemies":"Writhing Mass","floor":42,"turns":4},{"damage":6,"enemies":"3 Darklings","floor":46,"turns":5},{"damage":0,"enemies":"Transient","floor":48,"turns":5},{"damage":75,"enemies":"Time Eater","floor":50,"turns":7},{"damage":70,"enemies":"Shield and Spear","floor":54,"turns":5},{"damage":20,"enemies":"The Heart","floor":55,"turns":3}],"seed_played":"4442156592443130088","potions_obtained":[{"floor":4,"key":"SkillPotion"},{"floor":6,"key":"AttackPotion"},{"floor":11,"key":"Regen Potion"},{"floor":16,"key":"AttackPotion"},{"floor":25,"key":"Strength Potion"},{"floor":27,"key":"AttackPotion"},{"floor":30,"key":"EssenceOfSteel"},{"floor":31,"key":"PowerPotion"},{"floor":33,"key":"Poison Potion"},{"floor":41,"key":"Explosive Potion"},{"floor":46,"key":"Regen Potion"}],"is_trial":false,"path_per_floor":["M","M","$","M","?","E","R","?","T","M","E","?","M","$","R","B",null,"M","?","T","?","M","E","R","M","T","M","R","M","E","M","R","B",null,"M","M","$","?","M","R","E","M","T","R","$","M","?","M","R","B",null,"R","$","E","B"],"character_chosen":"THE_SILENT","items_purchased":["Well Laid Plans","Setup","Happy Flower","Footwork","Blur","Footwork"],"campfire_rested":7,"item_purchase_floors":[14,37,45,45,45,53],"current_hp_per_floor":[72,62,62,43,64,39,39,30,30,30,28,28,42,42,67,57,77,56,56,56,45,37,10,35,19,19,12,52,32,32,26,66,30,76,58,58,58,58,41,82,81,44,44,44,44,38,38,38,79,18,71,89,89,19,0],"gold":93,"neow_bonus":"TWENTY_PERCENT_HP_BONUS","is_prod":false,"is_daily":false,"chose_seed":false,"campfire_upgraded":1,"win_rate":0,"timestamp":1552976798,"path_taken":["M","M","$","M","?","E","R","?","T","M","E","?","?","$","R","BOSS","M","?","?","?","M","E","R","M","T","M","R","M","E","?","R","BOSS","M","M","$","?","M","R","E","M","T","R","$","M","?","?","R","BOSS","R","$","E","BOSS"],"build_version":"2019-01-23","purchased_purges":3,"victory":false,"max_hp_per_floor":[84,84,84,84,84,84,84,84,84,84,84,84,84,84,84,84,84,84,84,84,84,84,84,84,84,84,84,84,84,84,84,84,84,89,89,89,89,89,89,89,89,89,89,89,89,89,89,89,89,89,89,89,89,89,89],"card_choices":[{"not_picked":["Acrobatics","Blade Dance"],"picked":"Deadly Poison","floor":1},{"not_picked":["Slice","Blade Dance"],"picked":"Catalyst","floor":2},{"not_picked":["Prepared","PiercingWail"],"picked":"Crippling Poison","floor":4},{"not_picked":["Quick Slash","Predator"],"picked":"Poisoned Stab","floor":6},{"not_picked":["Quick Slash","Calculated Gamble"],"picked":"Backflip","floor":8},{"not_picked":["Acrobatics","Calculated Gamble"],"picked":"Deflect","floor":10},{"not_picked":["Endless Agony","Acrobatics"],"picked":"Deflect","floor":11},{"not_picked":["Acrobatics","Eviscerate","Tactician"],"picked":"SKIP","floor":13},{"not_picked":["Noxious Fumes","Poisoned Stab"],"picked":"Catalyst","floor":15},{"not_picked":["Grand Finale","Glass Knife"],"picked":"Burst","floor":16},{"not_picked":["Riddle With Holes","Underhanded Strike"],"picked":"Cloak And Dagger","floor":18},{"not_picked":["Tactician","Poisoned Stab"],"picked":"Deadly Poison","floor":22},{"not_picked":["Riddle With Holes+1","Sucker Punch"],"picked":"Terror+1","floor":23},{"not_picked":["Tools of the Trade","Quick Slash"],"picked":"Cloak And Dagger","floor":25},{"not_picked":["Deadly Poison","Dagger Throw","Setup"],"picked":"SKIP","floor":27},{"not_picked":["Accuracy","Dodge and Roll"],"picked":"Bouncing Flask+1","floor":28},{"not_picked":["Infinite Blades","Sucker Punch","Distraction+1"],"picked":"SKIP","floor":29},{"not_picked":["Acrobatics","Bane+1"],"picked":"Dash","floor":30},{"not_picked":["Deflect+1","Crippling Poison+1"],"picked":"Caltrops+1","floor":31},{"not_picked":["Escape Plan","Quick Slash"],"picked":"Bouncing Flask","floor":32},{"not_picked":["Deadly Poison+1","Dagger Throw","Underhanded Strike+1"],"picked":"SKIP","floor":35},{"not_picked":["Heel Hook+1","Backstab"],"picked":"Catalyst+1","floor":36},{"not_picked":["PanicButton","Chrysalis"],"picked":"Mayhem","floor":38},{"not_picked":["Heel Hook+1","Deflect","All Out Attack"],"picked":"SKIP","floor":39},{"not_picked":["Poisoned Stab+1","Deadly Poison+1"],"picked":"Escape Plan","floor":40},{"not_picked":["Caltrops","Underhanded Strike+1"],"picked":"Footwork+1","floor":41},{"not_picked":["Flechettes+1","Poisoned Stab+1","Prepared"],"picked":"SKIP","floor":42},{"not_picked":["Underhanded Strike+1","Flying Knee+1"],"picked":"Footwork","floor":46},{"not_picked":["Outmaneuver","Crippling Poison+1","Venomology"],"picked":"SKIP","floor":48},{"not_picked":["Cloak And Dagger","Blade Dance+1","Bane+1"],"picked":"SKIP","floor":54}],"player_experience":971740,"relics_obtained":[{"floor":6,"key":"Boot"},{"floor":8,"key":"FossilizedHelix"},{"floor":9,"key":"Ornamental Fan"},{"floor":11,"key":"Dream Catcher"},{"floor":21,"key":"Red Mask"},{"floor":23,"key":"The Specimen"},{"floor":26,"key":"Regal Pillow"},{"floor":30,"key":"Ninja Scroll"},{"floor":41,"key":"Tingsha"},{"floor":54,"key":"Lantern"}],"event_choices":[{"damage_healed":21,"gold_gain":0,"player_choice":"Healed","damage_taken":0,"max_hp_gain":0,"max_hp_loss":0,"event_name":"The Cleric","floor":5,"gold_loss":35},{"damage_healed":0,"gold_gain":30,"player_choice":"Searched \u00272\u0027 times","damage_taken":0,"max_hp_gain":0,"max_hp_loss":0,"event_name":"Dead Adventurer","floor":8,"gold_loss":0},{"damage_healed":0,"gold_gain":0,"player_choice":"Trade","damage_taken":0,"relics_obtained":["NlothsMask"],"max_hp_gain":0,"max_hp_loss":0,"event_name":"FaceTrader","floor":12,"gold_loss":0},{"damage_healed":0,"gold_gain":0,"cards_transformed":["Well Laid Plans","Deflect"],"player_choice":"Became Test Subject","damage_taken":0,"max_hp_gain":0,"max_hp_loss":0,"event_name":"Drug Dealer","floor":19,"gold_loss":0,"cards_obtained":["Backflip","Burst"]},{"damage_healed":0,"gold_gain":0,"player_choice":"Fought Bandits","damage_taken":0,"max_hp_gain":0,"max_hp_loss":0,"event_name":"Masked Bandits","floor":21,"gold_loss":0},{"damage_healed":0,"gold_gain":0,"player_choice":"Memory 1","damage_taken":0,"max_hp_gain":0,"max_hp_loss":0,"event_name":"SensoryStone","floor":38,"gold_loss":0},{"damage_healed":0,"gold_gain":0,"player_choice":"Got Potions","damage_taken":0,"max_hp_gain":0,"max_hp_loss":0,"event_name":"Lab","floor":47,"gold_loss":0}],"is_beta":false,"boss_relics":[{"not_picked":["Fusion Hammer","Black Star"],"picked":"Astrolabe"},{"not_picked":["Runic Pyramid","Philosopher\u0027s Stone"],"picked":"Tiny House"}],"items_purged_floors":[3,14,37],"is_endless":false,"potions_floor_spawned":[4,6,11,16,25,27,30,31,33,41,46],"killed_by":"The Heart","ascension_level":11}