{"gold_per_floor":[113,127,101,115,115,147,147,173,173,173,173,173,173,190,190,294,294,305,305,321,36,36,36,53,53,103,103,103,114,125,125],"floor_reached":31,"playtime":956,"items_purged":[],"score":316,"play_id":"0deb336f-b186-48af-be99-6ec91b848f1b","local_time":"20190506121033","is_ascension_mode":true,"campfire_choices":[{"data":"Flame Barrier","floor":7,"key":"SMITH"},{"data":"Sword Boomerang","floor":12,"key":"SMITH"},{"data":"Shrug It Off","floor":15,"key":"SMITH"},{"data":"Madness","floor":23,"key":"SMITH"},{"data":"Shrug It Off","floor":25,"key":"SMITH"},{"data":"Flex","floor":27,"key":"SMITH"}],"neow_cost":"NONE","seed_source_timestamp":77376721384400,"circlet_count":0,"master_deck":["Strike_R","Strike_R","Strike_R","Strike_R","Defend_R","Defend_R","Defend_R","Defend_R+1","Bash+1","Sword Boomerang+1","Flex+1","Shrug It Off+1","Flame Barrier+1","Power Through","Ghostly Armor","Twin Strike","Double Tap","Evolve","Sword Boomerang+1","Wild Strike","Shrug It Off+1","Madness+1","Headbutt+1","Wild Strike","Shrug It Off+1"],"relics":["Burning Blood","NeowsBlessing","Potion Belt","Pear","Red Skull","Empty Cage","Regal Pillow"],"potions_floor_usage":[8,16,30,31],"damage_taken":[{"damage":0,"enemies":"Cultist","floor":1,"turns":1},{"damage":0,"enemies":"2 Louse","floor":2,"turns":1},{"damage":0,"enemies":"Small Slimes","floor":4,"turns":1},{"damage":51,"enemies":"3 Sentries","floor":6,"turns":15},{"damage":17,"enemies":"Gremlin Nob","floor":8,"turns":5},{"damage":0,"enemies":"2 Fungi Beasts","floor":14,"turns":3},{"damage":8,"enemies":"Slime Boss","floor":16,"turns":6},{"damage":1,"enemies":"3 Byrds","floor":18,"turns":3},{"damage":15,"enemies":"Chosen","floor":20,"turns":5},{"damage":38,"enemies":"Centurion and Healer","floor":24,"turns":11},{"damage":20,"enemies":"Snecko","floor":29,"turns":5},{"damage":3,"enemies":"Snake Plant","floor":30,"turns":3},{"damage":15,"enemies":"Book of Stabbing","floor":31,"turns":4}],"seed_played":"7497776352858256057","potions_obtained":[{"floor":2,"key":"Weak Potion"},{"floor":8,"key":"Fire Potion"},{"floor":18,"key":"PowerPotion"},{"floor":24,"key":"Poison Potion"}],"is_trial":false,"path_per_floor":["M","M","$","M","?","E","R","E","T","?","?","R","?","M","R","B",null,"M","?","M","$","?","R","M","R","T","R","?","M","M","E"],"character_chosen":"IRONCLAD","items_purchased":["Shrug It Off","Shrug It Off","Regal Pillow","Madness"],"campfire_rested":0,"item_purchase_floors":[3,21,21,21],"current_hp_per_floor":[78,80,80,80,80,35,35,34,34,16,38,38,38,44,44,42,76,81,81,72,72,72,72,40,40,40,40,23,9,12,0],"gold":125,"neow_bonus":"THREE_ENEMY_KILL","is_prod":false,"is_daily":false,"chose_seed":false,"campfire_upgraded":6,"win_rate":0,"timestamp":1557159033,"path_taken":["M","M","$","?","?","E","R","E","T","?","?","R","?","?","R","BOSS","M","?","?","$","?","R","M","R","T","R","?","M","M","E"],"build_version":"2019-01-23","purchased_purges":0,"victory":false,"max_hp_per_floor":[80,80,80,80,80,80,80,90,90,90,90,90,90,90,90,90,87,87,87,87,87,87,87,87,87,87,87,92,92,92,92],"card_choices":[{"not_picked":["Flex","Body Slam"],"picked":"Sword Boomerang","floor":1},{"not_picked":["Double Tap","Heavy Blade"],"picked":"Flex","floor":2},{"not_picked":["Shrug It Off","Seeing Red"],"picked":"Flame Barrier","floor":4},{"not_picked":["Searing Blow","Bludgeon"],"picked":"Power Through","floor":6},{"not_picked":["Clothesline","Uppercut"],"picked":"Ghostly Armor","floor":8},{"not_picked":["Shockwave","Perfected Strike"],"picked":"Twin Strike","floor":14},{"not_picked":["Dark Embrace","Bludgeon"],"picked":"Double Tap","floor":16},{"not_picked":["Burning Pact","Heavy Blade"],"picked":"Evolve","floor":18},{"not_picked":["Sentinel+1","Warcry+1"],"picked":"Wild Strike","floor":20},{"not_picked":["Clothesline+1","Flame Barrier"],"picked":"Headbutt+1","floor":24},{"not_picked":["Heavy Blade","Sword Boomerang"],"picked":"Wild Strike","floor":29},{"not_picked":["Heavy Blade+1","Immolate"],"picked":"Shrug It Off+1","floor":30}],"player_experience":158927,"relics_obtained":[{"floor":6,"key":"Potion Belt"},{"floor":8,"key":"Pear"},{"floor":9,"key":"Red Skull"}],"event_choices":[{"damage_healed":0,"gold_gain":0,"player_choice":"Ignored","damage_taken":0,"max_hp_gain":0,"max_hp_loss":0,"event_name":"Golden Wing","floor":5,"gold_loss":0},{"damage_healed":0,"gold_gain":0,"player_choice":"Entered Light","damage_taken":18,"max_hp_gain":0,"max_hp_loss":0,"event_name":"Shining Light","floor":10,"gold_loss":0,"cards_upgraded":["Bash","Defend_R"]},{"damage_healed":22,"gold_gain":0,"player_choice":"Healed and dodged fight","damage_taken":0,"max_hp_gain":0,"max_hp_loss":0,"event_name":"Mushrooms","floor":11,"gold_loss":0,"cards_obtained":["Parasite"]},{"damage_healed":0,"gold_gain":0,"player_choice":"Bought 0 Potions","damage_taken":0,"max_hp_gain":0,"max_hp_loss":0,"event_name":"The Woman in Blue","floor":13,"gold_loss":0},{"damage_healed":0,"gold_gain":0,"player_choice":"Copied","damage_taken":0,"max_hp_gain":0,"max_hp_loss":0,"event_name":"Duplicator","floor":19,"gold_loss":0,"cards_obtained":["Sword Boomerang"]},{"damage_healed":0,"gold_gain":0,"player_choice":"Ignored","damage_taken":0,"max_hp_gain":0,"max_hp_loss":0,"event_name":"Beggar","floor":22,"gold_loss":0},{"damage_healed":0,"gold_gain":0,"player_choice":"Shed Blood","damage_taken":22,"max_hp_gain":5,"max_hp_loss":0,"event_name":"Forgotten Altar","floor":28,"gold_loss":0}],"is_beta":false,"boss_relics":[{"not_picked":["Black Star","Coffee Dripper"],"picked":"Empty Cage"}],"items_purged_floors":[],"is_endless":false,"potions_floor_spawned":[2,8,18,24],"killed_by":"Book of Stabbing","ascension_level":6}