{"gold_per_floor":[118,193,39,39,49,49,59,74,97,97,132,2,36,48,60,198,210,238,269,371,397,424,436,68,68,93,93,93,162,13,71,71,194,194,219,219,22,22,66,66,129,185,185,185,216,255,155,155,155,155],"floor_reached":51,"playtime":2765,"items_purged":["Strike_G","Strike_G"],"score":902,"play_id":"e1472eeb-1853-4ddd-96c5-e87bb12fb63c","local_time":"20190304232921","is_ascension_mode":false,"campfire_choices":[{"data":"Noxious Fumes","floor":6,"key":"SMITH"},{"data":"Footwork","floor":10,"key":"SMITH"},{"data":"Poisoned Stab","floor":15,"key":"SMITH"},{"data":"Malaise","floor":23,"key":"SMITH"},{"data":"HandOfGreed","floor":27,"key":"SMITH"},{"data":"Burst","floor":32,"key":"SMITH"},{"data":"HandOfGreed","floor":40,"key":"SMITH"},{"data":"After Image","floor":49,"key":"SMITH"}],"neow_cost":"TEN_PERCENT_HP_LOSS","seed_source_timestamp":424161394790806,"circlet_count":0,"master_deck":["Defend_G","Defend_G","Defend_G","Defend_G","Defend_G","Survivor","Neutralize","Corpse Explosion","Finisher","Noxious Fumes+1","Dagger Throw","Cloak And Dagger","Footwork+1","Poisoned Stab+1","Backflip","Blind","Backflip","Malaise+1","Leg Sweep+1","Bane+1","HandOfGreed+1","Leg Sweep+1","After Image+1","Burst+1","Bullet Time","HandOfGreed+1"],"relics":["Ring of the Snake","NlothsMask","Pen Nib","MawBank","Golden Idol","Snecko Eye","DollysMirror","Ancient Tea Set","Gremlin Horn","WingedGreaves","Bag of Preparation","Busted Crown","Omamori","Art of War","Boot","Regal Pillow"],"potions_floor_usage":[18,21,29,31,33,42,46,50,50],"damage_taken":[{"damage":0,"enemies":"Small Slimes","floor":1,"turns":6},{"damage":0,"enemies":"2 Louse","floor":5,"turns":2},{"damage":0,"enemies":"Cultist","floor":7,"turns":4},{"damage":11,"enemies":"Exordium Thugs","floor":8,"turns":4},{"damage":23,"enemies":"Gremlin Nob","floor":11,"turns":5},{"damage":0,"enemies":"Lagavulin","floor":13,"turns":6},{"damage":3,"enemies":"Hexaghost","floor":16,"turns":9},{"damage":0,"enemies":"Spheric Guardian","floor":18,"turns":4},{"damage":0,"enemies":"Chosen","floor":19,"turns":6},{"damage":0,"enemies":"Snake Plant","floor":21,"turns":5},{"damage":2,"enemies":"Centurion and Healer","floor":22,"turns":5},{"damage":0,"enemies":"Book of Stabbing","floor":29,"turns":6},{"damage":0,"enemies":"Slavers","floor":31,"turns":3},{"damage":17,"enemies":"Collector","floor":33,"turns":9},{"damage":4,"enemies":"3 Darklings","floor":35,"turns":3},{"damage":0,"enemies":"Orb Walker","floor":39,"turns":3},{"damage":0,"enemies":"4 Shapes","floor":41,"turns":5},{"damage":13,"enemies":"Nemesis","floor":42,"turns":11},{"damage":0,"enemies":"Giant Head","floor":45,"turns":9},{"damage":0,"enemies":"Nemesis","floor":46,"turns":7},{"damage":5,"enemies":"Time Eater","floor":50,"turns":10}],"seed_played":"-1225479544841413126","potions_obtained":[{"floor":5,"key":"SpeedPotion"},{"floor":11,"key":"Swift Potion"},{"floor":13,"key":"Energy Potion"},{"floor":21,"key":"Explosive Potion"},{"floor":29,"key":"EssenceOfSteel"},{"floor":31,"key":"SteroidPotion"},{"floor":35,"key":"EssenceOfSteel"},{"floor":41,"key":"Strength Potion"},{"floor":42,"key":"Swift Potion"}],"is_trial":false,"path_per_floor":["M","?","$","?","M","R","M","M","T","R","E","$","E","?","R","B",null,"M","M","?","M","M","R","$","?","T","R","T","E","$","E","R","B",null,"M","?","$","?","M","R","M","E","T","?","E","E","$","?","R","B",null],"character_chosen":"THE_SILENT","items_purchased":["Noxious Fumes","Backflip","Blind","HandOfGreed","DollysMirror","Bag of Preparation","HandOfGreed"],"campfire_rested":0,"item_purchase_floors":[3,12,12,24,24,30,37],"current_hp_per_floor":[63,52,52,52,52,52,52,41,41,41,18,18,18,18,18,15,58,58,58,40,40,38,38,38,38,38,38,38,38,38,38,38,21,58,54,54,54,54,54,54,54,41,41,41,41,41,41,48,48,43],"gold":155,"neow_bonus":"THREE_RARE_CARDS","is_prod":false,"is_daily":false,"chose_seed":false,"campfire_upgraded":8,"win_rate":0,"timestamp":1551742161,"path_taken":["M","?","$","?","M","R","M","?","T","R","E","?","E","?","R","BOSS","M","M","?","?","M","R","$","?","T","R","?","E","$","E","R","BOSS","M","?","$","?","M","R","M","E","T","?","E","E","$","?","R","BOSS"],"build_version":"2019-02-06","purchased_purges":2,"victory":true,"max_hp_per_floor":[63,63,63,63,63,63,63,63,63,63,63,63,63,58,58,58,58,58,58,58,58,58,58,58,58,58,58,58,58,58,58,58,58,58,58,58,58,55,55,55,55,55,55,55,55,55,55,48,48,48],"card_choices":[{"not_picked":["Envenom","Die Die Die"],"picked":"Corpse Explosion","floor":0},{"not_picked":["Underhanded Strike","Choke"],"picked":"Finisher","floor":1},{"not_picked":["Outmaneuver","Slice"],"picked":"Dagger Throw","floor":5},{"not_picked":["Bouncing Flask","Deadly Poison"],"picked":"Cloak And Dagger","floor":7},{"not_picked":["Sucker Punch","Dodge and Roll"],"picked":"Footwork","floor":8},{"not_picked":["All Out Attack","Sucker Punch"],"picked":"Poisoned Stab","floor":11},{"not_picked":["Sucker Punch","Masterful Stab"],"picked":"Backflip","floor":13},{"not_picked":["Phantasmal Killer","Unload"],"picked":"Malaise","floor":16},{"not_picked":["Outmaneuver","Quick Slash","Slice"],"picked":"SKIP","floor":18},{"not_picked":["Reflex","Acrobatics","Flechettes"],"picked":"SKIP","floor":19},{"not_picked":["Tactician","Flying Knee"],"picked":"Leg Sweep+1","floor":21},{"not_picked":["Heel Hook","Distraction+1"],"picked":"Bane+1","floor":22},{"not_picked":["Escape Plan","Poisoned Stab","Dagger Throw"],"picked":"SKIP","floor":29},{"not_picked":["Outmaneuver","Dodge and Roll","Eviscerate"],"picked":"SKIP","floor":31},{"not_picked":["Glass Knife","Phantasmal Killer"],"picked":"Bullet Time","floor":33},{"not_picked":["Outmaneuver"],"picked":"SKIP","floor":35},{"not_picked":["Dodge and Roll"],"picked":"SKIP","floor":39},{"not_picked":["Endless Agony"],"picked":"SKIP","floor":41},{"not_picked":["Terror+1"],"picked":"SKIP","floor":42},{"not_picked":["Cloak And Dagger"],"picked":"SKIP","floor":45},{"not_picked":["Flechettes+1"],"picked":"SKIP","floor":46}],"player_experience":1015040,"relics_obtained":[{"floor":11,"key":"Pen Nib"},{"floor":13,"key":"MawBank"},{"floor":26,"key":"Ancient Tea Set"},{"floor":28,"key":"Gremlin Horn"},{"floor":29,"key":"WingedGreaves"},{"floor":42,"key":"Omamori"},{"floor":43,"key":"Art of War"},{"floor":45,"key":"Boot"},{"floor":46,"key":"Regal Pillow"}],"event_choices":[{"damage_healed":0,"gold_gain":75,"player_choice":"Gather Gold","damage_taken":11,"max_hp_gain":0,"max_hp_loss":0,"event_name":"World of Goop","floor":2,"gold_loss":0},{"damage_healed":0,"gold_gain":0,"player_choice":"Trade","damage_taken":0,"relics_obtained":["NlothsMask"],"max_hp_gain":0,"max_hp_loss":0,"event_name":"FaceTrader","floor":4,"gold_loss":0},{"damage_healed":0,"gold_gain":0,"player_choice":"Lose Max HP","damage_taken":0,"relics_obtained":["Golden Idol"],"max_hp_gain":0,"max_hp_loss":5,"event_name":"Golden Idol","floor":14,"gold_loss":0},{"damage_healed":0,"gold_gain":90,"player_choice":"GOLD POTION ","damage_taken":18,"max_hp_gain":0,"max_hp_loss":0,"event_name":"Knowing Skull","floor":20,"potions_obtained":["Poison Potion"],"gold_loss":0,"cards_obtained":[]},{"damage_healed":0,"gold_gain":0,"cards_transformed":["Strike_G","Strike_G"],"player_choice":"Became Test Subject","damage_taken":0,"max_hp_gain":0,"max_hp_loss":0,"event_name":"Drug Dealer","floor":25,"gold_loss":0,"cards_obtained":["After Image","Burst"]},{"damage_healed":0,"gold_gain":0,"player_choice":"Ignored","damage_taken":0,"max_hp_gain":0,"max_hp_loss":0,"event_name":"Tomb of Lord Red Mask","floor":36,"gold_loss":0},{"damage_healed":0,"gold_gain":0,"player_choice":"Max HP","damage_taken":0,"max_hp_gain":0,"max_hp_loss":3,"event_name":"Winding Halls","floor":38,"gold_loss":0},{"cards_removed":["Strike_G"],"damage_healed":0,"gold_gain":0,"player_choice":"Removed Attack","damage_taken":0,"max_hp_gain":0,"max_hp_loss":0,"event_name":"Falling","floor":44,"gold_loss":0},{"damage_healed":48,"gold_gain":0,"player_choice":"Heal","damage_taken":0,"max_hp_gain":0,"max_hp_loss":7,"event_name":"The Moai Head","floor":48,"gold_loss":0}],"is_beta":true,"boss_relics":[{"not_picked":["Runic Dome","Lizard Tail"],"picked":"Snecko Eye"},{"not_picked":["Astrolabe","Eternal Feather"],"picked":"Busted Crown"}],"items_purged_floors":[3,47],"is_endless":false,"potions_floor_spawned":[5,11,13,21,29,31,35,41,42],"ascension_level":0}