{"gold_per_floor":[115,290,290,24,24,24,24,24,24,24,24,37,37,80,80,179,179,199,169,20,40,61,102,102,102],"floor_reached":25,"playtime":728,"items_purged":["Doubt"],"score":396,"play_id":"feb2a32d-d8f8-457f-a5bb-8a3ed4eb5f9d","local_time":"20190411000442","is_ascension_mode":true,"campfire_choices":[{"data":"Neutralize","floor":6,"key":"SMITH"},{"data":"PiercingWail","floor":10,"key":"SMITH"},{"data":"Dagger Spray","floor":13,"key":"SMITH"},{"data":"Storm of Steel","floor":15,"key":"SMITH"},{"floor":24,"key":"REST"}],"neow_cost":"NONE","seed_source_timestamp":821266439549358,"circlet_count":0,"master_deck":["AscendersBane","Defend_G","Defend_G","Defend_G","Defend_G","Defend_G","Strike_G+1","Strike_G","Survivor+1","Neutralize+1","PiercingWail+1","Injury","Dagger Spray+1","Storm of Steel+1","Bullet Time","Calculated Gamble+1","Heel Hook+1","Accuracy+1","Masterful Stab","Backflip+1"],"relics":["Ring of the Snake","NeowsBlessing","Gambling Chip","Medical Kit","Golden Idol","Question Card","Ninja Scroll","Astrolabe","Bag of Marbles","Paper Crane"],"potions_floor_usage":[16,23,23],"damage_taken":[{"damage":0,"enemies":"Jaw Worm","floor":1,"turns":1},{"damage":0,"enemies":"2 Louse","floor":12,"turns":1},{"damage":0,"enemies":"3 Sentries","floor":14,"turns":1},{"damage":36,"enemies":"Hexaghost","floor":16,"turns":13},{"damage":0,"enemies":"Spheric Guardian","floor":18,"turns":3},{"damage":0,"enemies":"3 Byrds","floor":21,"turns":5},{"damage":0,"enemies":"Snake Plant","floor":22,"turns":2},{"damage":18,"enemies":"Gremlin Leader","floor":23,"turns":4},{"damage":62,"enemies":"Book of Stabbing","floor":25,"turns":7}],"seed_played":"-2179075768144673151","potions_obtained":[{"floor":12,"key":"Strength Potion"},{"floor":19,"key":"AttackPotion"},{"floor":19,"key":"SneckoOil"},{"floor":23,"key":"Energy Potion"}],"is_trial":false,"path_per_floor":["M","?","T","$","?","R","$","?","T","R","$","M","R","E","R","B",null,"M","?","$","M","M","E","R","E"],"character_chosen":"THE_SILENT","items_purchased":["Medical Kit","Bag of Marbles"],"campfire_rested":1,"item_purchase_floors":[4,20],"current_hp_per_floor":[63,63,63,63,63,63,63,49,49,49,49,49,49,49,49,13,56,56,56,56,56,56,38,59,0],"gold":102,"neow_bonus":"THREE_ENEMY_KILL","is_prod":false,"is_daily":false,"chose_seed":false,"campfire_upgraded":4,"win_rate":0,"timestamp":1554951882,"path_taken":["M","?","?","?","?","R","?","?","T","R","$","M","R","E","R","BOSS","M","?","?","M","M","E","R","E"],"build_version":"2019-01-23","purchased_purges":1,"victory":false,"max_hp_per_floor":[70,70,70,70,70,70,70,70,70,70,70,70,70,70,70,70,70,70,70,70,70,70,70,70,70],"card_choices":[{"not_picked":["Underhanded Strike","Acrobatics"],"picked":"PiercingWail","floor":1},{"not_picked":["Quick Slash","Expertise","Setup"],"picked":"Dagger Spray","floor":12},{"not_picked":["Skewer","Dodge and Roll","Bane"],"picked":"Storm of Steel","floor":14},{"not_picked":["Night Terror","Wraith Form v2","Unload"],"picked":"Bullet Time","floor":16},{"not_picked":["PiercingWail","Underhanded Strike","Dagger Spray","Eviscerate"],"picked":"SKIP","floor":18},{"not_picked":["Noxious Fumes","Prepared","Bane"],"picked":"Masterful Stab","floor":21},{"not_picked":["Dagger Spray","Outmaneuver+1","Deadly Poison","Tactician"],"picked":"SKIP","floor":22},{"not_picked":["Well Laid Plans","Sucker Punch","Dodge and Roll"],"picked":"Backflip+1","floor":23}],"player_experience":1073708,"relics_obtained":[{"floor":3,"key":"Gambling Chip"},{"floor":9,"key":"Question Card"},{"floor":14,"key":"Ninja Scroll"},{"floor":23,"key":"Paper Crane"}],"event_choices":[{"damage_healed":0,"gold_gain":175,"player_choice":"AGREE","damage_taken":0,"max_hp_gain":0,"max_hp_loss":0,"event_name":"Liars Game","floor":2,"gold_loss":0,"cards_obtained":["Doubt"]},{"damage_healed":0,"gold_gain":0,"player_choice":"Take Wound","damage_taken":0,"relics_obtained":["Golden Idol"],"max_hp_gain":0,"max_hp_loss":0,"event_name":"Golden Idol","floor":5,"gold_loss":0,"cards_obtained":["Injury"]},{"damage_healed":0,"gold_gain":0,"player_choice":"Entered Light","damage_taken":14,"max_hp_gain":0,"max_hp_loss":0,"event_name":"Shining Light","floor":8,"gold_loss":0,"cards_upgraded":["Strike_G","Survivor"]},{"damage_healed":0,"gold_gain":0,"player_choice":"Bought 2 Potions","damage_taken":0,"max_hp_gain":0,"max_hp_loss":0,"event_name":"The Woman in Blue","floor":19,"gold_loss":0}],"is_beta":false,"boss_relics":[{"not_picked":["HoveringKite","Coffee Dripper"],"picked":"Astrolabe"}],"items_purged_floors":[4],"is_endless":false,"potions_floor_spawned":[12,21,23],"killed_by":"Book of Stabbing","ascension_level":13}