{"gold_per_floor":[111,129,129,146,146,146,178,178,178,212,223,235,267,267,267,342,342,354,368,388,406,406,441,441,327,405,1,1,14,41,58,58,135,135,153,153,173,188,199,226,244,77,77,77,108,118,144,144,144,144,144,144,64,64],"floor_reached":54,"playtime":4404,"items_purged":["Strike_G","Writhe"],"score":1299,"play_id":"97f7eed4-95a5-4f45-b4f6-16d7b1e13ff7","local_time":"20190427230216","is_ascension_mode":true,"campfire_choices":[{"data":"Bouncing Flask","floor":6,"key":"SMITH"},{"data":"Neutralize","floor":15,"key":"SMITH"},{"floor":24,"key":"REST"},{"floor":28,"key":"REST"},{"floor":32,"key":"REST"},{"floor":44,"key":"REST"},{"floor":49,"key":"RECALL"},{"floor":52,"key":"REST"}],"neow_cost":"NONE","seed_source_timestamp":1411721713822476,"circlet_count":0,"master_deck":["AscendersBane","Defend_G","Defend_G","Defend_G","Defend_G","Defend_G+1","Strike_G+1","Survivor","Neutralize+1","Noxious Fumes+1","Bouncing Flask+1","Deadly Poison","Backflip","Backstab","Deadly Poison","PiercingWail","Adrenaline","Dash","Concentrate","Grand Finale","Escape Plan","Caltrops","Calculated Gamble","Leg Sweep","Backflip","Bouncing Flask","Noxious Fumes","Bullet Time","Escape Plan","Burst","Crippling Poison+1","Backflip+1","Dash+1"],"relics":["Ring of the Snake","NeowsBlessing","Meat on the Bone","Centennial Puzzle","The Courier","Pen Nib","Sozu","Mercury Hourglass","Bottled Tornado","Orichalcum","Black Star","GremlinMask","Ancient Tea Set","Toxic Egg 2","Oddly Smooth Stone","Ninja Scroll","Sundial","Snake Skull","Mango","Nunchaku"],"potions_floor_usage":[7,7,13,18],"damage_taken":[{"damage":0,"enemies":"Cultist","floor":1,"turns":1},{"damage":0,"enemies":"2 Louse","floor":2,"turns":1},{"damage":0,"enemies":"Small Slimes","floor":4,"turns":1},{"damage":17,"enemies":"Lagavulin","floor":7,"turns":5},{"damage":7,"enemies":"Gremlin Nob","floor":10,"turns":3},{"damage":6,"enemies":"2 Fungi Beasts","floor":11,"turns":3},{"damage":7,"enemies":"Gremlin Gang","floor":12,"turns":4},{"damage":18,"enemies":"3 Sentries","floor":13,"turns":6},{"damage":19,"enemies":"Hexaghost","floor":16,"turns":9},{"damage":0,"enemies":"Chosen","floor":18,"turns":4},{"damage":2,"enemies":"Shell Parasite","floor":19,"turns":4},{"damage":29,"enemies":"Cultist and Chosen","floor":20,"turns":7},{"damage":10,"enemies":"Centurion and Healer","floor":21,"turns":5},{"damage":34,"enemies":"Slavers","floor":23,"turns":6},{"damage":3,"enemies":"Sentry and Sphere","floor":29,"turns":5},{"damage":15,"enemies":"Book of Stabbing","floor":30,"turns":5},{"damage":4,"enemies":"Chosen and Byrds","floor":31,"turns":4},{"damage":41,"enemies":"Collector","floor":33,"turns":8},{"damage":6,"enemies":"Orb Walker","floor":35,"turns":4},{"damage":1,"enemies":"3 Darklings","floor":37,"turns":4},{"damage":3,"enemies":"Maw","floor":38,"turns":7},{"damage":16,"enemies":"Sphere and 2 Shapes","floor":39,"turns":4},{"damage":34,"enemies":"Nemesis","floor":40,"turns":9},{"damage":8,"enemies":"Transient","floor":41,"turns":5},{"damage":20,"enemies":"Giant Head","floor":45,"turns":8},{"damage":0,"enemies":"4 Shapes","floor":46,"turns":3},{"damage":22,"enemies":"Reptomancer","floor":47,"turns":6},{"damage":34,"enemies":"Donu and Deca","floor":50,"turns":6},{"damage":89,"enemies":"Shield and Spear","floor":54,"turns":6}],"seed_played":"528398313934390194","potions_obtained":[{"floor":1,"key":"SteroidPotion"},{"floor":4,"key":"SkillPotion"},{"floor":11,"key":"SkillPotion"},{"floor":16,"key":"Block Potion"}],"is_trial":false,"path_per_floor":["M","M","?","M","?","R","E","?","T","E","M","M","E","?","R","B",null,"M","M","M","M","?","E","R","$","T","$","R","M","E","M","R","B",null,"M","?","M","M","M","E","M","$","T","R","E","M","E","?","R","B",null,"R","$","E"],"character_chosen":"THE_SILENT","items_purchased":["Caltrops","Calculated Gamble","Leg Sweep","Bottled Tornado","Backflip","Bouncing Flask","Oddly Smooth Stone","Backflip+1"],"campfire_rested":5,"item_purchase_floors":[25,27,27,27,27,27,42,42],"current_hp_per_floor":[59,59,59,59,46,46,29,29,29,34,40,45,39,39,39,32,58,58,56,39,41,41,19,38,38,38,38,57,54,39,35,54,25,56,50,50,49,46,42,20,24,24,24,43,35,35,39,59,59,37,69,80,80,0],"gold":64,"neow_bonus":"THREE_ENEMY_KILL","is_prod":false,"is_daily":false,"chose_seed":false,"campfire_upgraded":2,"win_rate":0,"timestamp":1556416936,"path_taken":["M","?","?","M","?","R","E","?","T","E","?","M","E","?","R","BOSS","M","M","M","M","?","E","R","$","T","$","R","M","E","M","R","BOSS","M","?","M","?","M","E","M","?","T","R","E","M","E","?","R","BOSS","R","$","E"],"build_version":"2019-01-23","purchased_purges":2,"victory":false,"max_hp_per_floor":[66,66,66,66,66,66,66,66,66,66,66,66,66,66,66,66,66,66,66,66,66,66,66,66,66,66,66,66,66,66,66,66,66,66,66,66,66,66,66,66,66,66,66,66,66,66,80,80,80,80,80,80,80,80],"card_choices":[{"not_picked":["Infinite Blades","Catalyst"],"picked":"Noxious Fumes","floor":1},{"not_picked":["Dagger Throw","Predator"],"picked":"Bouncing Flask","floor":2},{"not_picked":["Bane","Quick Slash"],"picked":"Deadly Poison","floor":4},{"not_picked":["Underhanded Strike","Quick Slash"],"picked":"Backflip","floor":7},{"not_picked":["Terror","Flechettes"],"picked":"Deadly Poison","floor":10},{"not_picked":["Skewer","Flying Knee","Bane"],"picked":"SKIP","floor":11},{"not_picked":["Bane","Riddle With Holes"],"picked":"PiercingWail","floor":12},{"not_picked":["Dagger Spray","Outmaneuver","Terror"],"picked":"SKIP","floor":13},{"not_picked":["Storm of Steel","Corpse Explosion"],"picked":"Adrenaline","floor":16},{"not_picked":["Quick Slash","Flechettes","Dagger Spray"],"picked":"SKIP","floor":18},{"not_picked":["Deflect","Tactician","Reflex"],"picked":"SKIP","floor":19},{"not_picked":["Backstab","Predator"],"picked":"Dash","floor":20},{"not_picked":["Blade Dance","Skewer","Cloak And Dagger"],"picked":"SKIP","floor":21},{"not_picked":["PiercingWail","Reflex"],"picked":"Escape Plan","floor":23},{"not_picked":["Sucker Punch","Dagger Throw","Calculated Gamble+1"],"picked":"SKIP","floor":29},{"not_picked":["Leg Sweep","Reflex"],"picked":"Noxious Fumes","floor":30},{"not_picked":["Dagger Spray+1","Dagger Throw","Blade Dance+1"],"picked":"SKIP","floor":31},{"not_picked":["After Image","Malaise"],"picked":"Bullet Time","floor":33},{"not_picked":["Dagger Throw","Cloak And Dagger","Quick Slash"],"picked":"SKIP","floor":35},{"not_picked":["Dagger Spray","Masterful Stab+1","Poisoned Stab"],"picked":"SKIP","floor":37},{"not_picked":["Flying Knee+1","Accuracy"],"picked":"Escape Plan","floor":38},{"not_picked":["Well Laid Plans","Expertise"],"picked":"Burst","floor":39},{"not_picked":["Prepared","Poisoned Stab+1"],"picked":"Crippling Poison+1","floor":40},{"not_picked":["Dagger Spray","Sucker Punch+1","Bane"],"picked":"SKIP","floor":41},{"not_picked":["Infinite Blades+1","Bane","Unload"],"picked":"SKIP","floor":45},{"not_picked":["Heel Hook","Poisoned Stab","Underhanded Strike"],"picked":"SKIP","floor":46},{"not_picked":["All Out Attack","Terror+1"],"picked":"Dash+1","floor":47}],"player_experience":1228710,"relics_obtained":[{"floor":7,"key":"Meat on the Bone"},{"floor":9,"key":"Centennial Puzzle"},{"floor":10,"key":"The Courier"},{"floor":13,"key":"Pen Nib"},{"floor":23,"key":"Mercury Hourglass"},{"floor":30,"key":"Orichalcum"},{"floor":40,"key":"Ancient Tea Set"},{"floor":40,"key":"Toxic Egg 2"},{"floor":43,"key":"Ninja Scroll"},{"floor":45,"key":"Sundial"},{"floor":45,"key":"Snake Skull"},{"floor":47,"key":"Mango"},{"floor":47,"key":"Nunchaku"}],"event_choices":[{"damage_healed":0,"gold_gain":0,"player_choice":"Grow","damage_taken":0,"max_hp_gain":0,"max_hp_loss":0,"event_name":"Living Wall","floor":3,"gold_loss":0,"cards_upgraded":["Noxious Fumes"]},{"damage_healed":0,"gold_gain":0,"player_choice":"Entered Light","damage_taken":13,"max_hp_gain":0,"max_hp_loss":0,"event_name":"Shining Light","floor":5,"gold_loss":0,"cards_upgraded":["Defend_G","Strike_G"]},{"damage_healed":0,"gold_gain":0,"cards_transformed":["Strike_G"],"player_choice":"Transformed","damage_taken":0,"max_hp_gain":0,"max_hp_loss":0,"event_name":"Transmorgrifier","floor":8,"gold_loss":0,"cards_obtained":["Backstab"]},{"damage_healed":0,"gold_gain":0,"player_choice":"Ignored","damage_taken":0,"max_hp_gain":0,"max_hp_loss":0,"event_name":"Liars Game","floor":14,"gold_loss":0},{"damage_healed":0,"gold_gain":0,"cards_transformed":["Strike_G","Strike_G"],"player_choice":"Became Test Subject","damage_taken":0,"max_hp_gain":0,"max_hp_loss":0,"event_name":"Drug Dealer","floor":22,"gold_loss":0,"cards_obtained":["Concentrate","Grand Finale"]},{"damage_healed":0,"gold_gain":0,"player_choice":"Trade","damage_taken":0,"relics_obtained":["GremlinMask"],"max_hp_gain":0,"max_hp_loss":0,"event_name":"FaceTrader","floor":36,"gold_loss":0},{"damage_healed":20,"gold_gain":0,"player_choice":"Writhe","damage_taken":0,"max_hp_gain":0,"max_hp_loss":0,"event_name":"Winding Halls","floor":48,"gold_loss":0,"cards_obtained":["Writhe"]}],"is_beta":false,"boss_relics":[{"not_picked":["Cursed Key","Pandora\u0027s Box"],"picked":"Sozu"},{"not_picked":["Fusion Hammer","Empty Cage"],"picked":"Black Star"}],"items_purged_floors":[25,53],"is_endless":false,"potions_floor_spawned":[1,4,11,16,21,23,35,37,38,45,46],"killed_by":"Shield and Spear","ascension_level":14}