{"gold_per_floor":[112,112,112,129,204,235,235,250,250,282,282,310,310,330,330,430,430,447,447,460,535,551,579,579,604,627,627,637,667,679,692,692,793,793,810,829,840,855,865,894,894,910,910,923,942,976,976,986,986,986,986,986,14,43,43],"floor_reached":55,"playtime":4000,"items_purged":["Strike_B"],"score":1140,"play_id":"52ce933f-c2c5-49dd-9333-712afe888d00","local_time":"20190411021720","is_ascension_mode":true,"campfire_choices":[{"data":"Consume","floor":7,"key":"SMITH"},{"data":"Zap","floor":11,"key":"SMITH"},{"data":"Fusion","floor":13,"key":"SMITH"},{"data":"Electrodynamics","floor":15,"key":"SMITH"},{"data":"Seek","floor":24,"key":"SMITH"},{"data":"Capacitor","floor":32,"key":"SMITH"},{"floor":47,"key":"RECALL"},{"data":"Capacitor","floor":49,"key":"SMITH"},{"data":"Rainbow","floor":52,"key":"SMITH"}],"neow_cost":"NONE","seed_source_timestamp":2615613799043893,"circlet_count":0,"master_deck":["Strike_B","Strike_B","Defend_B","Defend_B","Defend_B","Defend_B","Zap+1","Dualcast+1","Coolheaded","Consume+1","Electrodynamics+1","BootSequence+1","Capacitor+1","Fusion+1","Capacitor+1","Seek+1","Compile Driver+1","Steam","Glacier","Rebound+1","Chill","Go for the Eyes+1","Redo","Auto Shields+1","Steam+1","Conserve Battery+1","Defragment+1","Turbo","Rainbow+1","Leap","Conserve Battery+1","Ball Lightning+1","Self Repair+1","Sweeping Beam+1","Glacier","Force Field+1","Meteor Strike","Cold Snap+1","Coolheaded","Writhe","Hologram","Storm+1","Turbo+1","FTL+1","Core Surge+1","Hologram+1","Echo Form","White Noise","Compile Driver+1","Seek"],"relics":["Cracked Core","NeowsBlessing","Unceasing Top","Symbiotic Virus","Bird Faced Urn","Juzu Bracelet","Darkstone Periapt","Philosopher\u0027s Stone","Anchor","Prayer Wheel","War Paint","Bottled Lightning","Cursed Key","Blood Vial","Potion Belt","Lantern","Toolbox","Strawberry","Whetstone"],"potions_floor_usage":[16,16,23,50,50,54,55,55,55],"damage_taken":[{"damage":0,"enemies":"2 Louse","floor":1,"turns":1},{"damage":0,"enemies":"Jaw Worm","floor":4,"turns":1},{"damage":0,"enemies":"Lagavulin","floor":6,"turns":1},{"damage":3,"enemies":"Small Slimes","floor":8,"turns":3},{"damage":29,"enemies":"Gremlin Nob","floor":10,"turns":5},{"damage":0,"enemies":"Lagavulin","floor":12,"turns":5},{"damage":2,"enemies":"Exordium Wildlife","floor":14,"turns":3},{"damage":0,"enemies":"The Guardian","floor":16,"turns":8},{"damage":1,"enemies":"2 Thieves","floor":18,"turns":2},{"damage":2,"enemies":"Chosen","floor":20,"turns":3},{"damage":3,"enemies":"Snake Plant","floor":22,"turns":3},{"damage":18,"enemies":"Book of Stabbing","floor":23,"turns":4},{"damage":14,"enemies":"Slavers","floor":25,"turns":4},{"damage":5,"enemies":"3 Cultists","floor":28,"turns":4},{"damage":0,"enemies":"Book of Stabbing","floor":29,"turns":7},{"damage":0,"enemies":"Sentry and Sphere","floor":30,"turns":3},{"damage":0,"enemies":"Centurion and Healer","floor":31,"turns":3},{"damage":0,"enemies":"Automaton","floor":33,"turns":9},{"damage":0,"enemies":"Orb Walker","floor":35,"turns":3},{"damage":8,"enemies":"3 Darklings","floor":36,"turns":4},{"damage":0,"enemies":"Maw","floor":37,"turns":7},{"damage":0,"enemies":"Spire Growth","floor":38,"turns":5},{"damage":0,"enemies":"Sphere and 2 Shapes","floor":39,"turns":6},{"damage":0,"enemies":"Nemesis","floor":40,"turns":7},{"damage":0,"enemies":"3 Darklings","floor":42,"turns":4},{"damage":0,"enemies":"Spire Growth","floor":44,"turns":4},{"damage":0,"enemies":"Jaw Worm Horde","floor":45,"turns":2},{"damage":0,"enemies":"Giant Head","floor":46,"turns":12},{"damage":3,"enemies":"Writhing Mass","floor":48,"turns":5},{"damage":6,"enemies":"Time Eater","floor":50,"turns":11},{"damage":0,"enemies":"Shield and Spear","floor":54,"turns":4},{"damage":115,"enemies":"The Heart","floor":55,"turns":6}],"seed_played":"-4939529492728252351","potions_obtained":[{"floor":4,"key":"Energy Potion"},{"floor":10,"key":"FocusPotion"},{"floor":12,"key":"Explosive Potion"},{"floor":20,"key":"FocusPotion"},{"floor":22,"key":"Explosive Potion"},{"floor":25,"key":"Fire Potion"},{"floor":33,"key":"Ancient Potion"},{"floor":40,"key":"FocusPotion"}],"is_trial":false,"path_per_floor":["M","?","?","M","?","E","R","M","T","E","R","E","R","M","R","B",null,"M","?","M","?","M","E","R","E","T","?","M","E","M","M","R","B",null,"M","M","M","M","M","E","?","M","T","M","M","E","R","M","R","B",null,"R","$","E","B"],"character_chosen":"DEFECT","items_purchased":["Lantern","Echo Form","White Noise","EssenceOfSteel","Block Potion","Toolbox","Strawberry","AttackPotion","Compile Driver"],"campfire_rested":0,"item_purchase_floors":[53,53,53,53,53,53,53,53,53],"current_hp_per_floor":[75,75,75,75,64,64,64,61,61,34,34,38,38,38,38,44,75,74,74,75,68,71,59,59,51,51,51,50,56,60,66,66,74,75,75,71,75,75,75,75,75,75,81,81,81,81,81,81,81,81,81,81,88,88,0],"gold":43,"neow_bonus":"THREE_ENEMY_KILL","is_prod":false,"is_daily":false,"chose_seed":false,"campfire_upgraded":8,"win_rate":0,"timestamp":1554963440,"path_taken":["M","?","?","?","?","E","R","M","T","E","R","E","R","M","R","BOSS","M","?","M","?","M","E","R","E","T","?","M","E","M","M","R","BOSS","M","M","M","M","M","E","?","M","T","M","M","E","R","M","R","BOSS","R","$","E","BOSS"],"build_version":"2019-04-04","purchased_purges":1,"victory":false,"max_hp_per_floor":[75,75,75,75,75,75,75,75,75,75,75,75,75,75,75,75,75,75,75,75,75,75,75,75,75,75,75,75,75,75,75,75,75,75,75,75,75,75,75,75,75,75,81,81,81,81,81,81,81,81,81,81,88,88,88],"card_choices":[{"not_picked":["Blizzard","Rebound"],"picked":"Coolheaded","floor":1},{"not_picked":["Loop","Barrage"],"picked":"Consume","floor":4},{"not_picked":["Rebound","Tempest"],"picked":"Electrodynamics","floor":6},{"not_picked":["Redo","Streamline"],"picked":"BootSequence","floor":8},{"not_picked":["Core Surge","Double Energy"],"picked":"Capacitor","floor":10},{"not_picked":["Beam Cell","Compile Driver"],"picked":"Fusion","floor":12},{"not_picked":["Sunder","Barrage"],"picked":"Capacitor","floor":14},{"not_picked":["Thunder Strike","Amplify"],"picked":"Seek","floor":16},{"not_picked":["Reprogram","Fusion"],"picked":"Compile Driver+1","floor":18},{"not_picked":["Sweeping Beam+1","Blizzard+1"],"picked":"Steam","floor":20},{"not_picked":["Compile Driver","Heatsinks","Barrage+1"],"picked":"SKIP","floor":22},{"not_picked":["Loop+1","Ball Lightning"],"picked":"Glacier","floor":23},{"not_picked":["All For One","Lockon"],"picked":"Rebound+1","floor":25},{"not_picked":["Steam","Reinforced Body"],"picked":"Go for the Eyes+1","floor":28},{"not_picked":["Barrage","Beam Cell"],"picked":"Redo","floor":28},{"not_picked":["White Noise","Steam"],"picked":"Auto Shields+1","floor":29},{"not_picked":["BootSequence","Multi-Cast"],"picked":"Steam+1","floor":30},{"not_picked":["Chaos","Auto Shields+1"],"picked":"Conserve Battery+1","floor":30},{"not_picked":["Beam Cell","Auto Shields+1"],"picked":"Defragment+1","floor":31},{"not_picked":["Sweeping Beam","Barrage+1"],"picked":"Turbo","floor":31},{"not_picked":["Reboot","Hyperbeam"],"picked":"Rainbow","floor":33},{"not_picked":["Beam Cell","Rebound"],"picked":"Leap","floor":35},{"not_picked":["Stack","Scrape","Genetic Algorithm+1"],"picked":"SKIP","floor":35},{"not_picked":["Lockon+1","Skim"],"picked":"Conserve Battery+1","floor":36},{"not_picked":["Rebound+1","Stack"],"picked":"Ball Lightning+1","floor":36},{"not_picked":["Rebound+1","Go for the Eyes"],"picked":"Self Repair+1","floor":37},{"not_picked":["BootSequence+1","Go for the Eyes","Rebound"],"picked":"SKIP","floor":37},{"not_picked":["Stack+1","Gash+1"],"picked":"Sweeping Beam+1","floor":38},{"not_picked":["Stack","Compile Driver"],"picked":"Glacier","floor":38},{"not_picked":["Genetic Algorithm+1","Blizzard+1"],"picked":"Force Field+1","floor":39},{"not_picked":["Melter","Gash","Compile Driver"],"picked":"SKIP","floor":39},{"not_picked":["Redo","Go for the Eyes+1"],"picked":"Meteor Strike","floor":40},{"not_picked":["Sweeping Beam","Compile Driver+1"],"picked":"Cold Snap+1","floor":42},{"not_picked":["Force Field+1","Rip and Tear"],"picked":"Coolheaded","floor":42},{"not_picked":["BootSequence","Cold Snap"],"picked":"Hologram","floor":44},{"not_picked":["Streamline","Steam Power+1"],"picked":"Storm+1","floor":44},{"not_picked":["Redo","Beam Cell+1"],"picked":"Turbo+1","floor":45},{"not_picked":["Fusion+1","Rebound"],"picked":"FTL+1","floor":45},{"not_picked":["Go for the Eyes","Sunder+1"],"picked":"Core Surge","floor":46},{"not_picked":["Ball Lightning+1","Cold Snap"],"picked":"Hologram+1","floor":48},{"not_picked":["Barrage+1","Steam","Double Energy"],"picked":"SKIP","floor":48},{"not_picked":["Aggregate","Fusion+1"],"picked":"Seek","floor":54}],"player_experience":5262217,"relics_obtained":[{"floor":6,"key":"Symbiotic Virus"},{"floor":9,"key":"Bird Faced Urn"},{"floor":10,"key":"Juzu Bracelet"},{"floor":12,"key":"Darkstone Periapt"},{"floor":23,"key":"Anchor"},{"floor":25,"key":"Prayer Wheel"},{"floor":26,"key":"War Paint"},{"floor":29,"key":"Bottled Lightning"},{"floor":40,"key":"Blood Vial"},{"floor":46,"key":"Potion Belt"},{"floor":54,"key":"Whetstone"}],"event_choices":[{"damage_healed":0,"gold_gain":0,"player_choice":"Box","damage_taken":0,"relics_obtained":["Unceasing Top"],"max_hp_gain":0,"max_hp_loss":0,"event_name":"Big Fish","floor":2,"gold_loss":0,"cards_obtained":["Regret"]},{"cards_removed":["Regret"],"damage_healed":0,"gold_gain":0,"player_choice":"Forget","damage_taken":0,"max_hp_gain":0,"max_hp_loss":0,"event_name":"Living Wall","floor":3,"gold_loss":0},{"damage_healed":0,"gold_gain":75,"player_choice":"Gather Gold","damage_taken":11,"max_hp_gain":0,"max_hp_loss":0,"event_name":"World of Goop","floor":5,"gold_loss":0},{"damage_healed":0,"gold_gain":0,"player_choice":"Ignored","damage_taken":0,"max_hp_gain":0,"max_hp_loss":0,"event_name":"Vampires","floor":19,"gold_loss":0},{"damage_healed":0,"gold_gain":75,"player_choice":"Touch","damage_taken":7,"max_hp_gain":0,"max_hp_loss":0,"event_name":"FaceTrader","floor":21,"gold_loss":0},{"damage_healed":0,"gold_gain":0,"player_choice":"Read","damage_taken":0,"max_hp_gain":0,"max_hp_loss":0,"event_name":"The Library","floor":27,"gold_loss":0,"cards_obtained":["Chill"]},{"cards_removed":["Strike_B"],"damage_healed":0,"gold_gain":0,"player_choice":"Removed Attack","damage_taken":0,"max_hp_gain":0,"max_hp_loss":0,"event_name":"Falling","floor":41,"gold_loss":0}],"is_beta":true,"boss_relics":[{"not_picked":["Empty Cage","Black Star"],"picked":"Philosopher\u0027s Stone"},{"not_picked":["Coffee Dripper","Tiny House"],"picked":"Cursed Key"}],"items_purged_floors":[53],"is_endless":false,"potions_floor_spawned":[4,10,12,20,22,25,28,29,33,35,40,42,44,45],"killed_by":"The Heart","ascension_level":1}