{"gold_per_floor":[109,184,184,184,16,16,50,50,50,0,15,15,43,68,68,170,170,185,185,185,185,199,199,124,124,147,165,165,96,96,119,119,215,215,228,239,139,139,139,139,14,14,44,58,58,72,72,85,85,85],"floor_reached":50,"playtime":1240,"items_purged":["Strike_B","Ball Lightning","Ball Lightning"],"score":665,"play_id":"ec870888-e2e4-4e79-876b-1a19468dc59b","local_time":"20190205205157","daily_mods":["Diverse","Flight"],"is_ascension_mode":false,"campfire_choices":[{"data":"Zap","floor":6.0,"key":"SMITH"},{"data":"Conserve Battery","floor":8.0,"key":"SMITH"},{"data":"Streamline","floor":12.0,"key":"SMITH"},{"data":"Dualcast","floor":15.0,"key":"SMITH"},{"data":"Clash","floor":23.0,"key":"SMITH"},{"data":"Shrug It Off","floor":25.0,"key":"SMITH"},{"data":"Corruption","floor":32,"key":"SMITH"},{"data":"Defend_B","floor":40,"key":"SMITH"},{"data":"Defend_B","floor":42,"key":"SMITH"},{"data":"Defend_B","floor":47,"key":"SMITH"},{"floor":49,"key":"REST"}],"neow_cost":"","seed_source_timestamp":0,"circlet_count":0,"master_deck":["Defend_B+1","Defend_B+1","Defend_B+1","Defend_B+1","Zap+1","Dualcast+1","Conserve Battery+1","Dagger Spray+1","Shrug It Off+1","Clash+1","Corruption+1","Undo+1","Hologram+1","Double Energy+1"],"special_seed":0,"relics":["Unceasing Top","PreservedInsect","Dream Catcher","Mango","Happy Flower","Odd Mushroom","White Beast Statue","Orichalcum","Omamori","Nuclear Battery","Emotion Chip","Tiny Chest"],"potions_floor_usage":[33,33,36,44,50],"damage_taken":[{"damage":2.0,"enemies":"2 Louse","floor":1.0,"turns":2.0},{"damage":2.0,"enemies":"Lagavulin","floor":7.0,"turns":6.0},{"damage":0.0,"enemies":"Small Slimes","floor":11.0,"turns":2.0},{"damage":6.0,"enemies":"Gremlin Nob","floor":13.0,"turns":3.0},{"damage":11.0,"enemies":"The Mushroom Lair","floor":14.0,"turns":3.0},{"damage":25.0,"enemies":"The Guardian","floor":16.0,"turns":9.0},{"damage":12.0,"enemies":"Shell Parasite","floor":18.0,"turns":4.0},{"damage":0.0,"enemies":"3 Byrds","floor":22.0,"turns":3.0},{"damage":1.0,"enemies":"3 Cultists","floor":27.0,"turns":6.0},{"damage":61,"enemies":"Automaton","floor":33,"turns":7},{"damage":6,"enemies":"3 Darklings","floor":35,"turns":3},{"damage":20,"enemies":"Orb Walker","floor":36,"turns":4},{"damage":23,"enemies":"Maw","floor":44,"turns":4},{"damage":0,"enemies":"Spire Growth","floor":46,"turns":3},{"damage":0,"enemies":"Writhing Mass","floor":48,"turns":2},{"damage":81,"enemies":"Time Eater","floor":50,"turns":6}],"seed_played":"3631330739043448513","potions_obtained":[{"floor":1.0,"key":"FocusPotion"},{"floor":11.0,"key":"SkillPotion"},{"floor":14.0,"key":"Explosive Potion"},{"floor":22.0,"key":"SpeedPotion"},{"floor":27.0,"key":"SkillPotion"},{"floor":33,"key":"Dexterity Potion"},{"floor":35,"key":"Explosive Potion"},{"floor":36,"key":"SkillPotion"},{"floor":44,"key":"Fruit Juice"},{"floor":46,"key":"Ancient Potion"}],"is_trial":true,"path_per_floor":["M","?","?","?","$","R","E","R","T","?","M","R","E","?","R","B",null,"M","?","?","?","M","R","$","R","T","M","?","$","?","T","R","B",null,"M","M","$","?","?","R","$","R","T","M","?","M","R","M","R","B"],"character_chosen":"DEFECT","items_purchased":["PreservedInsect","Ball Lightning","Corruption"],"campfire_rested":1,"item_purchase_floors":[5,5,29],"current_hp_per_floor":[73,62,55,60,60,60,58,58,72,72,72,72,66,55,55,30,94,82,82,82,82,82,82,82,82,82,81,81,81,81,81,81,20,94,88,68,68,68,68,68,68,68,68,50,50,50,50,50,79,0],"gold":85,"neow_bonus":"","is_prod":false,"is_daily":false,"chose_seed":true,"campfire_upgraded":10,"win_rate":0,"timestamp":1549417917,"path_taken":["M","?","?","?","$","R","E","R","T","?","?","R","E","?","R","BOSS","M","?","?","?","?","R","$","R","T","?","?","$","?","?","R","BOSS","M","?","$","?","?","R","$","R","T","?","?","?","R","M","R","BOSS"],"build_version":"2019-01-23","purchased_purges":3,"victory":false,"max_hp_per_floor":[75,75,75,80,80,80,80,80,94,94,94,94,94,94,94,94,94,94,94,94,94,94,94,94,94,94,94,94,94,94,94,94,94,94,94,94,94,94,94,94,94,94,94,99,99,99,99,99,99,99],"card_choices":[{"not_picked":["Body Slam","Bouncing Flask"],"picked":"Conserve Battery","floor":1.0},{"not_picked":["Bouncing Flask","Perfected Strike"],"picked":"Streamline","floor":7.0},{"not_picked":["Gash","Anger"],"picked":"Ball Lightning","floor":11.0},{"not_picked":["Carnage","Dodge and Roll","Go for the Eyes"],"picked":"SKIP","floor":13.0},{"not_picked":["Deadly Poison","Defragment+1"],"picked":"Dagger Spray+1","floor":18.0},{"not_picked":["FTL","Cloak And Dagger+1"],"picked":"Clash","floor":22.0},{"not_picked":["Sucker Punch+1","Clash+1","Evolve"],"picked":"SKIP","floor":27.0},{"not_picked":["Havoc+1","Caltrops+1"],"picked":"Undo+1","floor":35},{"not_picked":["Wild Strike+1","Distraction+1","Quick Slash+1"],"picked":"SKIP","floor":36},{"not_picked":["Ghostly Armor+1","Flying Knee+1","Go for the Eyes+1"],"picked":"SKIP","floor":44},{"not_picked":["Armaments","True Grit+1"],"picked":"Hologram+1","floor":46},{"not_picked":["Choke+1","Conserve Battery","Streamline+1"],"picked":"SKIP","floor":48},{"not_picked":["Rebound","Chill"],"picked":"Double Energy+1","floor":49}],"player_experience":936463,"relics_obtained":[{"floor":7.0,"key":"Dream Catcher"},{"floor":9.0,"key":"Mango"},{"floor":13.0,"key":"Happy Flower"},{"floor":14.0,"key":"Odd Mushroom"},{"floor":26.0,"key":"Orichalcum"},{"floor":31,"key":"Omamori"},{"floor":43,"key":"Tiny Chest"}],"event_choices":[{"damage_healed":0.0,"max_hp_gain":0.0,"max_hp_loss":0.0,"gold_gain":75.0,"event_name":"World of Goop","player_choice":"Gather Gold","floor":2.0,"gold_loss":0.0,"damage_taken":11.0},{"cards_removed":["Strike_B"],"damage_healed":0.0,"max_hp_gain":0.0,"max_hp_loss":0.0,"gold_gain":0.0,"event_name":"Golden Wing","player_choice":"Card Removal","floor":3.0,"gold_loss":0.0,"damage_taken":7.0},{"damage_healed":0.0,"max_hp_gain":5.0,"max_hp_loss":0.0,"gold_gain":0.0,"event_name":"Big Fish","player_choice":"Donut","floor":4.0,"gold_loss":0.0,"damage_taken":0.0},{"cards_removed":["Strike_B"],"damage_healed":0.0,"max_hp_gain":0.0,"max_hp_loss":0.0,"gold_gain":0.0,"event_name":"The Cleric","player_choice":"Card Removal","floor":10.0,"gold_loss":50.0,"damage_taken":0.0},{"damage_healed":0.0,"max_hp_gain":0.0,"max_hp_loss":0.0,"gold_gain":0.0,"event_name":"Mushrooms","player_choice":"Fought Mushrooms","floor":14.0,"gold_loss":0.0,"damage_taken":0.0},{"damage_healed":0.0,"max_hp_gain":0.0,"max_hp_loss":0.0,"gold_gain":0.0,"event_name":"The Mausoleum","player_choice":"Ignored","floor":19.0,"gold_loss":0.0,"damage_taken":0.0},{"damage_healed":0.0,"max_hp_gain":0.0,"max_hp_loss":0.0,"gold_gain":0.0,"event_name":"The Library","player_choice":"Read","floor":20.0,"gold_loss":0.0,"damage_taken":0.0,"cards_obtained":["Shrug It Off"]},{"cards_removed":["Strike_B"],"damage_healed":0.0,"max_hp_gain":0.0,"max_hp_loss":0.0,"gold_gain":0.0,"event_name":"Bonfire Elementals","player_choice":"Offered Basic","floor":21.0,"gold_loss":0.0,"damage_taken":0.0},{"damage_healed":0,"gold_gain":0,"player_choice":"Ignored","damage_taken":0,"max_hp_gain":0,"max_hp_loss":0,"event_name":"Ghosts","floor":30,"gold_loss":0},{"damage_healed":0,"gold_gain":0,"player_choice":"Ignored","damage_taken":0,"max_hp_gain":0,"max_hp_loss":0,"event_name":"Mysterious Sphere","floor":38,"gold_loss":0},{"cards_removed":["Streamline"],"damage_healed":0,"gold_gain":0,"player_choice":"Gave Card","damage_taken":0,"relics_obtained":["Emotion Chip"],"max_hp_gain":0,"max_hp_loss":0,"event_name":"WeMeetAgain","floor":39,"gold_loss":0},{"damage_healed":0,"gold_gain":0,"player_choice":"Forge","damage_taken":0,"max_hp_gain":0,"max_hp_loss":0,"event_name":"Accursed Blacksmith","floor":45,"gold_loss":0,"cards_upgraded":["Defend_B"]}],"is_beta":true,"boss_relics":[{"not_picked":["Black Star","Busted Crown"],"picked":"White Beast Statue"},{"not_picked":["Pandora\u0027s Box","Philosopher\u0027s Stone"],"picked":"Nuclear Battery"}],"items_purged_floors":[24,37,41],"is_endless":true,"potions_floor_spawned":[1,11,14,18,22,27,33,35,36,44,46,48],"killed_by":"Time Eater","ascension_level":0}