{"gold_per_floor":[116,116,79,95,95,95,109,109,135,135,165,165,191,201,201,201],"floor_reached":16,"playtime":473,"items_purged":[],"score":186,"play_id":"7dc45c45-e07d-4466-89a9-df74ff2db910","local_time":"20190204191726","is_ascension_mode":true,"campfire_choices":[{"data":"Echo Form","floor":6,"key":"SMITH"},{"data":"Echo Form","floor":8,"key":"SMITH"},{"data":"Loop","floor":15,"key":"SMITH"}],"neow_cost":"TEN_PERCENT_HP_LOSS","seed_source_timestamp":498870338198564,"circlet_count":0,"master_deck":["Strike_B","Strike_B","Strike_B","Strike_B","Defend_B","Defend_B","Defend_B","Defend_B","Zap","Dualcast","Echo Form+1","Storm","Auto Shields+1","Dark Shackles","Echo Form+1","Self Repair+1","Hello World","Loop+1","Go for the Eyes+1"],"relics":["Cracked Core","Regal Pillow","Molten Egg 2","Dodecahedron"],"potions_floor_usage":[13,16,16],"damage_taken":[{"damage":8,"enemies":"Jaw Worm","floor":1,"turns":5},{"damage":0,"enemies":"Cultist","floor":4,"turns":4},{"damage":4,"enemies":"Small Slimes","floor":7,"turns":4},{"damage":0,"enemies":"Lagavulin","floor":11,"turns":8},{"damage":39,"enemies":"Gremlin Nob","floor":13,"turns":6},{"damage":0,"enemies":"Exordium Wildlife","floor":14,"turns":4},{"damage":50,"enemies":"The Guardian","floor":16,"turns":11}],"seed_played":"-67545993457012075","potions_obtained":[{"floor":11,"key":"Energy Potion"},{"floor":13,"key":"Poison Potion"},{"floor":14,"key":"Swift Potion"}],"is_trial":false,"path_per_floor":["M","?","$","M","?","R","M","R","T","$","E","?","E","M","R","B"],"character_chosen":"DEFECT","items_purchased":["Self Repair"],"campfire_rested":0,"item_purchase_floors":[3],"current_hp_per_floor":[60,60,60,67,53,53,59,59,59,59,68,68,39,49,49,0],"gold":201,"neow_bonus":"THREE_RARE_CARDS","is_prod":false,"is_daily":false,"chose_seed":false,"campfire_upgraded":3,"win_rate":0,"timestamp":1549318646,"path_taken":["M","?","$","?","?","R","M","R","T","?","E","?","E","M","R","BOSS"],"build_version":"2019-01-23","purchased_purges":0,"victory":false,"max_hp_per_floor":[68,68,68,68,68,68,68,68,68,68,68,68,68,68,68,68],"card_choices":[{"not_picked":["All For One","Seek"],"picked":"Echo Form","floor":0},{"not_picked":["Sweeping Beam","Streamline"],"picked":"Storm","floor":1},{"not_picked":["Redo","Scrape","Fusion"],"picked":"SKIP","floor":4},{"not_picked":["Doom and Gloom","Compile Driver","Consume"],"picked":"SKIP","floor":7},{"not_picked":["Reboot","Glacier"],"picked":"Hello World","floor":11},{"not_picked":["Undo","Hologram"],"picked":"Loop","floor":13},{"not_picked":["Reinforced Body","Chaos"],"picked":"Go for the Eyes+1","floor":14}],"player_experience":717415,"relics_obtained":[{"floor":9,"key":"Regal Pillow"},{"floor":11,"key":"Molten Egg 2"},{"floor":13,"key":"Dodecahedron"}],"event_choices":[{"damage_healed":0,"gold_gain":0,"player_choice":"3 cards matched","damage_taken":0,"max_hp_gain":0,"max_hp_loss":0,"event_name":"Match and Keep!","floor":2,"gold_loss":0,"cards_obtained":["Auto Shields","Dark Shackles","Echo Form"]},{"damage_healed":0,"gold_gain":0,"player_choice":"Entered Light","damage_taken":14,"max_hp_gain":0,"max_hp_loss":0,"event_name":"Shining Light","floor":5,"gold_loss":0,"cards_upgraded":["Self Repair","Auto Shields"]},{"damage_healed":0,"gold_gain":0,"player_choice":"Ignored","damage_taken":0,"max_hp_gain":0,"max_hp_loss":0,"event_name":"Golden Wing","floor":12,"gold_loss":0}],"is_beta":false,"boss_relics":[],"items_purged_floors":[],"is_endless":false,"potions_floor_spawned":[11,13,14],"killed_by":"The Guardian","ascension_level":8}