{"gold_per_floor":[118,137,137,147,71,106,118,128,179,179],"floor_reached":10,"playtime":386,"items_purged":[],"score":95,"play_id":"f6c94c10-41ee-4dbf-aa1d-6d9ee0738574","local_time":"20190513144144","is_ascension_mode":true,"campfire_choices":[],"neow_cost":"NONE","seed_source_timestamp":424256047446500,"circlet_count":0,"master_deck":["Strike_R","Strike_R","Strike_R","Strike_R","Defend_R","Defend_R","Defend_R","Defend_R","Bash+1","Battle Trance","Sword Boomerang","Juggernaut","Intimidate","Feel No Pain","Spot Weakness","Iron Wave"],"relics":["Burning Blood","Ice Cream","Oddly Smooth Stone"],"potions_floor_usage":[4,10],"damage_taken":[{"damage":3,"enemies":"2 Louse","floor":1,"turns":3},{"damage":1,"enemies":"Cultist","floor":2,"turns":3},{"damage":4,"enemies":"Jaw Worm","floor":4,"turns":3},{"damage":43,"enemies":"Gremlin Nob","floor":6,"turns":5},{"damage":5,"enemies":"Large Slime","floor":7,"turns":7},{"damage":4,"enemies":"2 Fungi Beasts","floor":8,"turns":4},{"damage":4,"enemies":"Gremlin Gang","floor":10,"turns":3}],"seed_played":"6060649618171972340","potions_obtained":[{"floor":2,"key":"SpeedPotion"},{"floor":4,"key":"Regen Potion"},{"floor":7,"key":"Swift Potion"}],"is_trial":false,"path_per_floor":["M","M","?","M","$","E","M","M","T","M"],"character_chosen":"IRONCLAD","items_purchased":["Intimidate"],"campfire_rested":0,"item_purchase_floors":[5],"current_hp_per_floor":[75,80,80,80,80,43,44,46,46,42],"gold":179,"neow_bonus":"UPGRADE_CARD","is_prod":false,"is_daily":false,"chose_seed":false,"campfire_upgraded":0,"win_rate":0,"timestamp":1557772904,"path_taken":["M","M","?","M","$","E","M","?","T","M"],"build_version":"2019-01-23","purchased_purges":0,"victory":false,"max_hp_per_floor":[80,80,80,80,80,80,80,80,80,80],"card_choices":[{"not_picked":["Headbutt","Burning Pact"],"picked":"Battle Trance","floor":1},{"not_picked":["Intimidate","Headbutt"],"picked":"Sword Boomerang","floor":2},{"not_picked":["Sword Boomerang","Bloodletting"],"picked":"Juggernaut","floor":4},{"not_picked":["Entrench","Whirlwind"],"picked":"Feel No Pain","floor":6},{"not_picked":["Headbutt","Flex"],"picked":"Spot Weakness","floor":7},{"not_picked":["Clash","Sword Boomerang"],"picked":"Iron Wave","floor":8}],"player_experience":177453,"relics_obtained":[{"floor":6,"key":"Ice Cream"},{"floor":9,"key":"Oddly Smooth Stone"}],"event_choices":[{"cards_removed":["Strike_R"],"damage_healed":0,"gold_gain":0,"player_choice":"Purged","damage_taken":0,"max_hp_gain":0,"max_hp_loss":0,"event_name":"Purifier","floor":3,"gold_loss":0}],"is_beta":false,"boss_relics":[],"items_purged_floors":[],"is_endless":false,"potions_floor_spawned":[2,4,7],"killed_by":"Gremlin Gang","ascension_level":7}