{"gold_per_floor":[110,123,123,54,67,67,96,96,96,114,126,160,13,45,45,148,148,160,179,199,379,397,397,429,447,472,504,522,556,570,286,286,382,382,397,397,410,465,465,465,491,491,491,523,175,191,218,318,318,318,318,318,2,27,27],"floor_reached":56,"playtime":3165,"items_purged":["Regret","Strike_R","Strike_R","Strike_R"],"score":1706,"play_id":"231a2b6a-7fd5-4260-84c4-269fd1c564f0","local_time":"20190321115648","is_ascension_mode":true,"campfire_choices":[{"data":"Armaments","floor":6,"key":"SMITH"},{"data":"True Grit","floor":8,"key":"SMITH"},{"data":"Barricade","floor":15,"key":"SMITH"},{"data":"Body Slam","floor":23,"key":"SMITH"},{"data":"Juggernaut","floor":32,"key":"SMITH"},{"floor":40,"key":"RECALL"},{"floor":42,"key":"REST"},{"data":"Apotheosis","floor":49,"key":"SMITH"},{"floor":52,"key":"DIG"}],"neow_cost":"NONE","seed_source_timestamp":836795192979737,"circlet_count":0,"master_deck":["Strike_R","Strike_R","Defend_R","Defend_R+1","Defend_R+1","Defend_R","Bash","True Grit+1","Sword Boomerang","Armaments+1","Iron Wave","Barricade+1","Body Slam+1","Metallicize","Whirlwind","Juggernaut+1","Shrug It Off+1","True Grit+1","Headbutt","Rage+1","Flame Barrier+1","Feel No Pain","Shrug It Off","Demon Form","Shockwave","Warcry","Body Slam","Immolate","Body Slam+1","Apotheosis+1","Clothesline+1","Warcry+1","Havoc+1","Ghostly Armor","Flame Barrier","Dark Shackles","Havoc"],"relics":["Burning Blood","NeowsBlessing","Incense Burner","Centennial Puzzle","Ancient Tea Set","Thread and Needle","War Paint","Letter Opener","Sozu","Unceasing Top","Lantern","The Courier","Ornamental Fan","Tiny Chest","Busted Crown","Shovel","Boot","Strawberry","Happy Flower","Bag of Preparation","Ginger","Dead Branch","Kunai","Blood Vial"],"potions_floor_usage":[12,38],"damage_taken":[{"damage":0,"enemies":"Jaw Worm","floor":1,"turns":1},{"damage":0,"enemies":"Small Slimes","floor":2,"turns":1},{"damage":0,"enemies":"Cultist","floor":5,"turns":3},{"damage":29,"enemies":"3 Sentries","floor":7,"turns":12},{"damage":0,"enemies":"Red Slaver","floor":10,"turns":4},{"damage":2,"enemies":"Exordium Wildlife","floor":11,"turns":6},{"damage":7,"enemies":"Gremlin Nob","floor":12,"turns":6},{"damage":0,"enemies":"Lagavulin","floor":14,"turns":9},{"damage":0,"enemies":"The Guardian","floor":16,"turns":9},{"damage":0,"enemies":"Shell Parasite","floor":18,"turns":5},{"damage":4,"enemies":"2 Thieves","floor":19,"turns":4},{"damage":0,"enemies":"Sentry and Sphere","floor":20,"turns":5},{"damage":0,"enemies":"Cultist and Chosen","floor":22,"turns":6},{"damage":0,"enemies":"Gremlin Leader","floor":24,"turns":7},{"damage":0,"enemies":"Centurion and Healer","floor":25,"turns":7},{"damage":0,"enemies":"Book of Stabbing","floor":27,"turns":5},{"damage":5,"enemies":"3 Cultists","floor":28,"turns":5},{"damage":6,"enemies":"Gremlin Leader","floor":29,"turns":6},{"damage":5,"enemies":"Snake Plant","floor":30,"turns":6},{"damage":0,"enemies":"Automaton","floor":33,"turns":8},{"damage":0,"enemies":"3 Shapes","floor":35,"turns":5},{"damage":0,"enemies":"Orb Walker","floor":37,"turns":3},{"damage":2,"enemies":"2 Orb Walkers","floor":38,"turns":4},{"damage":29,"enemies":"Nemesis","floor":41,"turns":9},{"damage":5,"enemies":"Giant Head","floor":44,"turns":6},{"damage":0,"enemies":"Sphere and 2 Shapes","floor":46,"turns":4},{"damage":0,"enemies":"Nemesis","floor":47,"turns":5},{"damage":0,"enemies":"Mind Bloom Boss Battle","floor":48,"turns":6},{"damage":0,"enemies":"Time Eater","floor":50,"turns":11},{"damage":11,"enemies":"Shield and Spear","floor":54,"turns":5},{"damage":0,"enemies":"The Heart","floor":55,"turns":7}],"seed_played":"7900129857934330358","potions_obtained":[{"floor":7,"key":"EssenceOfSteel"},{"floor":10,"key":"Fire Potion"},{"floor":12,"key":"FearPotion"},{"floor":16,"key":"SkillPotion"}],"is_trial":false,"path_per_floor":["M","M","?","?","M","R","E","R","T","M","M","E","$","E","R","B",null,"M","M","M","?","M","R","E","M","T","E","M","E","M","$","R","B",null,"M","?","M","?","?","R","E","R","T","E","$","M","E","?","R","B",null,"R","$","E","B",null],"character_chosen":"IRONCLAD","items_purchased":["Metallicize","Shockwave","Warcry","Tiny Chest","Body Slam","Happy Flower","Bag of Preparation","Ghostly Armor","Flame Barrier","Dark Shackles"],"campfire_rested":1,"item_purchase_floors":[13,31,31,31,31,45,45,53,53,53],"current_hp_per_floor":[80,80,80,80,80,80,57,57,57,63,67,66,66,72,72,78,80,80,80,80,56,62,62,68,74,74,80,80,80,80,80,80,80,80,80,76,76,76,66,66,43,65,65,73,73,79,83,83,83,83,83,83,83,78,83],"gold":27,"neow_bonus":"THREE_ENEMY_KILL","is_prod":false,"is_daily":false,"chose_seed":false,"campfire_upgraded":6,"win_rate":0,"timestamp":1553183808,"path_taken":["M","M","?","?","?","R","E","R","T","M","M","E","?","E","R","BOSS","M","M","M","?","M","R","E","M","T","E","?","E","?","$","R","BOSS","M","?","M","?","?","R","E","R","T","E","$","M","E","?","R","BOSS","R","$","E","BOSS"],"build_version":"2019-03-15","purchased_purges":4,"victory":true,"max_hp_per_floor":[80,80,80,80,80,80,80,80,80,80,80,80,80,80,80,80,80,80,80,80,80,80,80,80,80,80,80,80,80,80,80,80,80,80,80,76,76,76,76,76,76,76,76,83,83,83,83,83,83,83,83,83,83,83,83],"card_choices":[{"not_picked":["Flex","Thunderclap"],"picked":"True Grit","floor":1},{"not_picked":["Heavy Blade","Sentinel"],"picked":"Sword Boomerang","floor":2},{"not_picked":["Burning Pact","Anger"],"picked":"Armaments","floor":5},{"not_picked":["Searing Blow","Pommel Strike"],"picked":"Iron Wave","floor":7},{"not_picked":["Shrug It Off","Dual Wield"],"picked":"Barricade","floor":10},{"not_picked":["Heavy Blade","Perfected Strike","Twin Strike"],"picked":"SKIP","floor":11},{"not_picked":["Combust","Seeing Red"],"picked":"Body Slam","floor":12},{"not_picked":["Carnage","Twin Strike"],"picked":"Whirlwind","floor":14},{"not_picked":["Reaper","Impervious"],"picked":"Juggernaut","floor":16},{"not_picked":["Battle Trance","Body Slam"],"picked":"Shrug It Off+1","floor":18},{"not_picked":["Havoc","Clothesline"],"picked":"True Grit+1","floor":19},{"not_picked":["Clothesline+1","Dark Embrace"],"picked":"Headbutt","floor":20},{"not_picked":["Armaments","Heavy Blade+1"],"picked":"Rage+1","floor":22},{"not_picked":["Whirlwind","Rupture","Combust"],"picked":"SKIP","floor":24},{"not_picked":["Blood for Blood","Heavy Blade+1","Pommel Strike"],"picked":"SKIP","floor":25},{"not_picked":["Blood for Blood","Flex"],"picked":"Flame Barrier+1","floor":27},{"not_picked":["Pommel Strike","Havoc"],"picked":"Feel No Pain","floor":28},{"not_picked":["True Grit","Clothesline"],"picked":"Shrug It Off","floor":29},{"not_picked":["Shrug It Off","Fire Breathing"],"picked":"Demon Form","floor":30},{"not_picked":["Juggernaut","Brutality"],"picked":"Immolate","floor":33},{"not_picked":[],"picked":"Body Slam+1","floor":35},{"not_picked":["Cleave+1"],"picked":"SKIP","floor":37},{"not_picked":[],"picked":"Apotheosis","floor":39},{"not_picked":["Dark Embrace"],"picked":"SKIP","floor":41},{"not_picked":[],"picked":"Clothesline+1","floor":44},{"not_picked":[],"picked":"Warcry+1","floor":46},{"not_picked":["Feel No Pain+1"],"picked":"SKIP","floor":47},{"not_picked":[],"picked":"Havoc+1","floor":48},{"not_picked":[],"picked":"Havoc","floor":54}],"player_experience":4961826,"relics_obtained":[{"floor":7,"key":"Ancient Tea Set"},{"floor":9,"key":"Thread and Needle"},{"floor":12,"key":"War Paint"},{"floor":14,"key":"Letter Opener"},{"floor":24,"key":"Unceasing Top"},{"floor":26,"key":"Lantern"},{"floor":27,"key":"The Courier"},{"floor":29,"key":"Ornamental Fan"},{"floor":38,"key":"Shovel"},{"floor":41,"key":"Boot"},{"floor":44,"key":"Strawberry"},{"floor":47,"key":"Ginger"},{"floor":48,"key":"Dead Branch"},{"floor":52,"key":"Kunai"},{"floor":54,"key":"Blood Vial"}],"event_choices":[{"damage_healed":0,"gold_gain":0,"player_choice":"Box","damage_taken":0,"relics_obtained":["Incense Burner"],"max_hp_gain":0,"max_hp_loss":0,"event_name":"Big Fish","floor":3,"gold_loss":0,"cards_obtained":["Regret"]},{"damage_healed":0,"gold_gain":0,"player_choice":"Paid Gold","damage_taken":0,"relics_obtained":["Centennial Puzzle"],"max_hp_gain":0,"max_hp_loss":0,"event_name":"WeMeetAgain","floor":4,"gold_loss":69},{"damage_healed":0,"gold_gain":180,"player_choice":"GOLD GOLD ","damage_taken":24,"max_hp_gain":0,"max_hp_loss":0,"event_name":"Knowing Skull","floor":21,"potions_obtained":[],"gold_loss":0,"cards_obtained":[]},{"damage_healed":0,"gold_gain":0,"player_choice":"Max HP","damage_taken":0,"max_hp_gain":0,"max_hp_loss":4,"event_name":"Winding Halls","floor":36,"gold_loss":0},{"damage_healed":0,"gold_gain":0,"player_choice":"Fight","damage_taken":0,"max_hp_gain":0,"max_hp_loss":0,"event_name":"Mysterious Sphere","floor":38,"gold_loss":0},{"damage_healed":0,"gold_gain":0,"player_choice":"Memory 3","damage_taken":10,"max_hp_gain":0,"max_hp_loss":0,"event_name":"SensoryStone","floor":39,"gold_loss":0},{"damage_healed":0,"gold_gain":0,"player_choice":"Fight","damage_taken":0,"max_hp_gain":0,"max_hp_loss":0,"event_name":"MindBloom","floor":48,"gold_loss":0}],"is_beta":true,"boss_relics":[{"not_picked":["Eternal Feather","Mark of Pain"],"picked":"Sozu"},{"not_picked":["Velvet Choker","Calling Bell"],"picked":"Busted Crown"}],"items_purged_floors":[13,31,45,53],"is_endless":false,"potions_floor_spawned":[7,10,12,16,22,25,28,33,38,41,44,47,48],"ascension_level":1}