{"gold_per_floor":[363,382,396,409,424,457,457,490,490,490,504,504,530,549,549,650,650,638,66,66,66,17,48,48,48,75,101,101,126,126,226,226,325,325,342,164,182,182,182,182,211,211,211,241,18,18,38,70,70,70,70,70,19,53,53],"floor_reached":56,"playtime":3570,"items_purged":["Strike_G","Shame"],"score":1489,"play_id":"588c0af8-eb89-471f-b23b-72961ce6812f","local_time":"20190412074154","is_ascension_mode":true,"campfire_choices":[{"floor":10,"key":"REST"},{"data":"Noxious Fumes","floor":15,"key":"SMITH"},{"floor":24,"key":"RECALL"},{"floor":28,"key":"REST"},{"floor":30,"key":"REST"},{"floor":32,"key":"REST"},{"floor":40,"key":"REST"},{"data":"Strike_G+1","floor":42,"key":"PURGE"},{"data":"Strike_G+1","floor":46,"key":"PURGE"},{"data":"Strike_G+1","floor":49,"key":"PURGE"},{"data":"Prepared","floor":52,"key":"PURGE"}],"neow_cost":"TEN_PERCENT_HP_LOSS","seed_source_timestamp":2721889098606646,"circlet_count":0,"master_deck":["Defend_G+1","Defend_G+1","Defend_G+1","Defend_G+1","Defend_G+1","Survivor","Neutralize","Dagger Spray","Well Laid Plans","Poisoned Stab","Poisoned Stab","Noxious Fumes+1","Tools of the Trade","Deflect","Deflect","Caltrops","After Image","Deadly Poison","Crippling Poison","Prepared","Backflip+1","Footwork","Bouncing Flask","Noxious Fumes+1","Burst","Deflect+1","Venomology","After Image","Dodge and Roll","Sucker Punch"],"relics":["Ring of the Snake","Ninja Scroll","Ancient Tea Set","Mummified Hand","Lantern","Fusion Hammer","Snake Skull","TwistedFunnel","Tough Bandages","Juzu Bracelet","Gambling Chip","PreservedInsect","Pocketwatch","Letter Opener","Busted Crown","Peace Pipe","Blood Vial","Vajra","DollysMirror","Bag of Preparation","Bag of Marbles"],"potions_floor_usage":[6,8,13,16,23,29,35,50,55,55,55,55],"damage_taken":[{"damage":0,"enemies":"Small Slimes","floor":1,"turns":5},{"damage":6,"enemies":"Cultist","floor":2,"turns":5},{"damage":1,"enemies":"Jaw Worm","floor":3,"turns":6},{"damage":8,"enemies":"2 Fungi Beasts","floor":4,"turns":3},{"damage":6,"enemies":"Exordium Wildlife","floor":5,"turns":6},{"damage":16,"enemies":"Lagavulin","floor":6,"turns":6},{"damage":5,"enemies":"3 Sentries","floor":8,"turns":6},{"damage":15,"enemies":"Exordium Thugs","floor":11,"turns":3},{"damage":14,"enemies":"Lagavulin","floor":13,"turns":7},{"damage":5,"enemies":"3 Louse","floor":14,"turns":3},{"damage":1,"enemies":"Hexaghost","floor":16,"turns":9},{"damage":1,"enemies":"2 Thieves","floor":18,"turns":4},{"damage":2,"enemies":"Slavers","floor":23,"turns":5},{"damage":2,"enemies":"Gremlin Leader","floor":27,"turns":5},{"damage":6,"enemies":"Slavers","floor":29,"turns":4},{"damage":0,"enemies":"Colosseum Slavers","floor":31,"turns":3},{"damage":0,"enemies":"Colosseum Nobs","floor":31,"turns":2},{"damage":0,"enemies":"Champ","floor":33,"turns":9},{"damage":0,"enemies":"Orb Walker","floor":35,"turns":2},{"damage":0,"enemies":"3 Darklings","floor":37,"turns":3},{"damage":5,"enemies":"Reptomancer","floor":41,"turns":5},{"damage":0,"enemies":"Giant Head","floor":44,"turns":6},{"damage":0,"enemies":"4 Shapes","floor":47,"turns":2},{"damage":2,"enemies":"Reptomancer","floor":48,"turns":5},{"damage":0,"enemies":"Awakened One","floor":50,"turns":15},{"damage":21,"enemies":"Shield and Spear","floor":54,"turns":5},{"damage":6,"enemies":"The Heart","floor":55,"turns":10}],"seed_played":"-8804348531156509040","potions_obtained":[{"floor":3,"key":"Poison Potion"},{"floor":5,"key":"Strength Potion"},{"floor":8,"key":"Ancient Potion"},{"floor":11,"key":"Regen Potion"},{"floor":13,"key":"Energy Potion"},{"floor":27,"key":"Swift Potion"},{"floor":31,"key":"Dexterity Potion"},{"floor":33,"key":"AttackPotion"},{"floor":35,"key":"Block Potion"}],"is_trial":false,"path_per_floor":["M","M","M","M","M","E","?","E","T","R","M","?","E","M","R","B",null,"M","$","?","?","$","E","R","?","T","E","R","E","R","?","R","B",null,"M","$","M","?","?","R","E","R","T","E","$","R","M","E","R","B",null,"R","$","E","B",null],"character_chosen":"THE_SILENT","items_purchased":["Snake Skull","Crippling Poison","GhostInAJar","TwistedFunnel","Prepared","GhostInAJar","DollysMirror","Dodge and Roll","SpeedPotion"],"campfire_rested":5,"item_purchase_floors":[19,19,19,19,22,36,45,45,53],"current_hp_per_floor":[63,57,56,48,42,26,19,14,14,32,17,17,18,13,13,12,63,62,62,62,62,62,60,60,60,60,58,63,57,63,63,63,63,63,63,63,63,63,63,63,58,58,58,60,60,60,62,61,61,63,63,63,63,42,38],"gold":53,"neow_bonus":"TWO_FIFTY_GOLD","is_prod":false,"is_daily":false,"chose_seed":false,"campfire_upgraded":1,"win_rate":0,"timestamp":1555069314,"path_taken":["M","M","M","M","M","E","?","E","T","R","M","?","E","?","R","BOSS","M","$","?","?","?","E","R","?","T","E","R","E","R","?","R","BOSS","M","$","M","?","?","R","E","R","T","E","$","R","M","E","R","BOSS","R","$","E","BOSS"],"build_version":"2019-04-04","purchased_purges":2,"victory":true,"max_hp_per_floor":[63,63,63,63,63,63,63,63,63,63,63,63,63,63,63,63,63,63,63,63,63,63,63,63,63,63,63,63,63,63,63,63,63,63,63,63,63,63,63,63,63,63,63,63,63,63,63,63,63,63,63,63,63,63,63],"card_choices":[{"not_picked":["Concentrate","Blade Dance"],"picked":"Dagger Spray","floor":1},{"not_picked":["Setup","Calculated Gamble"],"picked":"Well Laid Plans","floor":2},{"not_picked":["Flechettes","Flying Knee"],"picked":"Poisoned Stab","floor":3},{"not_picked":["Skewer","Escape Plan"],"picked":"Poisoned Stab","floor":4},{"not_picked":["Expertise","Well Laid Plans"],"picked":"Poisoned Stab","floor":5},{"not_picked":["Flechettes","Eviscerate"],"picked":"Noxious Fumes","floor":6},{"not_picked":["Outmaneuver","Distraction"],"picked":"Tools of the Trade","floor":8},{"not_picked":["Acrobatics","Masterful Stab"],"picked":"Deflect","floor":11},{"not_picked":["Storm of Steel","Poisoned Stab"],"picked":"Caltrops","floor":13},{"not_picked":["Choke","Flechettes","Bane"],"picked":"SKIP","floor":14},{"not_picked":["Grand Finale","Storm of Steel"],"picked":"After Image","floor":16},{"not_picked":["Prepared","Flechettes"],"picked":"Deadly Poison","floor":18},{"not_picked":["Noxious Fumes","Poisoned Stab"],"picked":"Backflip+1","floor":23},{"not_picked":["Blur","Crippling Poison"],"picked":"Footwork","floor":27},{"not_picked":["Setup","Outmaneuver+1"],"picked":"Bouncing Flask","floor":29},{"not_picked":["Terror","Crippling Poison"],"picked":"Noxious Fumes+1","floor":31},{"not_picked":["Wraith Form v2","Grand Finale"],"picked":"Burst","floor":33},{"not_picked":[],"picked":"Deflect+1","floor":35},{"not_picked":["Flechettes"],"picked":"SKIP","floor":37},{"not_picked":["Choke+1"],"picked":"SKIP","floor":41},{"not_picked":[],"picked":"Venomology","floor":44},{"not_picked":[],"picked":"Sucker Punch","floor":47},{"not_picked":[],"picked":"Prepared","floor":48},{"not_picked":["Eviscerate"],"picked":"SKIP","floor":54}],"player_experience":5284116,"relics_obtained":[{"floor":6,"key":"Ninja Scroll"},{"floor":8,"key":"Ancient Tea Set"},{"floor":9,"key":"Mummified Hand"},{"floor":13,"key":"Lantern"},{"floor":23,"key":"Juzu Bracelet"},{"floor":27,"key":"Gambling Chip"},{"floor":29,"key":"PreservedInsect"},{"floor":31,"key":"Pocketwatch"},{"floor":31,"key":"Letter Opener"},{"floor":41,"key":"Peace Pipe"},{"floor":43,"key":"Blood Vial"},{"floor":44,"key":"Vajra"},{"floor":48,"key":"Bag of Preparation"},{"floor":54,"key":"Bag of Marbles"}],"event_choices":[{"cards_removed":["Strike_G"],"damage_healed":0,"gold_gain":0,"player_choice":"Card Removal","damage_taken":7,"max_hp_gain":0,"max_hp_loss":0,"event_name":"Golden Wing","floor":7,"gold_loss":0},{"damage_healed":0,"gold_gain":0,"player_choice":"1 cards matched","damage_taken":0,"max_hp_gain":0,"max_hp_loss":0,"event_name":"Match and Keep!","floor":12,"gold_loss":0,"cards_obtained":["Deflect"]},{"damage_healed":0,"gold_gain":0,"player_choice":"Simplicity","damage_taken":0,"max_hp_gain":0,"max_hp_loss":0,"event_name":"Back to Basics","floor":20,"gold_loss":0,"cards_upgraded":["Defend_G","Defend_G","Defend_G","Defend_G","Defend_G","Strike_G","Strike_G","Strike_G"]},{"damage_healed":0,"gold_gain":0,"player_choice":"Stole Relic","damage_taken":0,"relics_obtained":["Tough Bandages"],"max_hp_gain":0,"max_hp_loss":0,"event_name":"Addict","floor":21,"gold_loss":0,"cards_obtained":["Shame"]},{"damage_healed":0,"gold_gain":0,"player_choice":"Ignored","damage_taken":0,"max_hp_gain":0,"max_hp_loss":0,"event_name":"Beggar","floor":25,"gold_loss":0},{"damage_healed":0,"gold_gain":0,"player_choice":"Fight","damage_taken":0,"max_hp_gain":0,"max_hp_loss":0,"event_name":"Colosseum","floor":31,"gold_loss":0},{"damage_healed":0,"gold_gain":0,"player_choice":"Fought Nobs","damage_taken":0,"max_hp_gain":0,"max_hp_loss":0,"event_name":"Colosseum","floor":31,"gold_loss":0},{"cards_removed":["Poisoned Stab"],"damage_healed":0,"gold_gain":0,"player_choice":"Removed Attack","damage_taken":0,"max_hp_gain":0,"max_hp_loss":0,"event_name":"Falling","floor":38,"gold_loss":0},{"damage_healed":0,"gold_gain":0,"player_choice":"Ignored","damage_taken":0,"max_hp_gain":0,"max_hp_loss":0,"event_name":"Tomb of Lord Red Mask","floor":39,"gold_loss":0}],"is_beta":true,"boss_relics":[{"not_picked":["Astrolabe","Eternal Feather"],"picked":"Fusion Hammer"},{"not_picked":["White Beast Statue","Ring of the Serpent"],"picked":"Busted Crown"}],"items_purged_floors":[19,36],"is_endless":false,"potions_floor_spawned":[3,5,8,11,13,27,31,33,35,44],"ascension_level":1}