{"gold_per_floor":[117,137,157,157,232,264,264,264,339,339,368,368,368,394,394,394],"floor_reached":16,"playtime":2024,"items_purged":[],"score":232,"play_id":"8195c930-3947-4450-a6c9-e97884ce38de","local_time":"20190125174147","is_ascension_mode":true,"campfire_choices":[{"data":"Whirlwind","floor":8,"key":"SMITH"},{"data":"Clothesline","floor":12,"key":"SMITH"},{"data":"Disarm","floor":15,"key":"SMITH"}],"neow_cost":"NONE","seed_source_timestamp":354033535442649,"circlet_count":0,"master_deck":["AscendersBane","Strike_R","Strike_R","Strike_R","Strike_R","Strike_R","Defend_R+1","Defend_R","Defend_R+1","Defend_R","Bash+1","Clothesline+1","Disarm+1","Whirlwind+1","Metallicize","Feed"],"relics":["Burning Blood","Pen Nib","Mummified Hand","Juzu Bracelet","Ancient Tea Set","Darkstone Periapt"],"potions_floor_usage":[6,11,16],"damage_taken":[{"damage":6,"enemies":"Small Slimes","floor":1,"turns":5},{"damage":16,"enemies":"Jaw Worm","floor":2,"turns":4},{"damage":0,"enemies":"2 Louse","floor":3,"turns":4},{"damage":13,"enemies":"Lagavulin","floor":6,"turns":6},{"damage":8,"enemies":"Gremlin Nob","floor":11,"turns":3},{"damage":12,"enemies":"3 Sentries","floor":14,"turns":5},{"damage":24,"enemies":"Hexaghost","floor":16,"turns":10}],"seed_played":"4852411277486945968","potions_obtained":[{"floor":2,"key":"SneckoOil"},{"floor":6,"key":"Strength Potion"},{"floor":11,"key":"Poison Potion"},{"floor":14,"key":"AttackPotion"}],"is_trial":false,"path_per_floor":["M","M","M","?","?","E","?","R","T","T","E","R","?","E","R","B"],"character_chosen":"IRONCLAD","items_purchased":[],"campfire_rested":0,"item_purchase_floors":[],"current_hp_per_floor":[68,58,64,41,30,23,28,28,28,28,26,26,26,23,23,0],"gold":394,"neow_bonus":"UPGRADE_CARD","is_prod":false,"is_daily":false,"chose_seed":false,"campfire_upgraded":3,"win_rate":0,"timestamp":1548456107,"path_taken":["M","M","M","?","?","E","?","R","T","?","E","R","?","E","R","BOSS"],"build_version":"2019-01-23","purchased_purges":0,"victory":false,"max_hp_per_floor":[75,75,75,75,75,75,80,80,80,80,80,80,80,83,83,83],"card_choices":[{"not_picked":["Headbutt","Havoc"],"picked":"Clothesline","floor":1},{"not_picked":["Perfected Strike","Havoc"],"picked":"Disarm","floor":2},{"not_picked":["Clash","Perfected Strike"],"picked":"Whirlwind","floor":3},{"not_picked":["Demon Form","Pummel"],"picked":"Metallicize","floor":6},{"not_picked":["Havoc","Perfected Strike"],"picked":"Feed","floor":11},{"not_picked":["Iron Wave","Searing Blow","Body Slam"],"picked":"SKIP","floor":14}],"player_experience":1114637,"relics_obtained":[{"floor":6,"key":"Pen Nib"},{"floor":10,"key":"Mummified Hand"},{"floor":11,"key":"Juzu Bracelet"},{"floor":14,"key":"Darkstone Periapt"}],"event_choices":[{"damage_healed":0,"gold_gain":0,"player_choice":"Entered Light","damage_taken":23,"max_hp_gain":0,"max_hp_loss":0,"event_name":"Shining Light","floor":4,"gold_loss":0,"cards_upgraded":["Defend_R","Defend_R"]},{"damage_healed":0,"gold_gain":75,"player_choice":"Gather Gold","damage_taken":11,"max_hp_gain":0,"max_hp_loss":0,"event_name":"World of Goop","floor":5,"gold_loss":0},{"damage_healed":0,"gold_gain":0,"player_choice":"Donut","damage_taken":0,"max_hp_gain":5,"max_hp_loss":0,"event_name":"Big Fish","floor":7,"gold_loss":0},{"damage_healed":0,"gold_gain":0,"player_choice":"Gave Potion","damage_taken":0,"relics_obtained":["Ancient Tea Set"],"max_hp_gain":0,"max_hp_loss":0,"event_name":"WeMeetAgain","floor":13,"gold_loss":0}],"is_beta":true,"boss_relics":[],"items_purged_floors":[],"is_endless":false,"potions_floor_spawned":[2,6,11,14],"killed_by":"Hexaghost","ascension_level":20}