{"gold_per_floor":[111,111,161,186,199,199,32,76,146,146,186,205,229,253,253,349,349,363,382,24,47,172,172,172,208,208,24,24,39,39,79,79,169,169,192,192,217,217,242,277,277,116,140,154,172,8,24,24,24,24],"floor_reached":51,"playtime":3424,"items_purged":["Strike_R","Strike_R","Strike_R"],"score":1244,"play_id":"5654e121-2d42-4902-8b3a-134488e36f70","local_time":"20190205105523","is_ascension_mode":true,"campfire_choices":[{"data":"Armaments","floor":6,"key":"SMITH"},{"data":"Inflame","floor":10,"key":"SMITH"},{"data":"Burning Pact","floor":15,"key":"SMITH"},{"floor":23,"key":"REST"},{"data":"True Grit","floor":28,"key":"SMITH"},{"data":"Battle Trance","floor":30,"key":"SMITH"},{"data":"Metallicize","floor":32,"key":"SMITH"},{"data":"Juggernaut","floor":41,"key":"SMITH"},{"floor":49,"key":"RECALL"}],"neow_cost":"PERCENT_DAMAGE","seed_source_timestamp":86412634058541,"circlet_count":0,"master_deck":["AscendersBane","Strike_R+1","Strike_R+1","Defend_R+1","Defend_R+1","Defend_R+1","Defend_R+1","Bash+1","Immolate+1","Iron Wave+1","Armaments+1","Inflame+1","Burning Pact+1","Dual Wield+1","Shrug It Off+1","Battle Trance+1","Metallicize+1","True Grit+1","Feel No Pain+1","Headbutt+1","Juggernaut+1","Madness+1","Madness+1","Evolve+1","Intimidate+1","Shockwave+1","Feel No Pain+1"],"relics":["Burning Blood","Golden Idol","Happy Flower","Whetstone","Dodecahedron","Ice Cream","Sozu","Meat on the Bone","Pocketwatch","Bottled Lightning","Blue Candle","Letter Opener","Red Skull","Eternal Feather","Dream Catcher","Blood Vial","Mark of the Bloom"],"potions_floor_usage":[11,16,22],"damage_taken":[{"damage":7,"enemies":"Jaw Worm","floor":1,"turns":4},{"damage":1,"enemies":"2 Louse","floor":4,"turns":2},{"damage":0,"enemies":"Cultist","floor":5,"turns":3},{"damage":19,"enemies":"3 Sentries","floor":8,"turns":6},{"damage":3,"enemies":"Lagavulin","floor":11,"turns":7},{"damage":5,"enemies":"Gremlin Gang","floor":12,"turns":2},{"damage":0,"enemies":"Large Slime","floor":13,"turns":4},{"damage":0,"enemies":"Exordium Wildlife","floor":14,"turns":1},{"damage":23,"enemies":"The Guardian","floor":16,"turns":10},{"damage":23,"enemies":"3 Byrds","floor":18,"turns":5},{"damage":4,"enemies":"Shell Parasite","floor":19,"turns":3},{"damage":15,"enemies":"Centurion and Healer","floor":21,"turns":6},{"damage":17,"enemies":"Colosseum Slavers","floor":22,"turns":4},{"damage":35,"enemies":"Colosseum Nobs","floor":22,"turns":5},{"damage":34,"enemies":"Slavers","floor":25,"turns":6},{"damage":4,"enemies":"Cultist and Chosen","floor":29,"turns":5},{"damage":2,"enemies":"Gremlin Leader","floor":31,"turns":5},{"damage":39,"enemies":"Collector","floor":33,"turns":9},{"damage":0,"enemies":"3 Shapes","floor":35,"turns":6},{"damage":2,"enemies":"Orb Walker","floor":37,"turns":4},{"damage":4,"enemies":"4 Shapes","floor":39,"turns":4},{"damage":28,"enemies":"Reptomancer","floor":40,"turns":6},{"damage":3,"enemies":"Sphere and 2 Shapes","floor":44,"turns":5},{"damage":35,"enemies":"Jaw Worm Horde","floor":45,"turns":3},{"damage":8,"enemies":"Transient","floor":47,"turns":5},{"damage":31,"enemies":"Donu and Deca","floor":50,"turns":9}],"seed_played":"5488244435913425745","potions_obtained":[{"floor":5,"key":"Strength Potion"},{"floor":8,"key":"Strength Potion"},{"floor":11,"key":"Strength Potion"}],"is_trial":false,"path_per_floor":["M","?","?","M","M","R","$","E","T","R","E","M","M","M","R","B",null,"M","M","$","M","?","R","?","E","T","$","R","M","R","E","R","B",null,"M","?","M","?","M","E","R","$","T","M","M","$","M","?","R","B",null],"character_chosen":"IRONCLAD","items_purchased":["Happy Flower","Meat on the Bone","Feel No Pain","Evolve","Shockwave","Feel No Pain"],"campfire_rested":1,"item_purchase_floors":[7,20,27,42,46,46],"current_hp_per_floor":[49,49,49,54,60,60,60,47,47,47,50,51,57,63,63,46,63,46,48,48,51,35,55,68,52,52,52,52,54,54,58,58,37,60,66,54,58,58,60,50,62,62,62,67,51,51,51,51,51,20],"gold":24,"neow_bonus":"THREE_RARE_CARDS","is_prod":false,"is_daily":false,"chose_seed":false,"campfire_upgraded":7,"win_rate":0,"timestamp":1549364123,"path_taken":["M","?","?","?","M","R","$","E","T","R","E","M","M","?","R","BOSS","M","M","$","M","?","R","?","E","T","$","R","?","R","E","R","BOSS","M","?","M","?","M","E","R","?","T","?","M","$","M","?","R","BOSS"],"build_version":"2019-01-23","purchased_purges":3,"victory":true,"max_hp_per_floor":[75,68,68,68,68,68,68,68,68,68,68,68,68,68,68,68,68,68,68,68,68,68,68,68,68,68,68,68,68,68,68,68,68,68,68,68,68,68,68,68,68,68,68,68,68,68,68,68,68,68],"card_choices":[{"not_picked":["Impervious","Dark Embrace"],"picked":"Immolate","floor":0},{"not_picked":["Pommel Strike","Armaments"],"picked":"Iron Wave","floor":1},{"not_picked":["Whirlwind","Sever Soul"],"picked":"Armaments","floor":4},{"not_picked":["Havoc","Twin Strike"],"picked":"Inflame","floor":5},{"not_picked":["Inflame","Anger"],"picked":"Burning Pact","floor":8},{"not_picked":["Thunderclap","Feel No Pain"],"picked":"Dual Wield","floor":11},{"not_picked":["Reckless Charge","Perfected Strike","Rage"],"picked":"SKIP","floor":12},{"not_picked":["Dual Wield","Cleave"],"picked":"Shrug It Off","floor":13},{"not_picked":["Body Slam","Havoc","Juggernaut"],"picked":"SKIP","floor":14},{"not_picked":["Bloodletting","Shockwave"],"picked":"Battle Trance","floor":18},{"not_picked":["Perfected Strike","Sword Boomerang+1"],"picked":"Metallicize","floor":19},{"not_picked":["Burning Pact","Thunderclap"],"picked":"True Grit","floor":21},{"not_picked":["Dark Embrace","Cleave","Reckless Charge"],"picked":"SKIP","floor":25},{"not_picked":["Heavy Blade","Armaments"],"picked":"Headbutt","floor":29},{"not_picked":["Armaments","Pommel Strike","Flame Barrier"],"picked":"SKIP","floor":31},{"not_picked":["Fiend Fire","Double Tap"],"picked":"Juggernaut","floor":33},{"not_picked":["Armaments","Havoc","Flex"],"picked":"SKIP","floor":35},{"not_picked":["Sever Soul","Whirlwind","Carnage+1"],"picked":"SKIP","floor":37},{"not_picked":["Sword Boomerang","Heavy Blade+1","Armaments+1"],"picked":"SKIP","floor":39},{"not_picked":["Headbutt+1","Thunderclap","Carnage+1"],"picked":"SKIP","floor":40},{"not_picked":["Anger","Thunderclap","Body Slam"],"picked":"SKIP","floor":44},{"not_picked":["Corruption+1","Twin Strike"],"picked":"Intimidate","floor":45},{"not_picked":["Blood for Blood","Warcry","Iron Wave"],"picked":"SKIP","floor":47}],"player_experience":841637,"relics_obtained":[{"floor":8,"key":"Whetstone"},{"floor":9,"key":"Dodecahedron"},{"floor":11,"key":"Ice Cream"},{"floor":22,"key":"Pocketwatch"},{"floor":22,"key":"Bottled Lightning"},{"floor":25,"key":"Blue Candle"},{"floor":26,"key":"Letter Opener"},{"floor":31,"key":"Red Skull"},{"floor":40,"key":"Dream Catcher"},{"floor":43,"key":"Blood Vial"}],"event_choices":[{"damage_healed":0,"gold_gain":0,"player_choice":"Lose Max HP","damage_taken":0,"relics_obtained":["Golden Idol"],"max_hp_gain":0,"max_hp_loss":7,"event_name":"Golden Idol","floor":2,"gold_loss":0},{"damage_healed":0,"gold_gain":50,"player_choice":"Pray","damage_taken":0,"max_hp_gain":0,"max_hp_loss":0,"event_name":"Golden Shrine","floor":3,"gold_loss":0},{"damage_healed":0,"gold_gain":0,"player_choice":"Fight","damage_taken":0,"max_hp_gain":0,"max_hp_loss":0,"event_name":"Colosseum","floor":22,"gold_loss":0},{"damage_healed":0,"gold_gain":0,"player_choice":"Fought Nobs","damage_taken":0,"max_hp_gain":0,"max_hp_loss":0,"event_name":"Colosseum","floor":22,"gold_loss":0},{"damage_healed":13,"gold_gain":0,"player_choice":"Full Heal","damage_taken":0,"max_hp_gain":0,"max_hp_loss":0,"event_name":"Wheel of Change","floor":24,"gold_loss":0},{"damage_healed":0,"gold_gain":0,"player_choice":"Embrace Madness","damage_taken":12,"max_hp_gain":0,"max_hp_loss":0,"event_name":"Winding Halls","floor":36,"gold_loss":0,"cards_obtained":["Madness","Madness"]},{"damage_healed":0,"gold_gain":0,"player_choice":"Memory 1","damage_taken":0,"max_hp_gain":0,"max_hp_loss":0,"event_name":"SensoryStone","floor":38,"gold_loss":0},{"damage_healed":0,"gold_gain":0,"player_choice":"Upgrade","damage_taken":0,"relics_obtained":["Mark of the Bloom"],"max_hp_gain":0,"max_hp_loss":0,"event_name":"MindBloom","floor":48,"gold_loss":0,"cards_upgraded":["Strike_R","Strike_R","Defend_R","Defend_R","Defend_R","Defend_R","Iron Wave","Dual Wield","Shrug It Off","Feel No Pain","Headbutt","Madness","Madness","Evolve","Intimidate","Shockwave","Feel No Pain"]}],"is_beta":true,"boss_relics":[{"not_picked":["Runic Dome","Black Star"],"picked":"Sozu"},{"not_picked":["Calling Bell","Mark of Pain"],"picked":"Eternal Feather"}],"items_purged_floors":[20,27,42],"is_endless":false,"potions_floor_spawned":[5,8,11,12,13,22,25,29,31,33,35,47],"ascension_level":16}