{"gold_per_floor":[109,123,198,198,216,216,257,257,280,321,56,71,71,71,71,194,194,218,218,233,254,34,34,67,67,67,106,127,150,163,182,182,182],"floor_reached":33,"playtime":1917,"items_purged":["Strike_G"],"score":499,"play_id":"ac5a6ea5-1772-4e31-9533-74134a56eebc","local_time":"20190314163453","is_ascension_mode":true,"campfire_choices":[{"data":"Footwork","floor":6,"key":"SMITH"},{"floor":8,"key":"REST"},{"floor":13,"key":"REST"},{"data":"Neutralize","floor":15,"key":"SMITH"},{"data":"Phantasmal Killer","floor":23,"key":"SMITH"},{"data":"Cloak And Dagger","floor":25,"key":"SMITH"},{"data":"Leg Sweep","floor":32,"key":"SMITH"}],"neow_cost":"NONE","seed_source_timestamp":139341825669958,"circlet_count":0,"master_deck":["AscendersBane","Defend_G","Defend_G","Defend_G","Defend_G+1","Defend_G","Strike_G","Strike_G","Strike_G","Strike_G","Survivor","Neutralize+1","Footwork+1","Leg Sweep+1","Cloak And Dagger+1","Cloak And Dagger","Well Laid Plans","Cloak And Dagger+1","Phantasmal Killer+1","Terror","Blur","Glass Knife","Blur","Caltrops","Caltrops+1"],"relics":["Ring of the Snake","Art of War","Golden Idol","Potion Belt","Vajra","Bag of Marbles","Toolbox","Coffee Dripper","PreservedInsect","Anchor","StoneCalendar","War Paint"],"potions_floor_usage":[7,10,16,20,20,20,24,27,33,33],"damage_taken":[{"damage":11,"enemies":"Cultist","floor":1,"turns":5},{"damage":2,"enemies":"Jaw Worm","floor":2,"turns":4},{"damage":2,"enemies":"2 Louse","floor":5,"turns":5},{"damage":14,"enemies":"3 Sentries","floor":7,"turns":17},{"damage":28,"enemies":"Lagavulin","floor":10,"turns":12},{"damage":0,"enemies":"Red Slaver","floor":12,"turns":5},{"damage":11,"enemies":"The Guardian","floor":16,"turns":20},{"damage":0,"enemies":"Shell Parasite","floor":18,"turns":9},{"damage":0,"enemies":"2 Thieves","floor":20,"turns":4},{"damage":2,"enemies":"Shelled Parasite and Fungi","floor":21,"turns":7},{"damage":0,"enemies":"Book of Stabbing","floor":24,"turns":7},{"damage":4,"enemies":"Slavers","floor":27,"turns":7},{"damage":5,"enemies":"3 Cultists","floor":28,"turns":7},{"damage":18,"enemies":"Snake Plant","floor":29,"turns":4},{"damage":0,"enemies":"Centurion and Healer","floor":30,"turns":7},{"damage":20,"enemies":"Sentry and Sphere","floor":31,"turns":7},{"damage":10,"enemies":"Collector","floor":33,"turns":5}],"seed_played":"-4816635206843472009","potions_obtained":[{"floor":1,"key":"GhostInAJar"},{"floor":2,"key":"SpeedPotion"},{"floor":7,"key":"GamblersBrew"},{"floor":12,"key":"SkillPotion"},{"floor":19,"key":"FearPotion"},{"floor":19,"key":"Fire Potion"},{"floor":19,"key":"AttackPotion"},{"floor":20,"key":"Block Potion"},{"floor":21,"key":"Dexterity Potion"},{"floor":30,"key":"FearPotion"},{"floor":31,"key":"SteroidPotion"}],"is_trial":false,"path_per_floor":["M","M","?","?","M","R","E","R","T","E","$","M","R","$","R","B",null,"M","?","M","M","$","R","E","R","T","E","M","M","M","M","R","B"],"character_chosen":"THE_SILENT","items_purchased":["Toolbox","PreservedInsect","Blur"],"campfire_rested":2,"item_purchase_floors":[11,22,22],"current_hp_per_floor":[52,50,39,39,37,37,23,42,42,14,14,14,33,33,33,22,54,54,54,54,52,52,52,52,52,52,48,43,25,25,5,5,0],"gold":182,"neow_bonus":"RANDOM_COMMON_RELIC","is_prod":false,"is_daily":false,"chose_seed":false,"campfire_upgraded":5,"win_rate":0,"timestamp":1552592093,"path_taken":["M","?","?","?","M","R","E","R","T","E","$","M","R","?","R","BOSS","M","?","M","M","$","R","E","R","T","E","M","M","M","?","R","BOSS"],"build_version":"2019-01-23","purchased_purges":1,"victory":false,"max_hp_per_floor":[70,70,70,65,65,65,65,65,65,65,65,65,65,65,65,65,65,65,65,65,65,65,65,65,65,65,65,65,65,65,65,65,65],"card_choices":[{"not_picked":["Expertise","Infinite Blades"],"picked":"Footwork","floor":1},{"not_picked":["Bane","Slice"],"picked":"Leg Sweep","floor":2},{"not_picked":["Slice","Sucker Punch"],"picked":"Cloak And Dagger","floor":5},{"not_picked":["Storm of Steel","Sucker Punch"],"picked":"Cloak And Dagger","floor":7},{"not_picked":["Corpse Explosion","Blade Dance"],"picked":"Well Laid Plans","floor":10},{"not_picked":["All Out Attack","Dodge and Roll"],"picked":"Cloak And Dagger","floor":12},{"not_picked":["Storm of Steel","Night Terror"],"picked":"Phantasmal Killer","floor":16},{"not_picked":["Acrobatics","PiercingWail"],"picked":"Terror","floor":18},{"not_picked":["Sucker Punch","Flying Knee","PiercingWail"],"picked":"SKIP","floor":20},{"not_picked":["Deadly Poison","Poisoned Stab","Underhanded Strike"],"picked":"SKIP","floor":21},{"not_picked":["Dodge and Roll","Skewer+1"],"picked":"Glass Knife","floor":24},{"not_picked":["Distraction","Flying Knee","Finisher+1"],"picked":"SKIP","floor":27},{"not_picked":["Quick Slash","Reflex"],"picked":"Blur","floor":28},{"not_picked":["Acrobatics+1","Quick Slash","Malaise"],"picked":"SKIP","floor":29},{"not_picked":["Blur","Bane"],"picked":"Caltrops","floor":30},{"not_picked":["Choke","Poisoned Stab+1"],"picked":"Caltrops+1","floor":31}],"player_experience":939198,"relics_obtained":[{"floor":7,"key":"Potion Belt"},{"floor":9,"key":"Vajra"},{"floor":10,"key":"Bag of Marbles"},{"floor":24,"key":"Anchor"},{"floor":26,"key":"StoneCalendar"},{"floor":27,"key":"War Paint"}],"event_choices":[{"damage_healed":0,"gold_gain":75,"player_choice":"Gather Gold","damage_taken":11,"max_hp_gain":0,"max_hp_loss":0,"event_name":"World of Goop","floor":3,"gold_loss":0},{"damage_healed":0,"gold_gain":0,"player_choice":"Lose Max HP","damage_taken":0,"relics_obtained":["Golden Idol"],"max_hp_gain":0,"max_hp_loss":5,"event_name":"Golden Idol","floor":4,"gold_loss":0},{"damage_healed":0,"gold_gain":0,"player_choice":"Got Potions","damage_taken":0,"max_hp_gain":0,"max_hp_loss":0,"event_name":"Lab","floor":19,"gold_loss":0}],"is_beta":false,"boss_relics":[{"not_picked":["Orrery","White Beast Statue"],"picked":"Coffee Dripper"}],"items_purged_floors":[11],"is_endless":false,"potions_floor_spawned":[1,2,7,12,20,21,30,31],"killed_by":"Collector","ascension_level":11}