{"gold_per_floor":[111,186,202,220,239,239,268,268,268,280,312,341,353,383,395,509,571,602,614,648,585,597,609],"floor_reached":23,"playtime":778,"items_purged":[],"score":280,"play_id":"61c32403-8479-4f70-b328-53c31e4db675","local_time":"20190222011357","is_ascension_mode":true,"campfire_choices":[{"floor":6.0,"key":"REST"},{"floor":8.0,"key":"REST"},{"data":"Defragment","floor":13.0,"key":"SMITH"},{"floor":15.0,"key":"REST"}],"neow_cost":"NONE","seed_source_timestamp":0,"circlet_count":0,"master_deck":["Strike_B","Strike_B","Strike_B","Defend_B","Defend_B","Defend_B","Defend_B","Zap+1","Dualcast","Turbo","Darkness","Conserve Battery","All For One+1","Compile Driver","Cold Snap","Defragment+1","Conserve Battery","Conserve Battery","Seek","Auto Shields","Tempest+1","Consume","Static Discharge"],"special_seed":0,"relics":["Cracked Core","Orichalcum","MawBank","Tiny House"],"potions_floor_usage":[23],"damage_taken":[{"damage":11.0,"enemies":"2 Louse","floor":1.0,"turns":3.0},{"damage":7.0,"enemies":"Jaw Worm","floor":3.0,"turns":4.0},{"damage":0.0,"enemies":"Cultist","floor":4.0,"turns":3.0},{"damage":26.0,"enemies":"Exordium Wildlife","floor":5.0,"turns":6.0},{"damage":28.0,"enemies":"Gremlin Nob","floor":7.0,"turns":4.0},{"damage":0.0,"enemies":"Large Slime","floor":11.0,"turns":3.0},{"damage":3.0,"enemies":"2 Fungi Beasts","floor":12.0,"turns":4.0},{"damage":4.0,"enemies":"Looter","floor":14.0,"turns":3.0},{"damage":15.0,"enemies":"Hexaghost","floor":16.0,"turns":8.0},{"damage":16.0,"enemies":"3 Byrds","floor":18.0,"turns":7.0},{"damage":16.0,"enemies":"2 Thieves","floor":20.0,"turns":3.0},{"damage":26,"enemies":"Book of Stabbing","floor":23,"turns":4}],"seed_played":"-4624090448608437612","potions_obtained":[{"floor":1.0,"key":"Poison Potion"},{"floor":3.0,"key":"GamblersBrew"},{"floor":7.0,"key":"FearPotion"},{"floor":14.0,"key":"PowerPotion"},{"floor":16.0,"key":"FocusPotion"},{"floor":17.0,"key":"Block Potion"}],"is_trial":false,"path_per_floor":["M","?","M","M","M","R","E","R","T","?","M","M","R","M","R","B",null,"M","?","M","?","?","E"],"character_chosen":"DEFECT","items_purchased":[],"campfire_rested":3,"item_purchase_floors":[],"current_hp_per_floor":[57,46,39,39,13,35,7,29,29,29,29,26,26,22,44,29,69,53,53,37,37,22,0],"gold":609,"neow_bonus":"THREE_CARDS","is_prod":false,"is_daily":false,"chose_seed":false,"campfire_upgraded":1,"win_rate":0,"timestamp":1550808837,"path_taken":["M","?","M","M","M","R","E","R","T","?","M","M","R","M","R","BOSS","M","?","?","?","?","E"],"build_version":"2019-01-23","purchased_purges":0,"victory":false,"max_hp_per_floor":[75,75,75,75,75,75,75,75,75,75,75,75,75,75,75,75,80,80,80,80,80,85,85],"card_choices":[{"not_picked":["Streamline","Conserve Battery"],"picked":"Turbo","floor":0.0},{"not_picked":["Turbo","Redo"],"picked":"Darkness","floor":1.0},{"not_picked":["Turbo","Steam"],"picked":"Conserve Battery","floor":3.0},{"not_picked":["Double Energy","Barrage"],"picked":"All For One","floor":4.0},{"not_picked":["Blizzard","Stack"],"picked":"Compile Driver","floor":5.0},{"not_picked":["Glacier","Streamline"],"picked":"Cold Snap","floor":7.0},{"not_picked":["Go for the Eyes","Steam"],"picked":"Defragment","floor":11.0},{"not_picked":["Streamline","Steam"],"picked":"Conserve Battery","floor":12.0},{"not_picked":["Steam","Turbo"],"picked":"Conserve Battery","floor":14.0},{"not_picked":["Hyperbeam","Biased Cognition"],"picked":"Seek","floor":16.0},{"not_picked":["Coolheaded","Barrage"],"picked":"Auto Shields","floor":17.0},{"not_picked":["Cold Snap","Conserve Battery+1"],"picked":"Tempest+1","floor":18.0},{"not_picked":["Leap","Tempest"],"picked":"Static Discharge","floor":20}],"player_experience":820092,"relics_obtained":[{"floor":7.0,"key":"Orichalcum"},{"floor":9.0,"key":"MawBank"}],"event_choices":[{"damage_healed":0.0,"max_hp_gain":0.0,"max_hp_loss":0.0,"gold_gain":75.0,"event_name":"World of Goop","player_choice":"Gather Gold","floor":2.0,"gold_loss":0.0,"damage_taken":11.0},{"damage_healed":0.0,"max_hp_gain":0.0,"max_hp_loss":0.0,"gold_gain":0.0,"event_name":"Living Wall","player_choice":"Grow","floor":10.0,"gold_loss":0.0,"damage_taken":0.0,"cards_upgraded":["Zap"]},{"damage_healed":0.0,"max_hp_gain":0.0,"max_hp_loss":0.0,"gold_gain":0.0,"event_name":"Match and Keep!","player_choice":"1 cards matched","floor":19.0,"gold_loss":0.0,"damage_taken":0.0,"cards_obtained":["Consume"]},{"cards_removed":["Strike_B"],"damage_healed":0,"gold_gain":0,"player_choice":"Gave Gold","damage_taken":0,"max_hp_gain":0,"max_hp_loss":0,"event_name":"Beggar","floor":21,"gold_loss":75},{"damage_healed":0,"gold_gain":0,"player_choice":"Shed Blood","damage_taken":20,"max_hp_gain":5,"max_hp_loss":0,"event_name":"Forgotten Altar","floor":22,"gold_loss":0}],"is_beta":false,"boss_relics":[{"not_picked":["Empty Cage","White Beast Statue"],"picked":"Tiny House"}],"items_purged_floors":[],"is_endless":false,"potions_floor_spawned":[1,3,7,14,16],"killed_by":"Book of Stabbing","ascension_level":9}