{"gold_per_floor":[117,117,41,51,71,104,104,133,133,33,33,33],"floor_reached":12,"playtime":723,"items_purged":[],"score":86,"play_id":"2df430e5-6827-47ad-b326-37486b3db9b9","local_time":"20190322091041","is_ascension_mode":false,"campfire_choices":[{"data":"Noxious Fumes","floor":7,"key":"SMITH"}],"neow_cost":"TEN_PERCENT_HP_LOSS","seed_source_timestamp":752544646546400,"circlet_count":0,"master_deck":["Defend_G","Defend_G","Defend_G","Defend_G","Defend_G","Strike_G","Strike_G","Strike_G","Strike_G","Strike_G","Survivor","Neutralize","Burst","Endless Agony","Outmaneuver","Dagger Throw","Crippling Poison","Noxious Fumes+1","Eviscerate","Flying Knee","Prepared","Poisoned Stab"],"relics":["Ring of the Snake","Boot","Sundial","Gremlin Horn","Prayer Wheel"],"potions_floor_usage":[],"damage_taken":[{"damage":0,"enemies":"2 Louse","floor":1,"turns":3},{"damage":1,"enemies":"Cultist","floor":4,"turns":4},{"damage":2,"enemies":"Small Slimes","floor":5,"turns":3},{"damage":9,"enemies":"Lagavulin","floor":6,"turns":8},{"damage":22,"enemies":"3 Sentries","floor":8,"turns":8},{"damage":11,"enemies":"Blue Slaver","floor":12,"turns":2}],"seed_played":"-5233134756442741725","potions_obtained":[{"floor":6,"key":"EssenceOfSteel"},{"floor":8,"key":"Energy Potion"}],"is_trial":false,"path_per_floor":["M","?","$","M","M","E","R","E","T","$","?","M"],"character_chosen":"THE_SILENT","items_purchased":["Outmaneuver","Dagger Throw","Prepared","Poisoned Stab"],"campfire_rested":0,"item_purchase_floors":[3,3,10,10],"current_hp_per_floor":[63,63,63,62,60,51,51,29,29,29,4,0],"gold":33,"neow_bonus":"THREE_RARE_CARDS","is_prod":false,"is_daily":false,"chose_seed":false,"campfire_upgraded":1,"win_rate":0.0,"timestamp":1553260241,"path_taken":["M","?","$","M","M","E","R","E","T","$","?","M"],"build_version":"2019-01-23","purchased_purges":0,"victory":false,"max_hp_per_floor":[63,63,63,63,63,63,63,63,63,63,63,63],"card_choices":[{"not_picked":["Tools of the Trade","After Image"],"picked":"Burst","floor":0},{"not_picked":["Dagger Spray","Riddle With Holes"],"picked":"Endless Agony","floor":1},{"not_picked":["Outmaneuver","Footwork"],"picked":"Crippling Poison","floor":4},{"not_picked":["Blade Dance","Catalyst"],"picked":"Noxious Fumes","floor":5},{"not_picked":["Blade Dance","Skewer"],"picked":"Eviscerate","floor":6},{"not_picked":["Quick Slash","Doppelganger"],"picked":"Flying Knee","floor":8}],"player_experience":26266,"relics_obtained":[{"floor":6,"key":"Boot"},{"floor":8,"key":"Sundial"},{"floor":9,"key":"Gremlin Horn"}],"event_choices":[{"damage_healed":0,"gold_gain":0,"player_choice":"Ignored","damage_taken":0,"max_hp_gain":0,"max_hp_loss":0,"event_name":"Golden Wing","floor":2,"gold_loss":0},{"damage_healed":0,"gold_gain":0,"player_choice":"Success","damage_taken":25,"relics_obtained":["Prayer Wheel"],"max_hp_gain":0,"max_hp_loss":0,"event_name":"Scrap Ooze","floor":11,"gold_loss":0}],"is_beta":false,"boss_relics":[],"items_purged_floors":[],"is_endless":false,"potions_floor_spawned":[6,8],"killed_by":"Blue Slaver","ascension_level":0}