{"gold_per_floor":[113,213,132,148,167,197,197,231,231,247,247,260,260,260],"floor_reached":14,"playtime":421,"items_purged":[],"score":145,"play_id":"6e2c9e78-74c8-4d25-824f-f43c953a31c6","local_time":"20190213015255","is_ascension_mode":true,"campfire_choices":[{"floor":7,"key":"REST"},{"data":"Storm","floor":11,"key":"SMITH"}],"neow_cost":"NONE","seed_source_timestamp":632771289760410,"circlet_count":0,"master_deck":["Strike_B","Strike_B","Strike_B","Strike_B","Defend_B","Defend_B","Defend_B","Defend_B","Zap","Dualcast","Cold Snap","Storm+1","Cold Snap","Self Repair","Capacitor","Conserve Battery","FTL+1"],"relics":["Cracked Core","NeowsBlessing","Gremlin Horn","Bag of Preparation","Molten Egg 2"],"potions_floor_usage":[6,14,14,14],"damage_taken":[{"damage":0,"enemies":"Jaw Worm","floor":1,"turns":1},{"damage":0,"enemies":"Cultist","floor":4,"turns":1},{"damage":0,"enemies":"Small Slimes","floor":5,"turns":1},{"damage":48,"enemies":"3 Sentries","floor":6,"turns":10},{"damage":34,"enemies":"Lagavulin","floor":8,"turns":7},{"damage":5,"enemies":"Red Slaver","floor":10,"turns":4},{"damage":15,"enemies":"2 Fungi Beasts","floor":12,"turns":4},{"damage":8,"enemies":"Exordium Thugs","floor":14,"turns":3}],"seed_played":"7414020482046374593","potions_obtained":[{"floor":5,"key":"GamblersBrew"},{"floor":6,"key":"SpeedPotion"},{"floor":8,"key":"SkillPotion"},{"floor":12,"key":"SneckoOil"}],"is_trial":false,"path_per_floor":["M","?","$","M","M","E","R","E","T","M","R","M","?","M"],"character_chosen":"DEFECT","items_purchased":["Storm"],"campfire_rested":1,"item_purchase_floors":[3],"current_hp_per_floor":[68,68,68,68,68,27,49,22,22,24,24,16,4,0],"gold":260,"neow_bonus":"THREE_ENEMY_KILL","is_prod":false,"is_daily":false,"chose_seed":false,"campfire_upgraded":1,"win_rate":0,"timestamp":1550033575,"path_taken":["M","?","$","?","M","E","R","E","T","M","R","M","?","M"],"build_version":"2019-01-23","purchased_purges":0,"victory":false,"max_hp_per_floor":[75,75,75,75,75,75,75,75,75,75,75,75,75,75],"card_choices":[{"not_picked":["Recycle","Lockon"],"picked":"Cold Snap","floor":1},{"not_picked":["Go for the Eyes","Melter"],"picked":"Cold Snap","floor":4},{"not_picked":["Chaos","Stack"],"picked":"Self Repair","floor":5},{"not_picked":["Hologram","Reinforced Body"],"picked":"Capacitor","floor":6},{"not_picked":["Compile Driver","Stack"],"picked":"Conserve Battery","floor":8},{"not_picked":["Hologram","Fusion","Redo"],"picked":"SKIP","floor":10},{"not_picked":["Ball Lightning+1","Aggregate"],"picked":"FTL+1","floor":12}],"player_experience":760939,"relics_obtained":[{"floor":6,"key":"Gremlin Horn"},{"floor":8,"key":"Bag of Preparation"},{"floor":9,"key":"Molten Egg 2"}],"event_choices":[{"damage_healed":0,"gold_gain":100,"player_choice":"Gold","damage_taken":0,"max_hp_gain":0,"max_hp_loss":0,"event_name":"Wheel of Change","floor":2,"gold_loss":0},{"damage_healed":0,"gold_gain":0,"player_choice":"Fled","damage_taken":12,"max_hp_gain":0,"max_hp_loss":0,"event_name":"Scrap Ooze","floor":13,"gold_loss":0}],"is_beta":false,"boss_relics":[],"items_purged_floors":[],"is_endless":false,"potions_floor_spawned":[5,6,8,12],"killed_by":"Exordium Thugs","ascension_level":9}