{"gold_per_floor":[118,88,104,114,114,148,148,148,148,174,188,13,13,13,13,113,113,130,130,0,0,10,35,35,53,53,53,70,70,95,107,107,202,252,265,277,288,288,288,316,332,362,388,406,406,436,518,534,534,534,534,534,48,79,79],"floor_reached":56,"playtime":3625,"items_purged":["Strike_G"],"score":1544,"play_id":"94dfcdb6-0b47-473b-9e08-75839c7fe1ed","local_time":"20190404000608","is_ascension_mode":true,"campfire_choices":[{"data":"A Thousand Cuts","floor":7,"key":"SMITH"},{"data":"Cloak And Dagger","floor":13,"key":"SMITH"},{"data":"Well Laid Plans","floor":15,"key":"SMITH"},{"data":"Accuracy","floor":24,"key":"SMITH"},{"data":"Cloak And Dagger","floor":27,"key":"SMITH"},{"data":"Footwork","floor":29,"key":"SMITH"},{"data":"Storm of Steel","floor":32,"key":"SMITH"},{"floor":49,"key":"RECALL"},{"data":"Leg Sweep","floor":52,"key":"SMITH"}],"neow_cost":"TEN_PERCENT_HP_LOSS","seed_source_timestamp":2003296993900226,"circlet_count":0,"master_deck":["Defend_G","Defend_G","Defend_G","Defend_G","Defend_G","Strike_G+1","Strike_G","Strike_G","Survivor","Neutralize+1","A Thousand Cuts+1","Cloak And Dagger+1","Distraction","Poisoned Stab","Corpse Explosion","Accuracy+1","Flying Knee","Well Laid Plans+1","Cloak And Dagger+1","Storm of Steel+1","Cloak And Dagger+1","Footwork+1","Dodge and Roll","Acrobatics","Leg Sweep+1","Deflect","Concentrate+1","Cloak And Dagger","PiercingWail+1","PiercingWail+1","Distraction+1","Deflect","Tools of the Trade","Prepared+1","Impatience","Sucker Punch"],"relics":["Ring of the Snake","Tingsha","Kunai","StoneCalendar","Ice Cream","Busted Crown","Enchiridion","Prayer Wheel","Ninja Scroll","Tiny House","Unceasing Top","Art of War","Vajra","Omamori","Gremlin Horn","Tough Bandages","Snake Skull"],"potions_floor_usage":[6,6,18,23,30,40,42,50,54,55,55],"damage_taken":[{"damage":0,"enemies":"Small Slimes","floor":1,"turns":3},{"damage":0,"enemies":"Cultist","floor":3,"turns":4},{"damage":0,"enemies":"Jaw Worm","floor":4,"turns":6},{"damage":17,"enemies":"Gremlin Nob","floor":6,"turns":4},{"damage":3,"enemies":"3 Sentries","floor":10,"turns":3},{"damage":3,"enemies":"Large Slime","floor":11,"turns":4},{"damage":8,"enemies":"Hexaghost","floor":16,"turns":7},{"damage":1,"enemies":"Shell Parasite","floor":18,"turns":3},{"damage":3,"enemies":"Spheric Guardian","floor":22,"turns":4},{"damage":0,"enemies":"Book of Stabbing","floor":23,"turns":5},{"damage":0,"enemies":"Snecko","floor":25,"turns":4},{"damage":0,"enemies":"Centurion and Healer","floor":28,"turns":4},{"damage":0,"enemies":"Gremlin Leader","floor":30,"turns":6},{"damage":3,"enemies":"Snake Plant","floor":31,"turns":4},{"damage":0,"enemies":"Champ","floor":33,"turns":10},{"damage":0,"enemies":"3 Darklings","floor":35,"turns":3},{"damage":0,"enemies":"Orb Walker","floor":36,"turns":2},{"damage":0,"enemies":"4 Shapes","floor":37,"turns":3},{"damage":6,"enemies":"Reptomancer","floor":40,"turns":7},{"damage":7,"enemies":"Maw","floor":41,"turns":6},{"damage":0,"enemies":"Giant Head","floor":42,"turns":8},{"damage":0,"enemies":"3 Darklings","floor":44,"turns":4},{"damage":0,"enemies":"Nemesis","floor":46,"turns":8},{"damage":8,"enemies":"Spire Growth","floor":48,"turns":5},{"damage":0,"enemies":"Donu and Deca","floor":50,"turns":8},{"damage":17,"enemies":"Shield and Spear","floor":54,"turns":7},{"damage":20,"enemies":"The Heart","floor":55,"turns":12}],"seed_played":"2199232117751266964","potions_obtained":[{"floor":1,"key":"GhostInAJar"},{"floor":2,"key":"Fire Potion"},{"floor":2,"key":"GamblersBrew"},{"floor":11,"key":"Energy Potion"},{"floor":16,"key":"AttackPotion"},{"floor":18,"key":"Explosive Potion"},{"floor":28,"key":"SkillPotion"},{"floor":31,"key":"GamblersBrew"},{"floor":34,"key":"Regen Potion"},{"floor":41,"key":"Weak Potion"},{"floor":42,"key":"Dexterity Potion"},{"floor":48,"key":"GhostInAJar"}],"is_trial":false,"path_per_floor":["M","?","M","M","?","E","R","T","T","E","M","$","R","?","R","B",null,"M","?","$","?","M","E","R","M","T","R","M","R","E","M","R","B",null,"M","M","M","?","?","E","M","E","T","M","?","E","T","M","R","B",null,"R","$","E","B",null],"character_chosen":"THE_SILENT","items_purchased":["Well Laid Plans","Cloak And Dagger","Footwork","Dodge and Roll","Tough Bandages","PowerPotion","Impatience","Sucker Punch"],"campfire_rested":0,"item_purchase_floors":[12,12,20,20,53,53,53,53],"current_hp_per_floor":[63,63,63,63,50,33,33,33,33,30,27,27,27,27,27,19,63,62,46,46,46,43,43,43,43,43,43,43,43,43,40,40,40,68,68,68,68,65,65,59,52,52,52,52,52,52,52,44,44,44,65,65,65,48,28],"gold":79,"neow_bonus":"THREE_RARE_CARDS","is_prod":false,"is_daily":false,"chose_seed":false,"campfire_upgraded":8,"win_rate":0,"timestamp":1554350768,"path_taken":["M","?","?","M","?","E","R","?","T","E","M","$","R","?","R","BOSS","M","?","$","?","M","E","R","M","T","R","M","R","E","M","R","BOSS","M","?","M","?","?","E","M","E","T","M","?","E","?","M","R","BOSS","R","$","E","BOSS"],"build_version":"2019-03-15","purchased_purges":1,"victory":true,"max_hp_per_floor":[63,63,63,63,63,63,63,63,63,63,63,63,63,63,63,63,63,63,63,63,63,63,63,63,63,63,63,63,63,63,63,63,63,68,68,68,68,65,65,65,65,65,65,65,65,65,65,65,65,65,65,65,65,65,65],"card_choices":[{"not_picked":["Glass Knife","Doppelganger"],"picked":"A Thousand Cuts","floor":0},{"not_picked":["Accuracy","Deflect"],"picked":"Cloak And Dagger","floor":1},{"not_picked":["Underhanded Strike","Outmaneuver"],"picked":"Distraction","floor":3},{"not_picked":["Outmaneuver","Bane"],"picked":"Poisoned Stab","floor":4},{"not_picked":["Acrobatics","Escape Plan"],"picked":"Corpse Explosion","floor":6},{"not_picked":["Poisoned Stab","Slice"],"picked":"Accuracy","floor":10},{"not_picked":["Bane","Acrobatics"],"picked":"Flying Knee","floor":11},{"not_picked":["A Thousand Cuts","Corpse Explosion"],"picked":"Storm of Steel","floor":16},{"not_picked":[],"picked":"Cloak And Dagger","floor":18},{"not_picked":["Quick Slash+1"],"picked":"SKIP","floor":22},{"not_picked":[],"picked":"Acrobatics","floor":23},{"not_picked":[],"picked":"Leg Sweep","floor":25},{"not_picked":[],"picked":"Deflect","floor":25},{"not_picked":[],"picked":"Concentrate","floor":28},{"not_picked":["Sucker Punch"],"picked":"SKIP","floor":28},{"not_picked":["Flying Knee"],"picked":"SKIP","floor":30},{"not_picked":["Dagger Throw"],"picked":"SKIP","floor":31},{"not_picked":["Deadly Poison"],"picked":"SKIP","floor":31},{"not_picked":[],"picked":"Cloak And Dagger","floor":35},{"not_picked":["Outmaneuver+1"],"picked":"SKIP","floor":35},{"not_picked":[],"picked":"PiercingWail+1","floor":36},{"not_picked":[],"picked":"PiercingWail+1","floor":36},{"not_picked":[],"picked":"Distraction+1","floor":37},{"not_picked":["Bane"],"picked":"SKIP","floor":37},{"not_picked":["Storm of Steel"],"picked":"SKIP","floor":40},{"not_picked":["Flying Knee"],"picked":"SKIP","floor":41},{"not_picked":["PiercingWail+1"],"picked":"SKIP","floor":41},{"not_picked":["Flying Knee+1"],"picked":"SKIP","floor":42},{"not_picked":[],"picked":"Deflect","floor":44},{"not_picked":["Backstab"],"picked":"SKIP","floor":44},{"not_picked":[],"picked":"Tools of the Trade","floor":46},{"not_picked":[],"picked":"Prepared+1","floor":48},{"not_picked":["Dodge and Roll"],"picked":"SKIP","floor":48},{"not_picked":["Choke"],"picked":"SKIP","floor":54}],"player_experience":5138559,"relics_obtained":[{"floor":6,"key":"Tingsha"},{"floor":8,"key":"Kunai"},{"floor":9,"key":"StoneCalendar"},{"floor":10,"key":"Ice Cream"},{"floor":19,"key":"Enchiridion"},{"floor":23,"key":"Prayer Wheel"},{"floor":30,"key":"Ninja Scroll"},{"floor":40,"key":"Unceasing Top"},{"floor":42,"key":"Art of War"},{"floor":43,"key":"Vajra"},{"floor":46,"key":"Omamori"},{"floor":47,"key":"Gremlin Horn"},{"floor":54,"key":"Snake Skull"}],"event_choices":[{"damage_healed":0,"gold_gain":0,"player_choice":"Bought 2 Potions","damage_taken":0,"max_hp_gain":0,"max_hp_loss":0,"event_name":"The Woman in Blue","floor":2,"gold_loss":0},{"damage_healed":0,"gold_gain":0,"player_choice":"Entered Light","damage_taken":13,"max_hp_gain":0,"max_hp_loss":0,"event_name":"Shining Light","floor":5,"gold_loss":0,"cards_upgraded":["Cloak And Dagger","Strike_G"]},{"damage_healed":0,"gold_gain":0,"player_choice":"Grow","damage_taken":0,"max_hp_gain":0,"max_hp_loss":0,"event_name":"Living Wall","floor":14,"gold_loss":0,"cards_upgraded":["Neutralize"]},{"damage_healed":0,"gold_gain":0,"player_choice":"Obtained Book","damage_taken":16,"max_hp_gain":0,"max_hp_loss":0,"event_name":"Cursed Tome","floor":19,"gold_loss":0},{"damage_healed":0,"gold_gain":0,"player_choice":"Ignored","damage_taken":0,"max_hp_gain":0,"max_hp_loss":0,"event_name":"NoteForYourself","floor":21,"gold_loss":0},{"damage_healed":0,"gold_gain":0,"player_choice":"Max HP","damage_taken":0,"max_hp_gain":0,"max_hp_loss":3,"event_name":"Winding Halls","floor":38,"gold_loss":0},{"cards_removed":["Strike_G"],"damage_healed":0,"gold_gain":0,"player_choice":"Removed Attack","damage_taken":0,"max_hp_gain":0,"max_hp_loss":0,"event_name":"Falling","floor":39,"gold_loss":0},{"damage_healed":0,"gold_gain":0,"player_choice":"Ignored","damage_taken":0,"max_hp_gain":0,"max_hp_loss":0,"event_name":"Tomb of Lord Red Mask","floor":45,"gold_loss":0}],"is_beta":true,"boss_relics":[{"not_picked":["Eternal Feather","HoveringKite"],"picked":"Busted Crown"},{"not_picked":["Orrery","Lizard Tail"],"picked":"Tiny House"}],"items_purged_floors":[12],"is_endless":false,"potions_floor_spawned":[1,11,16,18,22,28,31,36,41,42,48],"ascension_level":1}