{"gold_per_floor":[111,111,125,136,151,151,151,161,184,184,253,272,272,272,272,272],"floor_reached":16,"playtime":350,"items_purged":[],"score":161,"play_id":"ebc3b6bd-9f6a-4b64-91b1-5caa573568c0","local_time":"20190510001505","is_ascension_mode":true,"campfire_choices":[{"data":"Streamline","floor":6,"key":"SMITH"},{"data":"Rip and Tear","floor":10,"key":"SMITH"},{"data":"Rip and Tear","floor":13,"key":"SMITH"},{"data":"Gash","floor":15,"key":"SMITH"}],"neow_cost":"TEN_PERCENT_HP_LOSS","seed_source_timestamp":2457034942884946,"circlet_count":0,"master_deck":["AscendersBane","Strike_B","Strike_B","Strike_B","Strike_B","Defend_B","Defend_B","Defend_B","Defend_B","Zap","Dualcast","Seek","Streamline+1","Rip and Tear+1","Go for the Eyes","Gash+1","Skim","Regret","Rip and Tear+1"],"relics":["Cracked Core","Bag of Preparation","Orichalcum"],"potions_floor_usage":[5],"damage_taken":[{"damage":2,"enemies":"Jaw Worm","floor":1,"turns":3},{"damage":0,"enemies":"Cultist","floor":3,"turns":2},{"damage":7,"enemies":"Small Slimes","floor":4,"turns":3},{"damage":0,"enemies":"2 Fungi Beasts","floor":5,"turns":2},{"damage":17,"enemies":"3 Louse","floor":8,"turns":2},{"damage":0,"enemies":"Large Slime","floor":12,"turns":3},{"damage":39,"enemies":"The Guardian","floor":16,"turns":8}],"seed_played":"8566283417700230810","potions_obtained":[{"floor":1,"key":"SteroidPotion"},{"floor":4,"key":"Dexterity Potion"},{"floor":8,"key":"SpeedPotion"}],"is_trial":false,"path_per_floor":["M","?","M","M","M","R","?","M","T","R","?","M","R","?","R","B"],"character_chosen":"DEFECT","items_purchased":[],"campfire_rested":0,"item_purchase_floors":[],"current_hp_per_floor":[62,62,62,55,55,55,55,38,38,38,38,38,38,38,38,0],"gold":272,"neow_bonus":"THREE_RARE_CARDS","is_prod":false,"is_daily":false,"chose_seed":false,"campfire_upgraded":4,"win_rate":0,"timestamp":1557458105,"path_taken":["M","?","M","?","M","R","?","M","T","R","?","M","R","?","R","BOSS"],"build_version":"2019-01-23","purchased_purges":0,"victory":false,"max_hp_per_floor":[64,64,64,64,64,64,64,64,64,64,64,64,64,64,64,64],"card_choices":[{"not_picked":["Amplify","Thunder Strike"],"picked":"Seek","floor":0},{"not_picked":["Steam Power","Skim"],"picked":"Streamline","floor":1},{"not_picked":["Capacitor","Heatsinks"],"picked":"Go for the Eyes","floor":3},{"not_picked":["Stack","Loop"],"picked":"Gash","floor":4},{"not_picked":["Coolheaded","Sweeping Beam"],"picked":"Skim","floor":5},{"not_picked":["Stack","Reprogram"],"picked":"Rip and Tear","floor":8},{"not_picked":["Double Energy","Aggregate","Scrape"],"picked":"SKIP","floor":12}],"player_experience":1322623,"relics_obtained":[{"floor":9,"key":"Orichalcum"}],"event_choices":[{"damage_healed":0,"gold_gain":0,"player_choice":"1 cards matched","damage_taken":0,"max_hp_gain":0,"max_hp_loss":0,"event_name":"Match and Keep!","floor":2,"gold_loss":0,"cards_obtained":["Rip and Tear"]},{"damage_healed":0,"gold_gain":0,"player_choice":"Box","damage_taken":0,"relics_obtained":["Bag of Preparation"],"max_hp_gain":0,"max_hp_loss":0,"event_name":"Big Fish","floor":7,"gold_loss":0,"cards_obtained":["Regret"]},{"damage_healed":0,"gold_gain":69,"player_choice":"Gained Gold","damage_taken":0,"max_hp_gain":0,"max_hp_loss":0,"event_name":"Golden Wing","floor":11,"gold_loss":0},{"damage_healed":0,"gold_gain":0,"player_choice":"Ignored","damage_taken":0,"max_hp_gain":0,"max_hp_loss":0,"event_name":"Liars Game","floor":14,"gold_loss":0}],"is_beta":false,"boss_relics":[],"items_purged_floors":[],"is_endless":false,"potions_floor_spawned":[1,4,8],"killed_by":"The Guardian","ascension_level":15}