{"gold_per_floor":[113,74,74,84,94,122,122,150,150,150,182,193,193,210,210,282,282,302,352,332,344,358,358,6,6,6,6,19,19],"floor_reached":29,"playtime":1123,"items_purged":[],"score":450,"play_id":"0becfc02-3879-4e73-8de4-10d60a6bed73","local_time":"20190421095727","is_ascension_mode":true,"campfire_choices":[{"data":"Searing Blow","floor":7,"key":"SMITH"},{"data":"Searing Blow+1","floor":10,"key":"SMITH"},{"data":"Searing Blow+2","floor":15,"key":"SMITH"},{"data":"Searing Blow+3","floor":23,"key":"SMITH"},{"data":"Searing Blow+4","floor":25,"key":"SMITH"},{"data":"Searing Blow+5","floor":27,"key":"SMITH"}],"neow_cost":"NONE","seed_source_timestamp":849484931114284,"circlet_count":0,"master_deck":["AscendersBane","Strike_R","Strike_R","Strike_R","Strike_R","Defend_R","Defend_R","Defend_R","Defend_R","Bash","Searing Blow+6","Battle Trance","Anger","Cleave","Impervious","Feel No Pain","True Grit","Armaments","Offering","Seeing Red","Armaments"],"relics":["Black Blood","NeowsBlessing","CultistMask","Mango","Bottled Flame","Bird Faced Urn","Ornamental Fan","Membership Card","Mummified Hand"],"potions_floor_usage":[6,11,16,21,21,28],"damage_taken":[{"damage":0,"enemies":"2 Louse","floor":1,"turns":1},{"damage":0,"enemies":"Cultist","floor":4,"turns":1},{"damage":0,"enemies":"Small Slimes","floor":5,"turns":1},{"damage":8,"enemies":"Gremlin Nob","floor":6,"turns":3},{"damage":40,"enemies":"3 Sentries","floor":8,"turns":8},{"damage":19,"enemies":"Lagavulin","floor":11,"turns":5},{"damage":14,"enemies":"Red Slaver","floor":12,"turns":3},{"damage":0,"enemies":"2 Fungi Beasts","floor":14,"turns":2},{"damage":28,"enemies":"Slime Boss","floor":16,"turns":12},{"damage":32,"enemies":"Shell Parasite","floor":18,"turns":10},{"damage":33,"enemies":"3 Byrds","floor":21,"turns":7},{"damage":25,"enemies":"3 Cultists","floor":22,"turns":6},{"damage":6,"enemies":"Centurion and Healer","floor":28,"turns":5},{"damage":32,"enemies":"Slavers","floor":29,"turns":2}],"seed_played":"3428108682780130389","potions_obtained":[{"floor":1,"key":"SteroidPotion"},{"floor":4,"key":"PowerPotion"},{"floor":11,"key":"SpeedPotion"},{"floor":12,"key":"LiquidBronze"},{"floor":18,"key":"BloodPotion"},{"floor":20,"key":"Explosive Potion"},{"floor":22,"key":"AttackPotion"}],"is_trial":false,"path_per_floor":["M","$","?","M","M","E","R","E","T","R","E","M","?","M","R","B",null,"M","?","?","M","M","R","$","R","T","R","M","E"],"character_chosen":"IRONCLAD","items_purchased":["Battle Trance","Membership Card","Mummified Hand"],"campfire_rested":0,"item_purchase_floors":[2,24,24],"current_hp_per_floor":[74,74,74,75,75,87,87,53,53,53,42,34,34,40,40,20,72,52,52,52,39,26,26,26,26,26,26,32,0],"gold":19,"neow_bonus":"THREE_ENEMY_KILL","is_prod":false,"is_daily":false,"chose_seed":false,"campfire_upgraded":6,"win_rate":0,"timestamp":1555851447,"path_taken":["M","$","?","M","?","E","R","E","T","R","E","M","?","?","R","BOSS","M","?","?","M","M","R","$","R","T","R","M","E"],"build_version":"2019-01-23","purchased_purges":0,"victory":false,"max_hp_per_floor":[75,75,75,75,75,89,89,89,89,89,89,89,89,89,89,89,89,89,89,89,89,89,89,89,89,89,89,89,89],"card_choices":[{"not_picked":["Uppercut","Reckless Charge"],"picked":"Searing Blow","floor":1},{"not_picked":["Pummel","Inflame"],"picked":"Anger","floor":4},{"not_picked":["Flex","Wild Strike"],"picked":"Cleave","floor":5},{"not_picked":["Bloodletting","Havoc"],"picked":"Impervious","floor":6},{"not_picked":["Cleave","Sword Boomerang","Bloodletting"],"picked":"SKIP","floor":8},{"not_picked":["Sentinel","Limit Break"],"picked":"Feel No Pain","floor":11},{"not_picked":["Wild Strike","Inflame"],"picked":"True Grit","floor":12},{"not_picked":["Combust","Perfected Strike"],"picked":"Armaments","floor":14},{"not_picked":["Double Tap","Barricade"],"picked":"Offering","floor":16},{"not_picked":["Wild Strike","Clothesline","Body Slam"],"picked":"SKIP","floor":18},{"not_picked":["Carnage","Thunderclap"],"picked":"Seeing Red","floor":21},{"not_picked":["Flame Barrier","Dual Wield"],"picked":"Armaments","floor":22},{"not_picked":["Whirlwind","Anger","Dual Wield"],"picked":"SKIP","floor":28}],"player_experience":1176280,"relics_obtained":[{"floor":6,"key":"Mango"},{"floor":8,"key":"Bottled Flame"},{"floor":9,"key":"Bird Faced Urn"},{"floor":11,"key":"Ornamental Fan"}],"event_choices":[{"damage_healed":0,"gold_gain":0,"player_choice":"Trade","damage_taken":0,"relics_obtained":["CultistMask"],"max_hp_gain":0,"max_hp_loss":0,"event_name":"FaceTrader","floor":3,"gold_loss":0},{"cards_removed":["Strike_R"],"damage_healed":0,"gold_gain":0,"player_choice":"Purged","damage_taken":0,"max_hp_gain":0,"max_hp_loss":0,"event_name":"Purifier","floor":13,"gold_loss":0},{"damage_healed":0,"gold_gain":50,"player_choice":"Stole From Cult","damage_taken":0,"max_hp_gain":0,"max_hp_loss":0,"event_name":"Nest","floor":19,"gold_loss":0},{"damage_healed":0,"gold_gain":0,"player_choice":"Bought 1 Potion","damage_taken":0,"max_hp_gain":0,"max_hp_loss":0,"event_name":"The Woman in Blue","floor":20,"gold_loss":0}],"is_beta":false,"boss_relics":[{"not_picked":["Black Star","Busted Crown"],"picked":"Black Blood"}],"items_purged_floors":[],"is_endless":false,"potions_floor_spawned":[1,4,11,12,18,22],"killed_by":"Slavers","ascension_level":17}