{"path_per_floor":["M","?","M","?","M","E","R","E","T","M","R","T","E","M","R","B",null,"M","?","T"],"character_chosen":"DEFECT","items_purchased":[],"gold_per_floor":[118,118,138,313,325,352,352,414,439,457,457,457,484,495,495,598,598,613,613,613,613],"floor_reached":21,"campfire_rested":3,"playtime":1404,"item_purchase_floors":[],"current_hp_per_floor":[67,67,65,65,64,37,59,29,29,19,41,41,14,14,38,15,80,53,37,37,0],"items_purged":[],"gold":613,"score":227,"play_id":"4332a2f5-1483-4c7e-acc6-5fee5507e314","local_time":"20180606214109","is_prod":false,"is_daily":false,"chose_seed":false,"is_ascension_mode":true,"campfire_upgraded":0,"win_rate":0,"timestamp":1528332069,"campfire_choices":[{"floor":7,"key":"REST"},{"floor":11,"key":"REST"},{"floor":15,"key":"REST"}],"path_taken":["M","?","M","?","M","E","R","E","T","M","R","?","E","M","R","BOSS","M","?","?","M"],"build_version":"2018-05-31","seed_source_timestamp":175306645544469,"purchased_purges":0,"victory":false,"master_deck":["Strike_B","Strike_B","Strike_B","Strike_B","Defend_B","Defend_B","Defend_B","Defend_B","Zap","Dualcast","Thunder Strike","Coolheaded","Doom and Gloom","Doubt","Beam Cell","Gash","Melter","Tempest","Hologram","Redo","Beam Cell","Fission","White Noise+1"],"max_hp_per_floor":[75,75,75,75,75,75,75,75,75,75,75,75,80,80,80,80,80,80,80,80,80],"relics":["Cracked Core","Oddly Smooth Stone","Tiny Chest","Ancient Tea Set","Pantograph","Dream Catcher","Philosopher\u0027s Stone","Nilry\u0027s Codex","Regal Pillow"],"card_choices":[{"not_picked":["Scrape","Stack"],"picked":"Coolheaded","floor":1},{"not_picked":["Conserve Battery","Heatsinks"],"picked":"Doom and Gloom","floor":3},{"not_picked":["Turbo","Lockon"],"picked":"Beam Cell","floor":5},{"not_picked":["Steam Power","Steam"],"picked":"Gash","floor":6},{"not_picked":["Core Surge","Self Repair"],"picked":"Melter","floor":8},{"not_picked":["Lockon","Rebound"],"picked":"Tempest","floor":10},{"not_picked":["Stack","Undo"],"picked":"Hologram","floor":13},{"not_picked":["Steam","Chill"],"picked":"Redo","floor":14},{"not_picked":["Conserve Battery","Go for the Eyes"],"picked":"Beam Cell","floor":15},{"not_picked":["Meteor Strike","All For One"],"picked":"Fission","floor":16},{"not_picked":["Force Field+1","Lockon"],"picked":"White Noise+1","floor":18}],"player_experience":291244,"potions_floor_usage":[8,8,13,21],"damage_taken":[{"damage":8,"enemies":"Small Slimes","floor":1,"turns":4},{"damage":2,"enemies":"Jaw Worm","floor":3,"turns":3},{"damage":1,"enemies":"2 Louse","floor":5,"turns":2},{"damage":27,"enemies":"3 Sentries","floor":6,"turns":5},{"damage":30,"enemies":"Lagavulin","floor":8,"turns":5},{"damage":10,"enemies":"Blue Slaver","floor":10,"turns":4},{"damage":32,"enemies":"Gremlin Nob","floor":13,"turns":4},{"damage":0,"enemies":"2 Fungi Beasts","floor":14,"turns":2},{"damage":48,"enemies":"Hexaghost","floor":16,"turns":9},{"damage":27,"enemies":"Chosen","floor":18,"turns":5},{"damage":39,"enemies":"3 Byrds","floor":21,"turns":1}],"relics_obtained":[{"floor":6,"key":"Oddly Smooth Stone"},{"floor":8,"key":"Tiny Chest"},{"floor":9,"key":"Ancient Tea Set"},{"floor":12,"key":"Pantograph"},{"floor":13,"key":"Dream Catcher"},{"floor":19,"key":"Nilry\u0027s Codex"},{"floor":20,"key":"Regal Pillow"}],"event_choices":[{"event_name":"Golden Wing","player_choice":"Ignored","floor":2,"damage_taken":0},{"event_name":"Liars Game","player_choice":"agreed","floor":4,"damage_taken":0},{"event_name":"Cursed Tome","player_choice":"Obtained Book","floor":19,"damage_taken":0}],"boss_relics":[{"not_picked":["Black Star","Astrolabe"],"picked":"Philosopher\u0027s Stone"}],"items_purged_floors":[],"potions_floor_spawned":[5,6,10,16,18],"seed_played":"-4001734331462965260","killed_by":"3 Byrds","ascension_level":3,"potions_obtained":[{"floor":5,"key":"PowerPotion"},{"floor":6,"key":"AttackPotion"},{"floor":10,"key":"Fruit Juice"},{"floor":16,"key":"SteroidPotion"},{"floor":18,"key":"SkillPotion"}],"is_trial":false}