{"gold_per_floor":[111,111,36,1,11,36,55,55,55,73,148,176,176,189,189,290,290,308,328,603,303,303],"floor_reached":22,"playtime":1077,"items_purged":["Regret","Shame"],"score":331,"play_id":"897262a6-3e51-4dd6-a05f-e0cf079a39bb","local_time":"20190219183048","is_ascension_mode":true,"campfire_choices":[{"data":"Die Die Die","floor":8,"key":"SMITH"},{"data":"Die Die Die","floor":13,"key":"SMITH"},{"floor":15,"key":"REST"}],"neow_cost":"NONE","seed_source_timestamp":449081391206635,"circlet_count":0,"master_deck":["Defend_G","Defend_G","Defend_G","Defend_G","Defend_G","Strike_G","Strike_G","Strike_G","Strike_G","Strike_G","Survivor+1","Neutralize","Flying Knee","Leg Sweep","Die Die Die+1","Backstab","Die Die Die+1","Backflip","Burst","Pain","Normality","Caltrops","Regret"],"relics":["Ring of the Snake","Pocketwatch","Darkstone Periapt","Nunchaku","Dodecahedron","Calling Bell","Dream Catcher","Letter Opener","Girya","Lee\u0027s Waffle"],"potions_floor_usage":[6],"damage_taken":[{"damage":1,"enemies":"Jaw Worm","floor":1,"turns":5},{"damage":0,"enemies":"Small Slimes","floor":5,"turns":2},{"damage":31,"enemies":"Lagavulin","floor":6,"turns":10},{"damage":0,"enemies":"2 Louse","floor":7,"turns":1},{"damage":4,"enemies":"Exordium Wildlife","floor":10,"turns":4},{"damage":1,"enemies":"3 Sentries","floor":12,"turns":8},{"damage":0,"enemies":"Exordium Thugs","floor":14,"turns":1},{"damage":24,"enemies":"The Guardian","floor":16,"turns":24},{"damage":35,"enemies":"Spheric Guardian","floor":18,"turns":6},{"damage":28,"enemies":"Shell Parasite","floor":19,"turns":9},{"damage":75,"enemies":"Centurion and Healer","floor":22,"turns":11}],"seed_played":"7079439949790521971","potions_obtained":[{"floor":5,"key":"Regen Potion"},{"floor":6,"key":"Weak Potion"},{"floor":7,"key":"Ancient Potion"},{"floor":10,"key":"FearPotion"}],"is_trial":false,"path_per_floor":["M","?","$","?","M","E","M","R","T","M","?","E","R","M","R","B",null,"M","M","?","$","M"],"character_chosen":"THE_SILENT","items_purchased":["Lee\u0027s Waffle"],"campfire_rested":1,"item_purchase_floors":[21],"current_hp_per_floor":[62,62,62,70,70,45,45,45,45,41,30,29,29,29,50,26,77,42,14,20,101,26],"gold":303,"neow_bonus":"UPGRADE_CARD","is_prod":false,"is_daily":false,"chose_seed":false,"campfire_upgraded":2,"win_rate":0,"timestamp":1550611848,"path_taken":["M","?","$","?","M","E","M","R","T","M","?","E","R","M","R","BOSS","M","M","?","?","M"],"build_version":"2019-01-23","purchased_purges":2,"victory":false,"max_hp_per_floor":[70,70,70,70,70,70,70,70,70,70,70,70,70,70,70,70,88,88,88,94,101,101],"card_choices":[{"not_picked":["Backflip","Reflex"],"picked":"Flying Knee","floor":1},{"not_picked":["Bane","Blade Dance"],"picked":"Leg Sweep","floor":5},{"not_picked":["Heel Hook","Predator"],"picked":"Die Die Die","floor":6},{"not_picked":["Slice","Outmaneuver"],"picked":"Backstab","floor":7},{"not_picked":["Deflect","Caltrops"],"picked":"Die Die Die","floor":10},{"not_picked":["Accuracy","Heel Hook","Catalyst"],"picked":"SKIP","floor":12},{"not_picked":["Distraction","Flying Knee"],"picked":"Backflip","floor":14},{"not_picked":["Unload","Grand Finale"],"picked":"Burst","floor":16},{"not_picked":["Escape Plan","Prepared+1"],"picked":"Caltrops","floor":18},{"not_picked":["Quick Slash","Underhanded Strike","Blade Dance"],"picked":"SKIP","floor":19}],"player_experience":794329,"relics_obtained":[{"floor":6,"key":"Darkstone Periapt"},{"floor":9,"key":"Nunchaku"},{"floor":12,"key":"Dodecahedron"},{"floor":17,"key":"Dream Catcher"},{"floor":17,"key":"Letter Opener"},{"floor":17,"key":"Girya"}],"event_choices":[{"damage_healed":0,"gold_gain":0,"player_choice":"Box","damage_taken":0,"relics_obtained":["Pocketwatch"],"max_hp_gain":0,"max_hp_loss":0,"event_name":"Big Fish","floor":2,"gold_loss":0,"cards_obtained":["Regret"]},{"damage_healed":17,"gold_gain":0,"player_choice":"Healed","damage_taken":0,"max_hp_gain":0,"max_hp_loss":0,"event_name":"The Cleric","floor":4,"gold_loss":35},{"damage_healed":0,"gold_gain":75,"player_choice":"Gather Gold","damage_taken":11,"max_hp_gain":0,"max_hp_loss":0,"event_name":"World of Goop","floor":11,"gold_loss":0},{"damage_healed":0,"gold_gain":275,"player_choice":"Desecrate","damage_taken":0,"max_hp_gain":0,"max_hp_loss":0,"event_name":"Golden Shrine","floor":20,"gold_loss":0,"cards_obtained":["Regret"]}],"is_beta":false,"boss_relics":[{"not_picked":["Coffee Dripper","WristBlade"],"picked":"Calling Bell"}],"items_purged_floors":[3,21],"is_endless":false,"potions_floor_spawned":[5,6,7,10,19],"killed_by":"Centurion and Healer","ascension_level":9}