{"gold_per_floor":[115,115,132,144,161,161,226,226,226,256,269,298,298,316,316,416,416,428,428,442,459,220,220,251,251,303,303,322,355,366,366,366,366],"floor_reached":33,"playtime":1348,"items_purged":[],"score":402,"play_id":"b79ac2a9-829a-40a5-84c0-0f9984a4ec50","local_time":"20190213012312","is_ascension_mode":true,"campfire_choices":[{"data":"Metallicize","floor":6,"key":"SMITH"},{"data":"Twin Strike","floor":8,"key":"SMITH"},{"data":"Dual Wield","floor":13,"key":"SMITH"},{"data":"Flame Barrier","floor":15,"key":"SMITH"},{"data":"Double Tap","floor":23,"key":"SMITH"},{"data":"Intimidate","floor":25,"key":"SMITH"},{"data":"Iron Wave","floor":27,"key":"SMITH"},{"data":"Metallicize","floor":32,"key":"SMITH"}],"neow_cost":"NONE","seed_source_timestamp":630057674461128,"circlet_count":0,"master_deck":["Strike_R","Strike_R","Strike_R","Strike_R","Defend_R","Defend_R","Defend_R","Defend_R","Bash+1","Metallicize+1","Shrug It Off","Intimidate+1","Twin Strike+1","Sword Boomerang","Dual Wield+1","Flame Barrier+1","Double Tap+1","Iron Wave+1","True Grit+1","True Grit+1","Metallicize+1","Shrug It Off+1"],"relics":["Burning Blood","Tiny Chest","Paper Frog","Thread and Needle","Coffee Dripper","Kunai","Toxic Egg 2","Red Skull","Red Mask","Nloth\u0027s Gift"],"potions_floor_usage":[7,10,10,16,28,33],"damage_taken":[{"damage":12,"enemies":"Jaw Worm","floor":1,"turns":3},{"damage":5,"enemies":"Cultist","floor":3,"turns":4},{"damage":10,"enemies":"2 Louse","floor":4,"turns":3},{"damage":17,"enemies":"Exordium Thugs","floor":5,"turns":6},{"damage":4,"enemies":"Gremlin Nob","floor":7,"turns":3},{"damage":21,"enemies":"Lagavulin","floor":10,"turns":5},{"damage":1,"enemies":"Red Slaver","floor":11,"turns":5},{"damage":9,"enemies":"Gremlin Nob","floor":12,"turns":3},{"damage":8,"enemies":"Lots of Slimes","floor":14,"turns":5},{"damage":24,"enemies":"The Guardian","floor":16,"turns":16},{"damage":0,"enemies":"3 Byrds","floor":18,"turns":1},{"damage":8,"enemies":"Chosen","floor":20,"turns":5},{"damage":17,"enemies":"Centurion and Healer","floor":21,"turns":5},{"damage":20,"enemies":"Slavers","floor":24,"turns":8},{"damage":10,"enemies":"Snake Plant","floor":28,"turns":4},{"damage":18,"enemies":"Masked Bandits","floor":29,"turns":7},{"damage":2,"enemies":"3 Cultists","floor":30,"turns":7},{"damage":19,"enemies":"Collector","floor":33,"turns":5}],"seed_played":"-361182474946984367","potions_obtained":[{"floor":1,"key":"Swift Potion"},{"floor":4,"key":"PowerPotion"},{"floor":5,"key":"Energy Potion"},{"floor":14,"key":"LiquidBronze"},{"floor":24,"key":"Energy Potion"},{"floor":29,"key":"LiquidBronze"}],"is_trial":false,"path_per_floor":["M","?","M","M","M","R","E","R","T","E","M","E","R","M","R","B",null,"M","?","M","M","$","R","E","R","T","R","M","?","M","?","R","B"],"character_chosen":"IRONCLAD","items_purchased":["Kunai"],"campfire_rested":0,"item_purchase_floors":[22],"current_hp_per_floor":[66,66,67,63,52,52,54,54,54,39,44,41,41,39,39,21,65,71,56,54,43,43,43,29,29,29,29,25,13,17,17,17,0],"gold":366,"neow_bonus":"UPGRADE_CARD","is_prod":false,"is_daily":false,"chose_seed":false,"campfire_upgraded":8,"win_rate":0,"timestamp":1550031792,"path_taken":["M","?","?","M","M","R","E","R","T","E","M","E","R","?","R","BOSS","M","?","M","M","$","R","E","R","T","R","M","?","M","?","R","BOSS"],"build_version":"2019-01-23","purchased_purges":0,"victory":false,"max_hp_per_floor":[80,80,80,80,80,80,80,80,80,80,80,80,80,80,80,80,80,80,85,85,85,85,85,85,85,85,85,85,85,85,85,85,85],"card_choices":[{"not_picked":["Headbutt","Seeing Red"],"picked":"Metallicize","floor":1},{"not_picked":["Warcry","Perfected Strike"],"picked":"Shrug It Off","floor":3},{"not_picked":["Clash","Perfected Strike"],"picked":"Intimidate","floor":4},{"not_picked":["Headbutt","Clash"],"picked":"Twin Strike","floor":5},{"not_picked":["Twin Strike","Sever Soul","Heavy Blade"],"picked":"SKIP","floor":7},{"not_picked":["Fiend Fire","True Grit"],"picked":"Sword Boomerang","floor":10},{"not_picked":["Clothesline","Anger"],"picked":"Dual Wield","floor":11},{"not_picked":["Infernal Blade","Wild Strike","Corruption"],"picked":"SKIP","floor":12},{"not_picked":["Bloodletting","Armaments"],"picked":"Flame Barrier","floor":14},{"not_picked":["Berserk","Exhume"],"picked":"Double Tap","floor":16},{"not_picked":["Flex","Sword Boomerang","Clothesline"],"picked":"SKIP","floor":18},{"not_picked":["Havoc","Ghostly Armor"],"picked":"Iron Wave","floor":20},{"not_picked":["Pommel Strike","Heavy Blade+1","Clash"],"picked":"SKIP","floor":21},{"not_picked":["Shrug It Off","Fiend Fire"],"picked":"True Grit","floor":24},{"not_picked":["Heavy Blade","Iron Wave"],"picked":"True Grit+1","floor":28},{"not_picked":["Feel No Pain","Infernal Blade+1"],"picked":"Metallicize","floor":29},{"not_picked":["Pummel","Warcry+1"],"picked":"Shrug It Off+1","floor":30}],"player_experience":758261,"relics_obtained":[{"floor":7,"key":"Tiny Chest"},{"floor":9,"key":"Paper Frog"},{"floor":10,"key":"Thread and Needle"},{"floor":12,"key":"Boot"},{"floor":24,"key":"Toxic Egg 2"},{"floor":26,"key":"Red Skull"},{"floor":29,"key":"Red Mask"}],"event_choices":[{"cards_removed":["Strike_R"],"damage_healed":0,"gold_gain":0,"player_choice":"Offered Basic","damage_taken":0,"max_hp_gain":0,"max_hp_loss":0,"event_name":"Bonfire Elementals","floor":2,"gold_loss":0},{"damage_healed":0,"gold_gain":0,"player_choice":"Shed Blood","damage_taken":20,"max_hp_gain":5,"max_hp_loss":0,"event_name":"Forgotten Altar","floor":19,"gold_loss":0},{"damage_healed":0,"gold_gain":0,"player_choice":"Fought Bandits","damage_taken":0,"max_hp_gain":0,"max_hp_loss":0,"event_name":"Masked Bandits","floor":29,"gold_loss":0},{"damage_healed":0,"gold_gain":0,"player_choice":"Traded Relic","damage_taken":0,"relics_obtained":["Nloth\u0027s Gift"],"max_hp_gain":0,"max_hp_loss":0,"event_name":"N\u0027loth","floor":31,"relics_lost":["Boot"],"gold_loss":0}],"is_beta":false,"boss_relics":[{"not_picked":["Eternal Feather","Runic Cube"],"picked":"Coffee Dripper"}],"items_purged_floors":[],"is_endless":false,"potions_floor_spawned":[1,4,5,14,24,29],"killed_by":"Collector","ascension_level":8}