{"gold_per_floor":[362,374,87,87,106,106,123,157,157,157,173,173,208,223,223,300,300,319,339,358,358,384,384,410,410,434,13,13,47,47,74,74,74],"floor_reached":33,"playtime":2526,"items_purged":["Doubt","Bite"],"score":701,"play_id":"5929f72c-c0ce-464d-9252-1bfded119b26","local_time":"20190118101653","is_ascension_mode":true,"campfire_choices":[{"data":"Uppercut","floor":6,"key":"SMITH"},{"data":"Iron Wave","floor":10,"key":"SMITH"},{"data":"Battle Trance","floor":15,"key":"SMITH"},{"data":"Fiend Fire","floor":23,"key":"SMITH"},{"floor":25,"key":"REST"},{"data":"Rage","floor":32,"key":"SMITH"}],"neow_cost":"CURSE","seed_source_timestamp":696085662429750,"circlet_count":0,"master_deck":["AscendersBane","Defend_R","Defend_R","Defend_R","Defend_R","Bash+1","Uppercut+1","Anger","Spot Weakness","Iron Wave+1","Evolve","Battle Trance+1","Fiend Fire+1","Rage+1","Bite","Bite","Bite","Bite","Feed+1","Shrug It Off+1","Feel No Pain","Disarm","Battle Trance","Shrug It Off"],"relics":["Burning Blood","Bag of Preparation","Kunai","Mummified Hand","Shuriken","Pantograph","Runic Pyramid","Red Mask","Oddly Smooth Stone","Whetstone","Strawberry","Bag of Marbles","Potion Belt"],"potions_floor_usage":[24,31,33],"damage_taken":[{"damage":12,"enemies":"Small Slimes","floor":1,"turns":5},{"damage":7,"enemies":"Cultist","floor":2,"turns":4},{"damage":4,"enemies":"Jaw Worm","floor":5,"turns":3},{"damage":5,"enemies":"Red Slaver","floor":7,"turns":3},{"damage":18,"enemies":"Lagavulin","floor":8,"turns":7},{"damage":11,"enemies":"Exordium Wildlife","floor":11,"turns":4},{"damage":0,"enemies":"Gremlin Nob","floor":13,"turns":3},{"damage":3,"enemies":"Blue Slaver","floor":14,"turns":3},{"damage":33,"enemies":"Hexaghost","floor":16,"turns":8},{"damage":14,"enemies":"Shell Parasite","floor":18,"turns":2},{"damage":0,"enemies":"Spheric Guardian","floor":19,"turns":3},{"damage":5,"enemies":"Snecko","floor":20,"turns":3},{"damage":39,"enemies":"Masked Bandits","floor":22,"turns":4},{"damage":21,"enemies":"Slavers","floor":24,"turns":6},{"damage":3,"enemies":"Gremlin Leader","floor":29,"turns":6},{"damage":9,"enemies":"Slavers","floor":31,"turns":6},{"damage":79,"enemies":"Collector","floor":33,"turns":6}],"seed_played":"6921406323301129203","potions_obtained":[{"floor":2,"key":"SkillPotion"},{"floor":11,"key":"EssenceOfSteel"},{"floor":12,"key":"Strength Potion"},{"floor":22,"key":"Poison Potion"},{"floor":24,"key":"Poison Potion"}],"is_trial":false,"path_per_floor":["M","M","$","?","M","R","M","E","T","R","M","?","E","M","R","B",null,"M","M","M","?","?","R","E","R","T","$","?","E","?","E","R","B"],"character_chosen":"IRONCLAD","items_purchased":["Bag of Preparation","Spot Weakness","Feel No Pain","Disarm","Strawberry"],"campfire_rested":1,"item_purchase_floors":[3,3,27,27,27],"current_hp_per_floor":[62,61,61,61,63,63,64,52,52,52,47,47,53,56,56,48,68,60,66,67,52,29,29,22,37,37,44,28,47,47,54,54,0],"gold":74,"neow_bonus":"TWO_FIFTY_GOLD","is_prod":false,"is_daily":false,"chose_seed":false,"campfire_upgraded":5,"win_rate":0,"timestamp":1547824613,"path_taken":["M","M","$","?","M","R","M","E","T","R","?","?","E","M","R","BOSS","M","M","M","?","?","R","E","R","T","$","?","E","?","E","R","BOSS"],"build_version":"2019-01-16","purchased_purges":2,"victory":false,"max_hp_per_floor":[75,75,75,75,75,75,75,75,75,75,75,75,75,75,75,75,75,75,75,75,52,52,52,52,52,52,59,64,64,64,68,68,68],"card_choices":[{"not_picked":["Sword Boomerang","Clothesline"],"picked":"Uppercut","floor":1},{"not_picked":["Warcry","Pommel Strike"],"picked":"Anger","floor":2},{"not_picked":["Headbutt","Havoc"],"picked":"Iron Wave","floor":5},{"not_picked":["Perfected Strike","Cleave","Searing Blow"],"picked":"SKIP","floor":7},{"not_picked":["Sever Soul","Cleave"],"picked":"Evolve","floor":8},{"not_picked":["Evolve","Pummel","Rage"],"picked":"SKIP","floor":11},{"not_picked":["Demon Form","Body Slam"],"picked":"Battle Trance","floor":13},{"not_picked":["Wild Strike","Dropkick","Cleave"],"picked":"SKIP","floor":14},{"not_picked":["Double Tap","Impervious"],"picked":"Fiend Fire","floor":16},{"not_picked":["Havoc","Pommel Strike"],"picked":"Rage","floor":18},{"not_picked":["Evolve","Rampage","Clash"],"picked":"SKIP","floor":19},{"not_picked":["Wild Strike","Pummel","Iron Wave"],"picked":"SKIP","floor":20},{"not_picked":["Infernal Blade+1","Wild Strike"],"picked":"Feed","floor":22},{"not_picked":["Heavy Blade","Thunderclap"],"picked":"Shrug It Off+1","floor":24},{"not_picked":["Second Wind+1","Sever Soul"],"picked":"Battle Trance","floor":29},{"not_picked":["Reckless Charge","Heavy Blade"],"picked":"Shrug It Off","floor":31}],"player_experience":1108263,"relics_obtained":[{"floor":8,"key":"Mummified Hand"},{"floor":9,"key":"Shuriken"},{"floor":13,"key":"Pantograph"},{"floor":22,"key":"Red Mask"},{"floor":24,"key":"Oddly Smooth Stone"},{"floor":26,"key":"Whetstone"},{"floor":29,"key":"Bag of Marbles"},{"floor":31,"key":"Potion Belt"}],"event_choices":[{"damage_healed":0,"gold_gain":0,"player_choice":"Gave Potion","damage_taken":0,"relics_obtained":["Kunai"],"max_hp_gain":0,"max_hp_loss":0,"event_name":"WeMeetAgain","floor":4,"gold_loss":0},{"damage_healed":0,"gold_gain":0,"player_choice":"Got Potions","damage_taken":0,"max_hp_gain":0,"max_hp_loss":0,"event_name":"Lab","floor":12,"gold_loss":0},{"damage_healed":0,"gold_gain":0,"player_choice":"Became a vampire","damage_taken":0,"max_hp_gain":0,"max_hp_loss":23,"event_name":"Vampires","floor":21,"gold_loss":0,"cards_obtained":["Bite","Bite","Bite","Bite","Bite"]},{"damage_healed":0,"gold_gain":0,"player_choice":"Fought Bandits","damage_taken":0,"max_hp_gain":0,"max_hp_loss":0,"event_name":"Masked Bandits","floor":22,"gold_loss":0},{"damage_healed":0,"gold_gain":0,"player_choice":"Shed Blood","damage_taken":21,"max_hp_gain":5,"max_hp_loss":0,"event_name":"Forgotten Altar","floor":28,"gold_loss":0},{"damage_healed":0,"gold_gain":0,"player_choice":"Ignored","damage_taken":0,"max_hp_gain":0,"max_hp_loss":0,"event_name":"The Mausoleum","floor":30,"gold_loss":0}],"is_beta":true,"boss_relics":[{"not_picked":["Pandora\u0027s Box","Orrery"],"picked":"Runic Pyramid"}],"items_purged_floors":[3,27],"is_endless":false,"potions_floor_spawned":[2,11,16,22,24],"killed_by":"Collector","ascension_level":20}