{"gold_per_floor":[115,5,20,39,55,82,82,36,112,112,143,143,175,192,192,287,287,298,310,225,240,258,287,287,322,322,351,351,361,377,51,51,146,146,166,166,186,186,199,259,288,74,98,98,129,161,177,177,177,177,177,177,23,53,53],"floor_reached":55,"playtime":4147,"items_purged":["Strike_B"],"score":1117,"play_id":"a3ce5013-878b-46df-a30e-28c3ac4a9f18","local_time":"20190413083342","is_ascension_mode":true,"campfire_choices":[{"data":"Sunder","floor":7,"key":"SMITH"},{"data":"Stack","floor":12,"key":"SMITH"},{"data":"Coolheaded","floor":15,"key":"SMITH"},{"data":"Electrodynamics","floor":24,"key":"SMITH"},{"data":"Meteor Strike","floor":32,"key":"SMITH"},{"floor":44,"key":"RECALL"},{"data":"Hologram","floor":49,"key":"SMITH"},{"data":"Discovery","floor":52,"key":"SMITH"}],"neow_cost":"TEN_PERCENT_HP_LOSS","seed_source_timestamp":2810844332204341,"circlet_count":0,"master_deck":["Strike_B","Strike_B+1","Strike_B","Defend_B","Defend_B","Defend_B","Zap+1","Dualcast","Ball Lightning","Sweeping Beam+1","Glacier","Sunder+1","Core Surge","Leap","Stack+1","Ball Lightning","Coolheaded+1","Electrodynamics+1","Reinforced Body","Recycle","Stack+1","Doom and Gloom","Scrape+1","Cold Snap","Coolheaded+1","Ball Lightning+1","Meteor Strike+1","Thunder Strike","Hello World+1","Buffer+1","Auto Shields+1","Dark Shackles","Master of Strategy","Discovery+1","Capacitor+1","Conserve Battery+1","Reinforced Body+1","Defragment+1","Force Field","Hologram+1","Doom and Gloom","Sunder+1"],"relics":["Cracked Core","StoneCalendar","WingedGreaves","Boot","Symbiotic Virus","Gambling Chip","Dream Catcher","Snecko Eye","Oddly Smooth Stone","Bag of Marbles","Frozen Egg 2","Pantograph","Emotion Chip","Philosopher\u0027s Stone","Tiny Chest","Whetstone","Omamori","Bag of Preparation","Lantern"],"potions_floor_usage":[23,27,40,40,40,40,40,55,55,55],"damage_taken":[{"damage":5,"enemies":"Small Slimes","floor":1,"turns":3},{"damage":0,"enemies":"Cultist","floor":3,"turns":2},{"damage":0,"enemies":"2 Louse","floor":4,"turns":2},{"damage":0,"enemies":"Blue Slaver","floor":5,"turns":3},{"damage":3,"enemies":"Lagavulin","floor":6,"turns":7},{"damage":10,"enemies":"Gremlin Nob","floor":11,"turns":3},{"damage":2,"enemies":"3 Sentries","floor":13,"turns":7},{"damage":1,"enemies":"2 Fungi Beasts","floor":14,"turns":3},{"damage":0,"enemies":"The Guardian","floor":16,"turns":8},{"damage":6,"enemies":"2 Thieves","floor":18,"turns":2},{"damage":0,"enemies":"Spheric Guardian","floor":19,"turns":2},{"damage":0,"enemies":"3 Cultists","floor":21,"turns":3},{"damage":0,"enemies":"Snecko","floor":22,"turns":5},{"damage":0,"enemies":"Gremlin Leader","floor":23,"turns":7},{"damage":0,"enemies":"Book of Stabbing","floor":25,"turns":3},{"damage":5,"enemies":"Gremlin Leader","floor":27,"turns":4},{"damage":0,"enemies":"Cultist and Chosen","floor":29,"turns":5},{"damage":0,"enemies":"Sentry and Sphere","floor":30,"turns":1},{"damage":0,"enemies":"Collector","floor":33,"turns":5},{"damage":0,"enemies":"3 Darklings","floor":35,"turns":2},{"damage":0,"enemies":"Orb Walker","floor":37,"turns":2},{"damage":0,"enemies":"Writhing Mass","floor":39,"turns":5},{"damage":14,"enemies":"Reptomancer","floor":40,"turns":5},{"damage":0,"enemies":"Nemesis","floor":41,"turns":7},{"damage":0,"enemies":"Reptomancer","floor":45,"turns":5},{"damage":0,"enemies":"Nemesis","floor":46,"turns":7},{"damage":0,"enemies":"3 Darklings","floor":47,"turns":3},{"damage":39,"enemies":"Donu and Deca","floor":50,"turns":8},{"damage":3,"enemies":"Shield and Spear","floor":54,"turns":4},{"damage":83,"enemies":"The Heart","floor":55,"turns":9}],"seed_played":"4980600137433784267","potions_obtained":[{"floor":4,"key":"Weak Potion"},{"floor":11,"key":"Fire Potion"},{"floor":13,"key":"LiquidBronze"},{"floor":14,"key":"EntropicBrew"},{"floor":25,"key":"Strength Potion"},{"floor":29,"key":"SteroidPotion"},{"floor":30,"key":"Ancient Potion"},{"floor":46,"key":"Dexterity Potion"}],"is_trial":false,"path_per_floor":["M","?","M","M","M","E","R","$","T","?","E","R","E","M","R","B",null,"M","M","?","M","M","E","R","E","T","E","?","M","M","$","R","B",null,"M","?","M","?","M","E","E","$","T","R","E","E","M","?","R","B",null,"R","$","E","B"],"character_chosen":"DEFECT","items_purchased":["Leap","Meteor Strike","Thunder Strike","Hello World+1","Defragment+1","Force Field","Regen Potion","Doom and Gloom"],"campfire_rested":0,"item_purchase_floors":[8,31,31,31,42,42,42,53],"current_hp_per_floor":[63,63,63,63,63,60,60,60,60,60,50,50,48,47,47,47,68,62,62,62,62,62,62,62,62,62,57,57,57,57,57,57,68,68,68,68,68,58,58,44,44,44,44,44,44,44,44,44,44,26,65,65,65,62,0],"gold":53,"neow_bonus":"ONE_RARE_RELIC","is_prod":false,"is_daily":false,"chose_seed":false,"campfire_upgraded":7,"win_rate":0,"timestamp":1555158822,"path_taken":["M","?","M","M","?","E","R","?","T","?","E","R","E","M","R","BOSS","M","M","?","M","M","E","R","E","T","E","?","?","M","$","R","BOSS","M","?","M","?","?","E","E","$","T","R","E","E","M","?","R","BOSS","R","$","E","BOSS"],"build_version":"2019-04-04","purchased_purges":1,"victory":false,"max_hp_per_floor":[68,68,68,68,68,68,68,68,68,68,68,68,68,68,68,68,68,68,68,68,68,68,68,68,68,68,68,68,68,68,68,68,68,68,68,68,68,68,68,68,68,68,68,68,68,68,68,65,65,65,65,65,65,65,65],"card_choices":[{"not_picked":["Steam","Streamline"],"picked":"Ball Lightning","floor":1},{"not_picked":["Fusion","Streamline"],"picked":"Sweeping Beam","floor":3},{"not_picked":["Compile Driver","Scrape"],"picked":"Glacier","floor":4},{"not_picked":["Heatsinks","Beam Cell"],"picked":"Sunder","floor":5},{"not_picked":["Storm","Hologram"],"picked":"Core Surge","floor":6},{"not_picked":["Scrape","Rip and Tear"],"picked":"Stack","floor":11},{"not_picked":["Sunder","Barrage"],"picked":"Ball Lightning","floor":13},{"not_picked":["Go for the Eyes","Rebound"],"picked":"Coolheaded","floor":14},{"not_picked":["Rainbow","Machine Learning"],"picked":"Electrodynamics","floor":16},{"not_picked":["Go for the Eyes","Melter","Beam Cell"],"picked":"SKIP","floor":18},{"not_picked":["Turbo","Rip and Tear"],"picked":"Reinforced Body","floor":19},{"not_picked":["Steam","Blizzard"],"picked":"Recycle","floor":21},{"not_picked":["Gash","Redo"],"picked":"Stack+1","floor":22},{"not_picked":["Chill","Seek"],"picked":"Doom and Gloom","floor":23},{"not_picked":["Compile Driver","Heatsinks+1"],"picked":"Scrape+1","floor":25},{"not_picked":["Go for the Eyes","Skim"],"picked":"Cold Snap","floor":27},{"not_picked":["Beam Cell+1","Turbo"],"picked":"Coolheaded+1","floor":29},{"not_picked":["Hologram","Turbo"],"picked":"Ball Lightning+1","floor":30},{"not_picked":["Multi-Cast","Amplify"],"picked":"Buffer+1","floor":33},{"not_picked":["Lockon","Streamline","Cold Snap"],"picked":"SKIP","floor":35},{"not_picked":["Streamline","Gash"],"picked":"Auto Shields+1","floor":37},{"not_picked":["Purity","Secret Weapon"],"picked":"Dark Shackles","floor":38},{"not_picked":["Finesse","Forethought"],"picked":"Master of Strategy","floor":38},{"not_picked":["Metamorphosis","Blind"],"picked":"Discovery","floor":38},{"not_picked":["Loop+1","Cold Snap+1"],"picked":"Capacitor+1","floor":39},{"not_picked":["Multi-Cast","Reprogram+1"],"picked":"Conserve Battery+1","floor":40},{"not_picked":["Coolheaded+1","Steam"],"picked":"Reinforced Body+1","floor":41},{"not_picked":["Streamline+1","Redo","Scrape+1"],"picked":"SKIP","floor":45},{"not_picked":["Chaos+1","Turbo"],"picked":"Hologram","floor":46},{"not_picked":["Turbo","Sweeping Beam","Heatsinks+1"],"picked":"SKIP","floor":47},{"not_picked":["Steam+1","Scrape"],"picked":"Sunder+1","floor":54}],"player_experience":5303461,"relics_obtained":[{"floor":6,"key":"Boot"},{"floor":9,"key":"Symbiotic Virus"},{"floor":11,"key":"Gambling Chip"},{"floor":13,"key":"Dream Catcher"},{"floor":23,"key":"Bag of Marbles"},{"floor":25,"key":"Frozen Egg 2"},{"floor":26,"key":"Pantograph"},{"floor":27,"key":"Emotion Chip"},{"floor":40,"key":"Tiny Chest"},{"floor":41,"key":"Whetstone"},{"floor":45,"key":"Omamori"},{"floor":46,"key":"Bag of Preparation"},{"floor":54,"key":"Lantern"}],"event_choices":[{"damage_healed":0,"gold_gain":0,"player_choice":"Paid Gold","damage_taken":0,"relics_obtained":["WingedGreaves"],"max_hp_gain":0,"max_hp_loss":0,"event_name":"WeMeetAgain","floor":2,"gold_loss":110},{"damage_healed":0,"gold_gain":0,"player_choice":"Grow","damage_taken":0,"max_hp_gain":0,"max_hp_loss":0,"event_name":"Living Wall","floor":10,"gold_loss":0,"cards_upgraded":["Zap"]},{"damage_healed":0,"gold_gain":0,"player_choice":"Obtained Relic","damage_taken":0,"relics_obtained":["Oddly Smooth Stone"],"max_hp_gain":0,"max_hp_loss":0,"event_name":"Addict","floor":20,"gold_loss":85},{"damage_healed":0,"gold_gain":0,"player_choice":"Ignored","damage_taken":0,"max_hp_gain":0,"max_hp_loss":0,"event_name":"Ghosts","floor":28,"gold_loss":0},{"cards_removed":["Defend_B"],"damage_healed":0,"gold_gain":0,"player_choice":"Removed Skill","damage_taken":0,"max_hp_gain":0,"max_hp_loss":0,"event_name":"Falling","floor":36,"gold_loss":0},{"damage_healed":0,"gold_gain":0,"player_choice":"Memory 3","damage_taken":10,"max_hp_gain":0,"max_hp_loss":0,"event_name":"SensoryStone","floor":38,"gold_loss":0},{"damage_healed":0,"gold_gain":0,"player_choice":"Max HP","damage_taken":0,"max_hp_gain":0,"max_hp_loss":3,"event_name":"Winding Halls","floor":48,"gold_loss":0}],"is_beta":true,"boss_relics":[{"not_picked":["Orrery","Cursed Key"],"picked":"Snecko Eye"},{"not_picked":["Lizard Tail","Velvet Choker"],"picked":"Philosopher\u0027s Stone"}],"items_purged_floors":[53],"is_endless":false,"potions_floor_spawned":[4,11,13,14,16,19,25,29,30,37,46],"killed_by":"The Heart","ascension_level":1}