{"gold_per_floor":[110,127,127,127,127,162,174,191,215,215,246,304,304,363,363,363],"floor_reached":16,"playtime":447,"items_purged":[],"score":218,"play_id":"07fed701-ce24-408a-86d2-f318f4e9fedc","local_time":"20190422233209","is_ascension_mode":true,"campfire_choices":[{"floor":10,"key":"REST"},{"data":"Limit Break","floor":13,"key":"SMITH"},{"floor":15,"key":"REST"}],"neow_cost":"TEN_PERCENT_HP_LOSS","seed_source_timestamp":985450661490190,"circlet_count":0,"master_deck":["AscendersBane","Strike_R","Strike_R","Strike_R","Strike_R","Strike_R","Defend_R","Defend_R+1","Defend_R","Defend_R","Bash","Sword Boomerang+1","Shrug It Off","Limit Break+1","Heavy Blade","Sword Boomerang","Spot Weakness","Spot Weakness","Iron Wave"],"relics":["Burning Blood","Du-Vu Doll","Omamori","Happy Flower","PreservedInsect","Sundial","Mango","Tiny Chest"],"potions_floor_usage":[6,8,16,16],"damage_taken":[{"damage":19,"enemies":"Jaw Worm","floor":1,"turns":4},{"damage":0,"enemies":"Small Slimes","floor":2,"turns":2},{"damage":24,"enemies":"3 Sentries","floor":6,"turns":8},{"damage":0,"enemies":"2 Louse","floor":7,"turns":2},{"damage":0,"enemies":"Exordium Wildlife","floor":8,"turns":2},{"damage":18,"enemies":"Gremlin Nob","floor":11,"turns":3},{"damage":0,"enemies":"Gremlin Nob","floor":12,"turns":2},{"damage":20,"enemies":"Lagavulin","floor":14,"turns":3},{"damage":71,"enemies":"Slime Boss","floor":16,"turns":9}],"seed_played":"5944387588522609920","potions_obtained":[{"floor":2,"key":"GamblersBrew"},{"floor":6,"key":"Fire Potion"},{"floor":11,"key":"Strength Potion"},{"floor":12,"key":"Poison Potion"},{"floor":14,"key":"Regen Potion"}],"is_trial":false,"path_per_floor":["M","M","?","?","?","E","M","M","T","R","E","?","R","E","R","B"],"character_chosen":"IRONCLAD","items_purchased":[],"campfire_rested":2,"item_purchase_floors":[],"current_hp_per_floor":[55,61,50,30,30,12,18,24,24,44,32,52,52,38,62,0],"gold":363,"neow_bonus":"ONE_RARE_RELIC","is_prod":false,"is_daily":false,"chose_seed":false,"campfire_upgraded":1,"win_rate":0,"timestamp":1555986729,"path_taken":["M","M","?","?","?","E","?","?","T","R","E","?","R","E","R","BOSS"],"build_version":"2019-01-23","purchased_purges":0,"victory":false,"max_hp_per_floor":[68,68,68,68,68,68,68,68,68,68,68,82,82,82,82,82],"card_choices":[{"not_picked":["Shrug It Off","Reckless Charge"],"picked":"Sword Boomerang","floor":1},{"not_picked":["Pommel Strike","Flex"],"picked":"Shrug It Off","floor":2},{"not_picked":["Battle Trance","Pummel"],"picked":"Limit Break","floor":6},{"not_picked":["Armaments","Rupture"],"picked":"Heavy Blade","floor":7},{"not_picked":["Sentinel","Heavy Blade"],"picked":"Sword Boomerang","floor":8},{"not_picked":["Pommel Strike","Metallicize"],"picked":"Spot Weakness","floor":11},{"not_picked":["Perfected Strike","Clash"],"picked":"Spot Weakness","floor":12},{"not_picked":["Carnage","Wild Strike"],"picked":"Iron Wave","floor":14}],"player_experience":1183040,"relics_obtained":[{"floor":6,"key":"Happy Flower"},{"floor":9,"key":"PreservedInsect"},{"floor":11,"key":"Sundial"},{"floor":12,"key":"Mango"},{"floor":14,"key":"Tiny Chest"}],"event_choices":[{"damage_healed":0,"gold_gain":0,"player_choice":"Success","damage_taken":11,"relics_obtained":["Omamori"],"max_hp_gain":0,"max_hp_loss":0,"event_name":"Scrap Ooze","floor":3,"gold_loss":0},{"damage_healed":0,"gold_gain":0,"player_choice":"Entered Light","damage_taken":20,"max_hp_gain":0,"max_hp_loss":0,"event_name":"Shining Light","floor":4,"gold_loss":0,"cards_upgraded":["Defend_R","Sword Boomerang"]},{"damage_healed":0,"gold_gain":0,"player_choice":"Ignored","damage_taken":0,"max_hp_gain":0,"max_hp_loss":0,"event_name":"Golden Wing","floor":5,"gold_loss":0},{"damage_healed":0,"gold_gain":0,"player_choice":"Searched \u00272\u0027 times","damage_taken":0,"max_hp_gain":0,"max_hp_loss":0,"event_name":"Dead Adventurer","floor":12,"gold_loss":0}],"is_beta":false,"boss_relics":[],"items_purged_floors":[],"is_endless":false,"potions_floor_spawned":[2,6,11,12,14],"killed_by":"Slime Boss","ascension_level":17}