{"gold_per_floor":[111,131,131,131,131,166,179,179,202,202,202,232,232,567,567,665,665,678,678,655,655,655],"floor_reached":22,"playtime":990,"items_purged":[],"score":224,"play_id":"eac8c8a1-4852-4c89-9582-03d1f0d30f69","local_time":"20190427112337","is_ascension_mode":true,"campfire_choices":[{"data":"Zap","floor":8,"key":"SMITH"},{"data":"Cold Snap","floor":11,"key":"SMITH"},{"data":"Coolheaded","floor":13,"key":"SMITH"},{"floor":15,"key":"REST"}],"neow_cost":"NONE","seed_source_timestamp":1334557904677300,"circlet_count":0,"master_deck":["Strike_B","Strike_B","Strike_B","Strike_B","Defend_B","Defend_B","Defend_B","Defend_B","Zap+1","Dualcast","Self Repair","Cold Snap+1","Coolheaded+1","Loop","Ball Lightning","Buffer","Good Instincts","Barrage"],"relics":["Cracked Core","NeowsBlessing","Matryoshka","Pocketwatch","Smiling Mask","Boot","Juzu Bracelet","Ginger","Old Coin","Snecko Eye","Bottled Tornado","Darkstone Periapt"],"potions_floor_usage":[16],"damage_taken":[{"damage":0,"enemies":"Small Slimes","floor":1,"turns":1},{"damage":0,"enemies":"Jaw Worm","floor":2,"turns":1},{"damage":0,"enemies":"Lagavulin","floor":6,"turns":1},{"damage":0,"enemies":"Cultist","floor":7,"turns":4},{"damage":14,"enemies":"Gremlin Nob","floor":14,"turns":4},{"damage":4,"enemies":"Slime Boss","floor":16,"turns":10},{"damage":14,"enemies":"3 Byrds","floor":18,"turns":5},{"damage":10,"enemies":"Shell Parasite","floor":22,"turns":3}],"seed_played":"6799125147663121029","potions_obtained":[{"floor":1,"key":"SkillPotion"},{"floor":16,"key":"Weak Potion"}],"is_trial":false,"path_per_floor":["M","M","?","T","?","E","M","R","T","$","R","?","R","E","R","B",null,"M","?","$","T","M"],"character_chosen":"DEFECT","items_purchased":["Barrage"],"campfire_rested":1,"item_purchase_floors":[20],"current_hp_per_floor":[75,75,80,80,73,73,80,80,80,80,80,80,80,73,80,80,80,73,73,73,73,63],"gold":655,"neow_bonus":"THREE_ENEMY_KILL","is_prod":false,"is_daily":false,"chose_seed":false,"campfire_upgraded":3,"win_rate":0,"timestamp":1556378617,"path_taken":["M","M","?","?","?","E","M","R","T","?","R","?","R","E","R","BOSS","M","?","$","?","M"],"build_version":"2019-01-23","purchased_purges":0,"victory":false,"max_hp_per_floor":[75,75,80,80,80,80,80,80,80,80,80,80,80,80,80,80,80,80,80,80,80,80],"card_choices":[{"not_picked":["Tempest","Compile Driver"],"picked":"Self Repair","floor":1},{"not_picked":["Conserve Battery","Leap"],"picked":"Cold Snap","floor":2},{"not_picked":["Loop","Lockon"],"picked":"Coolheaded","floor":6},{"not_picked":["Compile Driver","Chaos"],"picked":"Loop","floor":7},{"not_picked":["Darkness","Leap"],"picked":"Ball Lightning","floor":14},{"not_picked":["Machine Learning","Hyperbeam"],"picked":"Buffer","floor":16},{"not_picked":["Go for the Eyes","Ball Lightning","Loop"],"picked":"SKIP","floor":18}],"player_experience":117980,"relics_obtained":[{"floor":4,"key":"Matryoshka"},{"floor":6,"key":"Smiling Mask"},{"floor":9,"key":"Boot"},{"floor":9,"key":"Juzu Bracelet"},{"floor":14,"key":"Old Coin"},{"floor":21,"key":"Bottled Tornado"},{"floor":21,"key":"Darkstone Periapt"}],"event_choices":[{"damage_healed":0,"gold_gain":0,"player_choice":"Donut","damage_taken":0,"max_hp_gain":5,"max_hp_loss":0,"event_name":"Big Fish","floor":3,"gold_loss":0},{"damage_healed":0,"gold_gain":0,"player_choice":"Success","damage_taken":7,"relics_obtained":["Pocketwatch"],"max_hp_gain":0,"max_hp_loss":0,"event_name":"Scrap Ooze","floor":5,"gold_loss":0},{"damage_healed":0,"gold_gain":30,"player_choice":"Searched \u00272\u0027 times","damage_taken":0,"relics_obtained":["Ginger"],"max_hp_gain":0,"max_hp_loss":0,"event_name":"Dead Adventurer","floor":12,"gold_loss":0},{"damage_healed":0,"gold_gain":0,"player_choice":"1 cards matched","damage_taken":0,"max_hp_gain":0,"max_hp_loss":0,"event_name":"Match and Keep!","floor":19,"gold_loss":0,"cards_obtained":["Good Instincts"]}],"is_beta":false,"boss_relics":[{"not_picked":["Runic Dome","Coffee Dripper"],"picked":"Snecko Eye"}],"items_purged_floors":[],"is_endless":false,"potions_floor_spawned":[1,16],"killed_by":"Shell Parasite","ascension_level":1}