{"gold_per_floor":[109,109,109,159,176,176,206,206,230,246,256,256,269,302,302,395,395,415,415,390,7,27,27,42,42],"floor_reached":25,"playtime":692,"items_purged":[],"score":487,"play_id":"171f6cc7-260e-4fc3-9862-0e21728d6c00","local_time":"20190202201629","is_ascension_mode":true,"campfire_choices":[{"data":"Zap","floor":6,"key":"SMITH"},{"data":"Consume","floor":8,"key":"SMITH"},{"data":"Dualcast","floor":15,"key":"SMITH"},{"data":"Loop","floor":23,"key":"SMITH"}],"neow_cost":"NONE","seed_source_timestamp":793893349692700,"circlet_count":0,"master_deck":["AscendersBane","Strike_B","Strike_B","Strike_B","Strike_B","Defend_B","Defend_B","Defend_B","Defend_B","Zap+1","Dualcast+1","BootSequence","Go for the Eyes","Consume+1","Loop+1","Capacitor","Cold Snap","Ball Lightning","Biased Cognition","Conserve Battery","Steam+1","Cold Snap"],"relics":["Cracked Core","NeowsBlessing","Symbiotic Virus","Question Card","Vajra","Golden Idol","Art of War","Cursed Key","PreservedInsect","Lee\u0027s Waffle"],"potions_floor_usage":[14,16,16,25,25],"damage_taken":[{"damage":0,"enemies":"Jaw Worm","floor":1,"turns":1},{"damage":0,"enemies":"2 Louse","floor":5,"turns":1},{"damage":0,"enemies":"Gremlin Nob","floor":7,"turns":1},{"damage":0,"enemies":"Cultist","floor":10,"turns":3},{"damage":8,"enemies":"Large Slime","floor":11,"turns":3},{"damage":18,"enemies":"Exordium Wildlife","floor":13,"turns":4},{"damage":10,"enemies":"Lagavulin","floor":14,"turns":6},{"damage":10,"enemies":"Slime Boss","floor":16,"turns":7},{"damage":18,"enemies":"Shell Parasite","floor":18,"turns":4},{"damage":9,"enemies":"2 Thieves","floor":20,"turns":4},{"damage":25,"enemies":"Snecko","floor":22,"turns":5},{"damage":24,"enemies":"Cultist and Chosen","floor":24,"turns":7},{"damage":25,"enemies":"Chosen and Byrds","floor":25,"turns":5}],"seed_played":"7556224630902097901","potions_obtained":[{"floor":5,"key":"Strength Potion"},{"floor":7,"key":"Regen Potion"},{"floor":10,"key":"Explosive Potion"},{"floor":14,"key":"SteroidPotion"},{"floor":19,"key":"SneckoOil"},{"floor":19,"key":"FearPotion"}],"is_trial":false,"path_per_floor":["M","?","?","?","M","R","E","R","T","M","M","?","M","E","R","B",null,"M","?","M","$","M","R","M","M"],"character_chosen":"DEFECT","items_purchased":["PreservedInsect","Lee\u0027s Waffle"],"campfire_rested":0,"item_purchase_floors":[21,21],"current_hp_per_floor":[64,64,57,57,57,57,57,57,57,57,49,49,31,35,35,25,54,36,36,27,71,46,46,22,0],"gold":42,"neow_bonus":"THREE_ENEMY_KILL","is_prod":false,"is_daily":false,"chose_seed":false,"campfire_upgraded":4,"win_rate":0,"timestamp":1549134989,"path_taken":["M","?","?","?","M","R","E","R","T","?","M","?","M","E","R","BOSS","M","?","?","?","M","R","M","M"],"build_version":"2019-01-23","purchased_purges":0,"victory":false,"max_hp_per_floor":[71,71,71,71,71,71,71,71,71,71,71,64,64,64,64,64,64,64,64,64,71,71,71,71,71],"card_choices":[{"not_picked":["Compile Driver","Stack"],"picked":"BootSequence","floor":1},{"not_picked":["Double Energy","Beam Cell"],"picked":"Go for the Eyes","floor":5},{"not_picked":["Hologram","Conserve Battery"],"picked":"Consume","floor":7},{"not_picked":["Beam Cell","Chill","Compile Driver"],"picked":"Loop","floor":10},{"not_picked":["Redo","Conserve Battery","Leap"],"picked":"Capacitor","floor":11},{"not_picked":["Redo","Recycle","Consume"],"picked":"Cold Snap","floor":13},{"not_picked":["Compile Driver","Double Energy","Hello World"],"picked":"Ball Lightning","floor":14},{"not_picked":["Core Surge","Fission","Seek"],"picked":"Biased Cognition","floor":16},{"not_picked":["Sweeping Beam","Streamline","Double Energy"],"picked":"Conserve Battery","floor":18},{"not_picked":["Coolheaded","Rebound","Biased Cognition"],"picked":"Steam+1","floor":20},{"not_picked":["Barrage","Steam","Rebound","Consume"],"picked":"SKIP","floor":22},{"not_picked":["Go for the Eyes","Sweeping Beam","Turbo"],"picked":"Cold Snap","floor":24}],"player_experience":445256,"relics_obtained":[{"floor":7,"key":"Question Card"},{"floor":9,"key":"Vajra"},{"floor":14,"key":"Art of War"}],"event_choices":[{"damage_healed":0,"gold_gain":0,"player_choice":"Box","damage_taken":0,"relics_obtained":["Symbiotic Virus"],"max_hp_gain":0,"max_hp_loss":0,"event_name":"Big Fish","floor":2,"gold_loss":0,"cards_obtained":["Regret"]},{"cards_removed":["Regret"],"damage_healed":0,"gold_gain":0,"player_choice":"Card Removal","damage_taken":7,"max_hp_gain":0,"max_hp_loss":0,"event_name":"Golden Wing","floor":3,"gold_loss":0},{"damage_healed":0,"gold_gain":50,"player_choice":"Pray","damage_taken":0,"max_hp_gain":0,"max_hp_loss":0,"event_name":"Golden Shrine","floor":4,"gold_loss":0},{"damage_healed":0,"gold_gain":0,"player_choice":"Lose Max HP","damage_taken":0,"relics_obtained":["Golden Idol"],"max_hp_gain":0,"max_hp_loss":7,"event_name":"Golden Idol","floor":12,"gold_loss":0},{"damage_healed":0,"gold_gain":0,"player_choice":"Got Potions","damage_taken":0,"max_hp_gain":0,"max_hp_loss":0,"event_name":"Lab","floor":19,"gold_loss":0}],"is_beta":false,"boss_relics":[{"not_picked":["White Beast Statue","Runic Pyramid"],"picked":"Cursed Key"}],"items_purged_floors":[],"is_endless":false,"potions_floor_spawned":[5,7,10,14,22,24],"killed_by":"Chosen and Byrds","ascension_level":17}