{"gold_per_floor":[127,156,168,280,312,324,347,359,371,402,97,115,126,158,158,261,311,328,127,142,142,159,159,339,339,363,373,22,34,53,86,86,191,191,209,226,236,111,131,161,161,174,174,194,194,209,209,219,219,219,219,219,20,52,52],"floor_reached":55,"playtime":3490,"items_purged":["Strike_G","Strike_G","Strike_G","Normality"],"score":777,"play_id":"ea86683c-6919-444f-ad72-cc2488b67574","local_time":"20190310175757","is_ascension_mode":false,"campfire_choices":[{"data":"Neutralize","floor":6,"key":"SMITH"},{"data":"Crippling Poison","floor":8,"key":"SMITH"},{"data":"Noxious Fumes","floor":15,"key":"SMITH"},{"data":"Catalyst","floor":23,"key":"SMITH"},{"floor":25,"key":"REST"},{"data":"Footwork","floor":32,"key":"SMITH"},{"data":"Well Laid Plans","floor":41,"key":"SMITH"},{"floor":47,"key":"REST"},{"floor":49,"key":"RECALL"},{"data":"Wraith Form v2","floor":52,"key":"SMITH"}],"neow_cost":"NONE","seed_source_timestamp":16950533747842,"circlet_count":0,"master_deck":["Defend_G","Defend_G","Defend_G","Defend_G","Strike_G+1","Strike_G","Survivor","Neutralize+1","PiercingWail","Flying Knee","Backflip","Crippling Poison+1","Well Laid Plans+1","Footwork+1","Quick Slash","Noxious Fumes+1","Catalyst+1","Cloak And Dagger","Glass Knife","Deflect","Backflip","Backstab+1","Night Terror+1","Riddle With Holes+1","Catalyst+1","Expertise","Crippling Poison+1","Bouncing Flask+1","Acrobatics","Wraith Form v2+1","Backflip+1","Deflect+1"],"relics":["Ring of the Snake","MawBank","Girya","Art of War","Ginger","Tiny House","MutagenicStrength","Potion Belt","ClockworkSouvenir","Bronze Scales","StoneCalendar","Cursed Key","Meat on the Bone","Bottled Lightning"],"potions_floor_usage":[14,16,31,33,48,50,50,54,55],"damage_taken":[{"damage":0,"enemies":"Cultist","floor":1,"turns":3},{"damage":0,"enemies":"Small Slimes","floor":2,"turns":5},{"damage":0,"enemies":"Jaw Worm","floor":5,"turns":4},{"damage":3,"enemies":"Exordium Wildlife","floor":7,"turns":7},{"damage":9,"enemies":"Gremlin Gang","floor":10,"turns":4},{"damage":0,"enemies":"Looter","floor":12,"turns":4},{"damage":11,"enemies":"Exordium Thugs","floor":13,"turns":4},{"damage":0,"enemies":"3 Sentries","floor":14,"turns":6},{"damage":14,"enemies":"Slime Boss","floor":16,"turns":10},{"damage":3,"enemies":"3 Byrds","floor":18,"turns":5},{"damage":0,"enemies":"Chosen","floor":20,"turns":5},{"damage":10,"enemies":"3 Cultists","floor":22,"turns":5},{"damage":8,"enemies":"Snake Plant","floor":27,"turns":4},{"damage":0,"enemies":"Chosen and Byrds","floor":29,"turns":4},{"damage":1,"enemies":"Shelled Parasite and Fungi","floor":30,"turns":6},{"damage":1,"enemies":"Book of Stabbing","floor":31,"turns":4},{"damage":25,"enemies":"Champ","floor":33,"turns":16},{"damage":0,"enemies":"3 Shapes","floor":35,"turns":4},{"damage":0,"enemies":"Orb Walker","floor":36,"turns":3},{"damage":0,"enemies":"Transient","floor":37,"turns":5},{"damage":2,"enemies":"Sphere and 2 Shapes","floor":39,"turns":5},{"damage":0,"enemies":"Nemesis","floor":40,"turns":5},{"damage":16,"enemies":"Writhing Mass","floor":42,"turns":4},{"damage":9,"enemies":"Jaw Worm Horde","floor":44,"turns":3},{"damage":9,"enemies":"Spire Growth","floor":46,"turns":3},{"damage":14,"enemies":"Sphere and 2 Shapes","floor":48,"turns":3},{"damage":19,"enemies":"Time Eater","floor":50,"turns":6},{"damage":15,"enemies":"Shield and Spear","floor":54,"turns":7},{"damage":80,"enemies":"The Heart","floor":55,"turns":3}],"seed_played":"-3836115011753967575","potions_obtained":[{"floor":2,"key":"Block Potion"},{"floor":14,"key":"FearPotion"},{"floor":16,"key":"Fire Potion"},{"floor":17,"key":"LiquidBronze"},{"floor":27,"key":"Weak Potion"},{"floor":29,"key":"GhostInAJar"},{"floor":36,"key":"FearPotion"},{"floor":37,"key":"Weak Potion"},{"floor":42,"key":"Explosive Potion"},{"floor":48,"key":"Poison Potion"}],"is_trial":false,"path_per_floor":["M","M","?","?","M","R","M","R","T","M","$","M","M","E","R","B",null,"M","$","M","?","M","R","?","R","T","M","$","M","M","E","R","B",null,"M","M","M","$","M","E","R","M","T","M","?","M","R","M","R","B",null,"R","$","E","B"],"character_chosen":"THE_SILENT","items_purchased":["Footwork","Art of War","Quick Slash","Deflect","PowerPotion","ClockworkSouvenir","Bronze Scales","SpeedPotion"],"campfire_rested":2,"item_purchase_floors":[11,11,11,19,19,28,28,53],"current_hp_per_floor":[70,70,63,63,63,63,60,60,60,51,51,51,40,40,40,26,75,72,72,72,72,62,62,41,63,63,55,55,55,54,53,53,28,75,75,75,75,75,73,73,73,57,57,48,48,39,61,47,47,40,75,75,75,60,0],"gold":52,"neow_bonus":"RANDOM_COMMON_RELIC","is_prod":false,"is_daily":false,"chose_seed":false,"campfire_upgraded":7,"win_rate":0,"timestamp":1552240677,"path_taken":["M","M","?","?","?","R","M","R","T","M","$","M","M","E","R","BOSS","M","$","M","?","M","R","?","R","T","M","$","M","M","E","R","BOSS","M","?","M","$","M","E","R","M","T","M","?","M","R","M","R","BOSS","R","$","E","BOSS"],"build_version":"2019-02-06","purchased_purges":4,"victory":false,"max_hp_per_floor":[70,70,70,70,70,70,70,70,70,70,70,70,70,70,70,70,75,75,75,75,75,75,75,75,75,75,75,75,75,75,75,75,75,75,75,75,75,75,75,75,75,75,75,75,75,75,75,75,75,75,75,75,75,75,75],"card_choices":[{"not_picked":["Poisoned Stab","Sucker Punch"],"picked":"PiercingWail","floor":1},{"not_picked":["Dodge and Roll","Calculated Gamble"],"picked":"Flying Knee","floor":2},{"not_picked":["Slice","Poisoned Stab"],"picked":"Backflip","floor":5},{"not_picked":["Blade Dance","Poisoned Stab"],"picked":"Crippling Poison","floor":7},{"not_picked":["Dagger Spray","Quick Slash"],"picked":"Well Laid Plans","floor":10},{"not_picked":["Dagger Throw","Catalyst"],"picked":"Noxious Fumes","floor":12},{"not_picked":["Slice","Outmaneuver"],"picked":"Catalyst","floor":13},{"not_picked":["Grand Finale","Calculated Gamble"],"picked":"Cloak And Dagger","floor":14},{"not_picked":["Bullet Time","Grand Finale"],"picked":"Glass Knife","floor":16},{"not_picked":["Flying Knee","Outmaneuver","Sucker Punch"],"picked":"SKIP","floor":18},{"not_picked":["Outmaneuver","All Out Attack"],"picked":"Backflip","floor":20},{"not_picked":["All Out Attack","Venomology","Dash"],"picked":"SKIP","floor":22},{"not_picked":["Outmaneuver","Underhanded Strike"],"picked":"Backstab+1","floor":27},{"not_picked":["Quick Slash","Prepared","Crippling Poison+1"],"picked":"SKIP","floor":29},{"not_picked":["Outmaneuver","Cloak And Dagger","Footwork"],"picked":"SKIP","floor":30},{"not_picked":["Poisoned Stab","Bullet Time","Cloak And Dagger"],"picked":"SKIP","floor":31},{"not_picked":["Tools of the Trade","A Thousand Cuts"],"picked":"Night Terror","floor":33},{"not_picked":["Concentrate+1","Slice+1"],"picked":"Riddle With Holes+1","floor":35},{"not_picked":["Dagger Throw+1","Bane+1"],"picked":"Catalyst+1","floor":36},{"not_picked":["Blur","Prepared"],"picked":"Expertise","floor":37},{"not_picked":["Infinite Blades","All Out Attack+1"],"picked":"Crippling Poison+1","floor":39},{"not_picked":["Deflect+1","Backflip+1"],"picked":"Bouncing Flask+1","floor":40},{"not_picked":["Endless Agony+1","Outmaneuver+1"],"picked":"Acrobatics","floor":42},{"not_picked":["Tactician","Flying Knee","Bouncing Flask+1"],"picked":"SKIP","floor":44},{"not_picked":["Choke+1","Dash+1"],"picked":"Wraith Form v2","floor":46},{"not_picked":["Outmaneuver","Blade Dance"],"picked":"Backflip+1","floor":48},{"not_picked":["Distraction","Expertise"],"picked":"Deflect+1","floor":54}],"player_experience":1071391,"relics_obtained":[{"floor":9,"key":"Girya"},{"floor":14,"key":"Ginger"},{"floor":26,"key":"Potion Belt"},{"floor":31,"key":"StoneCalendar"},{"floor":40,"key":"Meat on the Bone"},{"floor":54,"key":"Bottled Lightning"}],"event_choices":[{"cards_removed":["Defend_G"],"damage_healed":0,"gold_gain":0,"player_choice":"Card Removal","damage_taken":7,"max_hp_gain":0,"max_hp_loss":0,"event_name":"Golden Wing","floor":3,"gold_loss":0},{"damage_healed":0,"gold_gain":100,"player_choice":"Pray","damage_taken":0,"max_hp_gain":0,"max_hp_loss":0,"event_name":"Golden Shrine","floor":4,"gold_loss":0},{"damage_healed":0,"gold_gain":0,"player_choice":"Inject Mutagens","damage_taken":0,"relics_obtained":["MutagenicStrength"],"max_hp_gain":0,"max_hp_loss":0,"event_name":"Drug Dealer","floor":21,"gold_loss":0},{"damage_healed":0,"gold_gain":180,"player_choice":"GOLD GOLD ","damage_taken":21,"max_hp_gain":0,"max_hp_loss":0,"event_name":"Knowing Skull","floor":24,"potions_obtained":[],"gold_loss":0,"cards_obtained":[]},{"damage_healed":0,"gold_gain":0,"player_choice":"Forge","damage_taken":0,"max_hp_gain":0,"max_hp_loss":0,"event_name":"Accursed Blacksmith","floor":45,"gold_loss":0,"cards_upgraded":["Night Terror"]}],"is_beta":true,"boss_relics":[{"not_picked":["Lizard Tail","Calling Bell"],"picked":"Tiny House"},{"not_picked":["Empty Cage","Coffee Dripper"],"picked":"Cursed Key"}],"items_purged_floors":[11,19,38,53],"is_endless":false,"potions_floor_spawned":[2,14,16,27,29,30,36,37,42,48],"killed_by":"The Heart","ascension_level":0}