{"gold_per_floor":[113,113,134,134,152,192,192,192],"floor_reached":8,"playtime":592,"items_purged":[],"score":59,"play_id":"ad606b46-6726-43d0-9c3c-aaaf15d645e9","local_time":"20190512051031","is_ascension_mode":true,"campfire_choices":[{"data":"Reflex","floor":7,"key":"SMITH"}],"neow_cost":"NONE","seed_source_timestamp":723979054627321,"circlet_count":0,"master_deck":["Defend_G","Defend_G","Defend_G","Defend_G","Defend_G","Strike_G","Strike_G","Strike_G","Strike_G","Strike_G","Survivor","Neutralize","Backflip","Blur","Reflex+1","Backflip"],"relics":["HoveringKite","Golden Idol","The Courier"],"potions_floor_usage":[6,6],"damage_taken":[{"damage":0,"enemies":"Small Slimes","floor":1,"turns":5},{"damage":2,"enemies":"2 Louse","floor":3,"turns":4},{"damage":1,"enemies":"Cultist","floor":5,"turns":5},{"damage":27,"enemies":"Lagavulin","floor":6,"turns":13},{"damage":36,"enemies":"3 Sentries","floor":8,"turns":11}],"seed_played":"-8994496058315172253","potions_obtained":[{"floor":3,"key":"FearPotion"},{"floor":5,"key":"Ancient Potion"},{"floor":6,"key":"Weak Potion"}],"is_trial":false,"path_per_floor":["M","?","M","?","M","E","R","E"],"character_chosen":"THE_SILENT","items_purchased":[],"campfire_rested":0,"item_purchase_floors":[],"current_hp_per_floor":[70,65,63,63,62,35,35,0],"gold":192,"neow_bonus":"BOSS_RELIC","is_prod":false,"is_daily":false,"chose_seed":false,"campfire_upgraded":1,"win_rate":0,"timestamp":1557652231,"path_taken":["M","?","M","?","?","E","R","E"],"build_version":"2019-05-07","purchased_purges":0,"victory":false,"max_hp_per_floor":[70,65,65,65,65,65,65,65],"card_choices":[{"not_picked":["Prepared","Choke"],"picked":"Backflip","floor":1},{"not_picked":["Prepared","Dagger Throw"],"picked":"Blur","floor":3},{"not_picked":["Endless Agony","Dagger Spray"],"picked":"Reflex","floor":5},{"not_picked":["Acrobatics","Setup"],"picked":"Backflip","floor":6}],"player_experience":5730737,"relics_obtained":[{"floor":6,"key":"The Courier"}],"event_choices":[{"damage_healed":0,"gold_gain":0,"player_choice":"Lose Max HP","damage_taken":0,"relics_obtained":["Golden Idol"],"max_hp_gain":0,"max_hp_loss":5,"event_name":"Golden Idol","floor":2,"gold_loss":0},{"damage_healed":0,"gold_gain":0,"player_choice":"Ignored","damage_taken":0,"max_hp_gain":0,"max_hp_loss":0,"event_name":"NoteForYourself","floor":4,"gold_loss":0}],"is_beta":true,"boss_relics":[],"items_purged_floors":[],"is_endless":false,"potions_floor_spawned":[3,5,6],"killed_by":"3 Sentries","ascension_level":1}