{"gold_per_floor":[112,112,112,123,133,133,33,68,68,96,96,115,161,178,178,253,253,267,9,9,9,9,9,9],"floor_reached":24,"playtime":1474,"items_purged":["Strike_B","Strike_B"],"score":404,"play_id":"404a9b90-dfbf-4785-9dad-5d5626321f62","local_time":"20190115210226","is_ascension_mode":true,"campfire_choices":[{"floor":6,"key":"REST"},{"data":"Go for the Eyes","floor":11,"key":"SMITH"},{"data":"Seek","floor":15,"key":"SMITH"},{"floor":23,"key":"REST"}],"neow_cost":"NONE","seed_source_timestamp":476672356467173,"circlet_count":0,"master_deck":["AscendersBane","Strike_B","Strike_B","Defend_B","Defend_B","Defend_B+1","Defend_B","Zap+1","Dualcast+1","Doom and Gloom+1","Ball Lightning","Capacitor","Coolheaded","Sweeping Beam","Go for the Eyes+1","Hologram","Steam","Seek+1","Echo Form","Glacier+1","Self Repair"],"relics":["Cracked Core","Shovel","Mercury Hourglass","Prayer Wheel","Ancient Tea Set","Fusion Hammer","War Paint"],"potions_floor_usage":[],"damage_taken":[{"damage":5,"enemies":"Small Slimes","floor":1,"turns":4},{"damage":7,"enemies":"Jaw Worm","floor":4,"turns":2},{"damage":0,"enemies":"Cultist","floor":5,"turns":2},{"damage":12,"enemies":"Gremlin Nob","floor":8,"turns":3},{"damage":18,"enemies":"3 Sentries","floor":10,"turns":3},{"damage":0,"enemies":"Exordium Thugs","floor":12,"turns":4},{"damage":8,"enemies":"Large Slime","floor":14,"turns":3},{"damage":2,"enemies":"Hexaghost","floor":16,"turns":7},{"damage":19,"enemies":"2 Thieves","floor":18,"turns":2},{"damage":28,"enemies":"Colosseum Slavers","floor":20,"turns":4},{"damage":50,"enemies":"Slavers","floor":24,"turns":2}],"seed_played":"1463765655692561298","potions_obtained":[{"floor":5,"key":"SpeedPotion"},{"floor":10,"key":"SkillPotion"},{"floor":12,"key":"PowerPotion"},{"floor":14,"key":"LiquidBronze"}],"is_trial":false,"path_per_floor":["M","?","?","M","M","R","$","E","T","E","R","M","T","M","R","B",null,"M","$","?","$","?","R","E"],"character_chosen":"DEFECT","items_purchased":["Coolheaded","War Paint"],"campfire_rested":2,"item_purchase_floors":[7,19],"current_hp_per_floor":[66,43,43,36,36,59,59,47,47,29,29,29,29,21,21,19,63,44,44,23,23,23,46,0],"gold":9,"neow_bonus":"TEN_PERCENT_HP_BONUS","is_prod":false,"is_daily":false,"chose_seed":false,"campfire_upgraded":2,"win_rate":0,"timestamp":1547604146,"path_taken":["M","?","?","M","M","R","$","E","T","E","R","?","?","M","R","BOSS","M","$","?","?","?","R","E"],"build_version":"2019-01-14v2","purchased_purges":2,"victory":false,"max_hp_per_floor":[78,78,78,78,78,78,78,78,78,78,78,78,78,78,78,78,78,78,78,78,78,78,78,78],"card_choices":[{"not_picked":["Steam","Rip and Tear"],"picked":"Doom and Gloom","floor":1},{"not_picked":["White Noise","Undo"],"picked":"Ball Lightning","floor":4},{"not_picked":["Rebound","Hologram"],"picked":"Capacitor","floor":5},{"not_picked":["Hyperbeam","Steam Power"],"picked":"Sweeping Beam","floor":8},{"not_picked":["Steam","Hologram"],"picked":"Go for the Eyes","floor":10},{"not_picked":["Scrape","Go for the Eyes"],"picked":"Hologram","floor":12},{"not_picked":["Melter","Blizzard"],"picked":"Steam","floor":12},{"not_picked":["Go for the Eyes","Cold Snap"],"picked":"Seek","floor":14},{"not_picked":["Force Field","Beam Cell","Steam"],"picked":"SKIP","floor":14},{"not_picked":["Rainbow","Core Surge"],"picked":"Echo Form","floor":16},{"not_picked":["Defragment","Leap"],"picked":"Glacier","floor":18},{"not_picked":["Beam Cell","Gash+1"],"picked":"Self Repair","floor":18}],"player_experience":1106789,"relics_obtained":[{"floor":8,"key":"Shovel"},{"floor":9,"key":"Mercury Hourglass"},{"floor":10,"key":"Prayer Wheel"},{"floor":13,"key":"Ancient Tea Set"}],"event_choices":[{"damage_healed":0,"gold_gain":0,"player_choice":"Entered Light","damage_taken":23,"max_hp_gain":0,"max_hp_loss":0,"event_name":"Shining Light","floor":2,"gold_loss":0,"cards_upgraded":["Dualcast","Doom and Gloom"]},{"damage_healed":0,"gold_gain":0,"player_choice":"Grow","damage_taken":0,"max_hp_gain":0,"max_hp_loss":0,"event_name":"Living Wall","floor":3,"gold_loss":0,"cards_upgraded":["Zap"]},{"damage_healed":0,"gold_gain":0,"player_choice":"Fight","damage_taken":0,"max_hp_gain":0,"max_hp_loss":0,"event_name":"Colosseum","floor":20,"gold_loss":0},{"damage_healed":0,"gold_gain":0,"player_choice":"Fled From Nobs","damage_taken":0,"max_hp_gain":0,"max_hp_loss":0,"event_name":"Colosseum","floor":20,"gold_loss":0},{"damage_healed":0,"gold_gain":0,"player_choice":"Ignored","damage_taken":0,"max_hp_gain":0,"max_hp_loss":0,"event_name":"The Mausoleum","floor":22,"gold_loss":0}],"is_beta":true,"boss_relics":[{"not_picked":["Cursed Key","White Beast Statue"],"picked":"Fusion Hammer"}],"items_purged_floors":[7,19],"is_endless":false,"potions_floor_spawned":[5,10,12,14,18],"killed_by":"Slavers","ascension_level":20}