{"gold_per_floor":[20,20,20,20,38,38,38,52,130,160,160,188,188,208,208,208],"floor_reached":16,"playtime":427,"items_purged":[],"score":151,"play_id":"2c2d19c1-2e77-44bc-ac2d-688df34bd55f","local_time":"20190223002004","is_ascension_mode":true,"campfire_choices":[{"data":"Disarm","floor":6,"key":"SMITH"},{"floor":11,"key":"REST"},{"floor":15,"key":"REST"}],"neow_cost":"NO_GOLD","seed_source_timestamp":729903729846231,"circlet_count":0,"master_deck":["Strike_R","Strike_R","Strike_R","Defend_R","Defend_R","Defend_R","Defend_R","Bash+1","Disarm+1","Second Wind","Anger"],"relics":["Burning Blood","Smiling Mask","Matryoshka","Unceasing Top","PreservedInsect","Golden Idol"],"potions_floor_usage":[10,14],"damage_taken":[{"damage":6,"enemies":"Cultist","floor":1,"turns":3},{"damage":10,"enemies":"2 Louse","floor":5,"turns":3},{"damage":0,"enemies":"Jaw Worm","floor":8,"turns":4},{"damage":34,"enemies":"Lagavulin","floor":10,"turns":5},{"damage":51,"enemies":"Gremlin Nob","floor":12,"turns":5},{"damage":0,"enemies":"Large Slime","floor":14,"turns":5},{"damage":48,"enemies":"Slime Boss","floor":16,"turns":7}],"seed_played":"-8915746272020609591","potions_obtained":[{"floor":5,"key":"Strength Potion"},{"floor":12,"key":"AttackPotion"}],"is_trial":false,"path_per_floor":["M","$","?","?","M","R","?","M","T","E","R","E","?","M","R","B"],"character_chosen":"IRONCLAD","items_purchased":[],"campfire_rested":2,"item_purchase_floors":[],"current_hp_per_floor":[72,72,72,72,68,68,56,62,62,34,58,13,13,19,41,0],"gold":208,"neow_bonus":"REMOVE_TWO","is_prod":false,"is_daily":false,"chose_seed":false,"campfire_upgraded":1,"win_rate":0,"timestamp":1550892004,"path_taken":["M","?","?","?","?","R","?","M","T","E","R","E","?","M","R","BOSS"],"build_version":"2019-01-23","purchased_purges":0,"victory":false,"max_hp_per_floor":[80,80,80,80,80,80,80,80,80,80,80,80,74,74,74,74],"card_choices":[{"not_picked":["Iron Wave","Pommel Strike","Shrug It Off"],"picked":"SKIP","floor":1},{"not_picked":["Clash","Shrug It Off"],"picked":"Disarm","floor":5},{"not_picked":["Sever Soul","Shockwave","Burning Pact"],"picked":"SKIP","floor":8},{"not_picked":["Iron Wave","Burning Pact"],"picked":"Second Wind","floor":10},{"not_picked":["Berserk","Shrug It Off","Entrench"],"picked":"SKIP","floor":12},{"not_picked":["Rupture","Thunderclap"],"picked":"Anger","floor":14}],"player_experience":827600,"relics_obtained":[{"floor":9,"key":"Matryoshka"},{"floor":10,"key":"Unceasing Top"},{"floor":12,"key":"PreservedInsect"}],"event_choices":[{"damage_healed":0,"gold_gain":0,"player_choice":"Grow","damage_taken":0,"max_hp_gain":0,"max_hp_loss":0,"event_name":"Living Wall","floor":3,"gold_loss":0,"cards_upgraded":["Bash"]},{"damage_healed":0,"gold_gain":0,"player_choice":"Ignored","damage_taken":0,"max_hp_gain":0,"max_hp_loss":0,"event_name":"WeMeetAgain","floor":4,"gold_loss":0},{"damage_healed":0,"gold_gain":0,"player_choice":"Success","damage_taken":12,"relics_obtained":["Smiling Mask"],"max_hp_gain":0,"max_hp_loss":0,"event_name":"Scrap Ooze","floor":7,"gold_loss":0},{"damage_healed":0,"gold_gain":0,"player_choice":"Lose Max HP","damage_taken":0,"relics_obtained":["Golden Idol"],"max_hp_gain":0,"max_hp_loss":6,"event_name":"Golden Idol","floor":13,"gold_loss":0}],"is_beta":false,"boss_relics":[],"items_purged_floors":[],"is_endless":false,"potions_floor_spawned":[5,12],"killed_by":"Slime Boss","ascension_level":8}