{"gold_per_floor":[115,37,112,129,129,164,129,129,129,129,90,117,117,117,117,218,218,234,234,509,526,526,526,560,560],"floor_reached":25,"playtime":590,"items_purged":[],"score":310,"play_id":"03f7055d-1620-4a30-a10c-5782b02f0b4e","local_time":"20190118135714","is_ascension_mode":true,"campfire_choices":[{"data":"Adrenaline","floor":8,"key":"SMITH"},{"data":"Neutralize","floor":10,"key":"SMITH"},{"data":"Flechettes","floor":13,"key":"SMITH"},{"data":"Footwork","floor":15,"key":"SMITH"},{"data":"Bullet Time","floor":23,"key":"SMITH"}],"neow_cost":"NONE","seed_source_timestamp":439542236260729,"circlet_count":0,"master_deck":["Defend_G+1","Defend_G+1","Defend_G+1","Defend_G+1","Defend_G+1","Strike_G+1","Strike_G+1","Strike_G+1","Strike_G+1","Survivor","Neutralize+1","Noxious Fumes+1","Footwork","Footwork+1","Adrenaline+1","Heel Hook","Flechettes+1","Bullet Time+1","Footwork+1","Regret","Terror","Masterful Stab"],"relics":["Ring of the Snake","NeowsBlessing","Ginger","Bag of Marbles","Boot","Empty Cage","Shuriken"],"potions_floor_usage":[18,21,24,24],"damage_taken":[{"damage":0,"enemies":"2 Louse","floor":1,"turns":1},{"damage":0,"enemies":"Small Slimes","floor":4,"turns":1},{"damage":0,"enemies":"Lagavulin","floor":6,"turns":1},{"damage":11,"enemies":"3 Sentries","floor":12,"turns":8},{"damage":32,"enemies":"Hexaghost","floor":16,"turns":13},{"damage":13,"enemies":"2 Thieves","floor":18,"turns":5},{"damage":1,"enemies":"Chosen","floor":21,"turns":4},{"damage":40,"enemies":"Slavers","floor":24,"turns":6},{"damage":8,"enemies":"Centurion and Healer","floor":25,"turns":1}],"seed_played":"-4548166107671985329","potions_obtained":[{"floor":1,"key":"GhostInAJar"},{"floor":12,"key":"Energy Potion"},{"floor":16,"key":"Weak Potion"},{"floor":21,"key":"Energy Potion"},{"floor":24,"key":"SkillPotion"}],"is_trial":false,"path_per_floor":["M","$","?","M","?","E","?","R","T","R","$","E","R","?","R","B",null,"M","?","?","M","?","R","E","M"],"character_chosen":"THE_SILENT","items_purchased":["Footwork","Heel Hook"],"campfire_rested":0,"item_purchase_floors":[2,11],"current_hp_per_floor":[70,70,59,59,59,59,70,70,70,70,70,59,59,59,59,27,59,46,46,46,45,45,45,5,0],"gold":560,"neow_bonus":"THREE_ENEMY_KILL","is_prod":false,"is_daily":false,"chose_seed":false,"campfire_upgraded":5,"win_rate":0,"timestamp":1547830634,"path_taken":["M","$","?","M","?","E","?","R","T","R","?","E","R","?","R","BOSS","M","?","?","?","?","R","E","M"],"build_version":"2019-01-17v2","purchased_purges":0,"victory":false,"max_hp_per_floor":[70,70,70,70,70,70,70,70,70,70,70,70,70,70,70,70,70,70,70,70,70,70,70,70,70],"card_choices":[{"not_picked":["Cloak And Dagger","Deflect"],"picked":"Noxious Fumes","floor":1},{"not_picked":["Flechettes","Dagger Throw"],"picked":"Footwork","floor":4},{"not_picked":["Heel Hook","PiercingWail"],"picked":"Adrenaline","floor":6},{"not_picked":["Prepared","Deadly Poison"],"picked":"Flechettes","floor":12},{"not_picked":["A Thousand Cuts","Grand Finale"],"picked":"Bullet Time","floor":16},{"not_picked":["Bane","Deadly Poison"],"picked":"Footwork+1","floor":18},{"not_picked":["Dagger Spray","Flying Knee+1"],"picked":"Terror","floor":21},{"not_picked":["Outmaneuver+1","Acrobatics"],"picked":"Masterful Stab","floor":24}],"player_experience":635446,"relics_obtained":[{"floor":6,"key":"Ginger"},{"floor":12,"key":"Bag of Marbles"},{"floor":24,"key":"Shuriken"}],"event_choices":[{"damage_healed":0,"gold_gain":75,"player_choice":"Gather Gold","damage_taken":11,"max_hp_gain":0,"max_hp_loss":0,"event_name":"World of Goop","floor":3,"gold_loss":0},{"damage_healed":0,"gold_gain":0,"player_choice":"Grow","damage_taken":0,"max_hp_gain":0,"max_hp_loss":0,"event_name":"Living Wall","floor":5,"gold_loss":0,"cards_upgraded":["Noxious Fumes"]},{"damage_healed":17,"gold_gain":0,"player_choice":"Healed","damage_taken":0,"max_hp_gain":0,"max_hp_loss":0,"event_name":"The Cleric","floor":7,"gold_loss":35},{"damage_healed":0,"gold_gain":0,"player_choice":"Box","damage_taken":0,"relics_obtained":["Boot"],"max_hp_gain":0,"max_hp_loss":0,"event_name":"Big Fish","floor":14,"gold_loss":0,"cards_obtained":["Regret"]},{"damage_healed":0,"gold_gain":0,"player_choice":"Simplicity","damage_taken":0,"max_hp_gain":0,"max_hp_loss":0,"event_name":"Back to Basics","floor":19,"gold_loss":0,"cards_upgraded":["Defend_G","Defend_G","Defend_G","Defend_G","Defend_G","Strike_G","Strike_G","Strike_G","Strike_G"]},{"damage_healed":0,"gold_gain":275,"player_choice":"Desecrate","damage_taken":0,"max_hp_gain":0,"max_hp_loss":0,"event_name":"Golden Shrine","floor":20,"gold_loss":0,"cards_obtained":["Regret"]},{"damage_healed":0,"gold_gain":0,"player_choice":"Ignored","damage_taken":0,"max_hp_gain":0,"max_hp_loss":0,"event_name":"Ghosts","floor":22,"gold_loss":0}],"is_beta":false,"boss_relics":[{"not_picked":["Ring of the Serpent","HoveringKite"],"picked":"Empty Cage"}],"items_purged_floors":[],"is_endless":false,"potions_floor_spawned":[1,12,16,21,24],"killed_by":"Centurion and Healer","ascension_level":5}