{"gold_per_floor":[99,99,3,3,3,3,3,3,3,3,3,3,3,3,3,3,3,3,3,3,3,3,3,3,3,3,3,3,3,3,3,3,3,3,3,3,3,3,3,3,3,3,3,3,3,3,3,3,3,3,3,3,3,3,3],"floor_reached":56,"playtime":2953,"items_purged":[],"score":1305,"play_id":"b82c0527-027d-4d4b-85e9-7f18e6e4eae9","local_time":"20190508203941","is_ascension_mode":false,"campfire_choices":[{"data":"Noxious Fumes","floor":7,"key":"SMITH"},{"data":"Bouncing Flask","floor":11,"key":"SMITH"},{"data":"Skewer","floor":15,"key":"SMITH"},{"data":"Acrobatics","floor":25,"key":"SMITH"},{"data":"Well Laid Plans","floor":27,"key":"SMITH"},{"data":"Leg Sweep","floor":29,"key":"SMITH"},{"data":"Burst","floor":32,"key":"SMITH"},{"data":"Caltrops","floor":41,"key":"SMITH"},{"floor":49,"key":"RECALL"},{"data":"Neutralize","floor":52,"key":"SMITH"}],"neow_cost":"NONE","seed_source_timestamp":896075917566731,"circlet_count":0,"master_deck":["Defend_G","Defend_G","Defend_G","Defend_G","Defend_G","Strike_G+1","Strike_G","Survivor","Neutralize+1","Bouncing Flask+1","Noxious Fumes+1","Dagger Spray","Skewer+1","Acrobatics+1","Backflip","Well Laid Plans+1","PiercingWail","Leg Sweep+1","Wraith Form v2+1","Backstab","RitualDagger+1","Outmaneuver+1","Backflip+1","Burst+1","Adrenaline","Caltrops+1","Catalyst+1","Backflip","Footwork"],"relics":["Ectoplasm","Orichalcum","Bag of Preparation","Lizard Tail","Red Mask","Tiny Chest","Whetstone","Du-Vu Doll","Sozu","Lantern","Strawberry","Art of War","MawBank","Blue Candle"],"potions_floor_usage":[16,19,24,33,33],"damage_taken":[{"damage":0,"enemies":"Small Slimes","floor":1,"turns":4},{"damage":0,"enemies":"Cultist","floor":5,"turns":2},{"damage":10,"enemies":"Lagavulin","floor":6,"turns":7},{"damage":10,"enemies":"3 Sentries","floor":8,"turns":5},{"damage":0,"enemies":"Jaw Worm","floor":10,"turns":2},{"damage":0,"enemies":"Large Slime","floor":12,"turns":5},{"damage":2,"enemies":"Exordium Thugs","floor":13,"turns":4},{"damage":0,"enemies":"3 Louse","floor":14,"turns":2},{"damage":5,"enemies":"Slime Boss","floor":16,"turns":7},{"damage":0,"enemies":"Shell Parasite","floor":18,"turns":5},{"damage":1,"enemies":"Masked Bandits","floor":19,"turns":6},{"damage":10,"enemies":"Chosen","floor":22,"turns":6},{"damage":0,"enemies":"Book of Stabbing","floor":23,"turns":7},{"damage":0,"enemies":"Centurion and Healer","floor":24,"turns":6},{"damage":4,"enemies":"Gremlin Leader","floor":30,"turns":7},{"damage":0,"enemies":"3 Cultists","floor":31,"turns":4},{"damage":19,"enemies":"Champ","floor":33,"turns":9},{"damage":0,"enemies":"Orb Walker","floor":35,"turns":4},{"damage":0,"enemies":"3 Shapes","floor":39,"turns":2},{"damage":0,"enemies":"Reptomancer","floor":40,"turns":6},{"damage":4,"enemies":"Maw","floor":42,"turns":7},{"damage":0,"enemies":"Writhing Mass","floor":44,"turns":5},{"damage":10,"enemies":"Jaw Worm Horde","floor":47,"turns":4},{"damage":23,"enemies":"Nemesis","floor":48,"turns":5},{"damage":6,"enemies":"Donu and Deca","floor":50,"turns":8},{"damage":0,"enemies":"Shield and Spear","floor":54,"turns":5},{"damage":58,"enemies":"The Heart","floor":55,"turns":6}],"seed_played":"8992257039549978689","potions_obtained":[{"floor":1,"key":"Swift Potion"},{"floor":8,"key":"Block Potion"},{"floor":10,"key":"EssenceOfSteel"},{"floor":22,"key":"SteroidPotion"},{"floor":23,"key":"Block Potion"},{"floor":31,"key":"Block Potion"},{"floor":33,"key":"SteroidPotion"}],"is_trial":false,"path_per_floor":["M","?","$","?","M","E","R","E","T","M","R","M","M","M","R","B",null,"M","?","?","?","M","E","M","R","T","R","?","R","E","M","R","B",null,"M","T","?","$","M","E","R","M","T","M","$","?","M","E","R","B",null,"R","$","E","B",null],"character_chosen":"THE_SILENT","items_purchased":["Noxious Fumes","Dagger Spray"],"campfire_rested":0,"item_purchase_floors":[3,3],"current_hp_per_floor":[70,70,70,70,70,60,60,50,50,50,50,50,48,48,48,43,70,70,69,69,63,53,53,53,53,53,53,53,53,49,49,49,30,70,70,70,70,70,70,77,77,73,73,73,73,73,63,40,40,34,77,77,77,77,19],"gold":3,"neow_bonus":"BOSS_RELIC","is_prod":false,"is_daily":false,"chose_seed":false,"campfire_upgraded":9,"win_rate":0,"timestamp":1557344381,"path_taken":["M","?","?","?","M","E","R","E","T","M","R","M","M","M","R","BOSS","M","?","?","?","M","E","M","R","T","R","?","R","E","M","R","BOSS","M","?","?","$","M","E","R","M","T","M","?","?","?","E","R","BOSS","R","$","E","BOSS"],"build_version":"2019-05-07","purchased_purges":0,"victory":true,"max_hp_per_floor":[70,70,70,70,70,70,70,70,70,70,70,70,70,70,70,70,70,70,70,70,70,70,70,70,70,70,70,70,70,70,70,70,70,70,70,70,70,70,70,77,77,77,77,77,77,77,77,77,77,77,77,77,77,77,77],"card_choices":[{"not_picked":["Deflect","Sucker Punch"],"picked":"Bouncing Flask","floor":1},{"not_picked":["Masterful Stab","Crippling Poison"],"picked":"Acrobatics","floor":5},{"not_picked":["Heel Hook","Outmaneuver"],"picked":"Backflip","floor":6},{"not_picked":["Outmaneuver","Crippling Poison","Slice"],"picked":"SKIP","floor":8},{"not_picked":["Calculated Gamble","Poisoned Stab"],"picked":"Well Laid Plans","floor":10},{"not_picked":["Acrobatics","Sucker Punch"],"picked":"PiercingWail","floor":12},{"not_picked":["Slice","Choke"],"picked":"Leg Sweep","floor":13},{"not_picked":["Deflect","Cloak And Dagger","Envenom"],"picked":"SKIP","floor":14},{"not_picked":["Deflect","Cloak And Dagger","Envenom"],"picked":"SKIP","floor":14},{"not_picked":["Venomology","Glass Knife"],"picked":"Wraith Form v2","floor":16},{"not_picked":["Deflect","Underhanded Strike","Reflex"],"picked":"SKIP","floor":18},{"not_picked":["Acrobatics","Poisoned Stab+1"],"picked":"Backstab","floor":19},{"not_picked":["Poisoned Stab","Underhanded Strike"],"picked":"Outmaneuver+1","floor":22},{"not_picked":["Crippling Poison","PiercingWail","Blade Dance+1"],"picked":"SKIP","floor":23},{"not_picked":["Riddle With Holes+1","Outmaneuver+1","Prepared"],"picked":"SKIP","floor":24},{"not_picked":["Dash","Sucker Punch"],"picked":"Backflip+1","floor":30},{"not_picked":["Tactician","Infinite Blades+1"],"picked":"Burst","floor":31},{"not_picked":["A Thousand Cuts","Wraith Form v2"],"picked":"Adrenaline","floor":33},{"not_picked":["Reflex+1","Endless Agony","Dagger Throw+1"],"picked":"SKIP","floor":35},{"not_picked":["Blur","Dagger Throw"],"picked":"Caltrops","floor":39},{"not_picked":["Bullet Time","Dodge and Roll","Leg Sweep+1"],"picked":"SKIP","floor":40},{"not_picked":["Bane+1","Dodge and Roll"],"picked":"Catalyst+1","floor":42},{"not_picked":["Noxious Fumes","Setup"],"picked":"Backflip","floor":44},{"not_picked":["Sucker Punch+1","Cloak And Dagger+1","Outmaneuver+1"],"picked":"SKIP","floor":47},{"not_picked":["Crippling Poison","Sucker Punch+1","Reflex+1"],"picked":"SKIP","floor":48},{"not_picked":["Grand Finale","Poisoned Stab"],"picked":"Footwork","floor":54}],"player_experience":1350140,"relics_obtained":[{"floor":6,"key":"Orichalcum"},{"floor":8,"key":"Bag of Preparation"},{"floor":19,"key":"Red Mask"},{"floor":23,"key":"Tiny Chest"},{"floor":26,"key":"Whetstone"},{"floor":30,"key":"Du-Vu Doll"},{"floor":36,"key":"Lantern"},{"floor":40,"key":"Strawberry"},{"floor":43,"key":"Art of War"},{"floor":48,"key":"MawBank"},{"floor":54,"key":"Blue Candle"}],"event_choices":[{"cards_removed":["Strike_G"],"damage_healed":0,"gold_gain":0,"player_choice":"Offered Basic","damage_taken":0,"max_hp_gain":0,"max_hp_loss":0,"event_name":"Bonfire Elementals","floor":2,"gold_loss":0},{"damage_healed":0,"gold_gain":0,"cards_transformed":["Strike_G"],"player_choice":"Transformed","damage_taken":0,"max_hp_gain":0,"max_hp_loss":0,"event_name":"Transmorgrifier","floor":4,"gold_loss":0,"cards_obtained":["Skewer"]},{"damage_healed":0,"gold_gain":0,"player_choice":"Fought Bandits","damage_taken":0,"max_hp_gain":0,"max_hp_loss":0,"event_name":"Masked Bandits","floor":19,"gold_loss":0},{"damage_healed":0,"gold_gain":0,"player_choice":"Ignored","damage_taken":0,"max_hp_gain":0,"max_hp_loss":0,"event_name":"Vampires","floor":20,"gold_loss":0},{"damage_healed":0,"gold_gain":0,"player_choice":"Joined the Cult","damage_taken":6,"max_hp_gain":0,"max_hp_loss":0,"event_name":"Nest","floor":21,"gold_loss":0,"cards_obtained":["RitualDagger"]},{"damage_healed":0,"gold_gain":0,"player_choice":"Upgraded","damage_taken":0,"max_hp_gain":0,"max_hp_loss":0,"event_name":"Upgrade Shrine","floor":28,"gold_loss":0,"cards_upgraded":["Wraith Form v2"]},{"cards_removed":["Strike_G"],"damage_healed":0,"gold_gain":0,"player_choice":"Removed Attack","damage_taken":0,"max_hp_gain":0,"max_hp_loss":0,"event_name":"Falling","floor":37,"gold_loss":0},{"damage_healed":0,"gold_gain":0,"player_choice":"Ignored","damage_taken":0,"max_hp_gain":0,"max_hp_loss":0,"event_name":"Golden Shrine","floor":46,"gold_loss":0}],"is_beta":true,"boss_relics":[{"not_picked":["WristBlade","HoveringKite"],"picked":"Lizard Tail"},{"not_picked":["Black Star","Velvet Choker"],"picked":"Sozu"}],"items_purged_floors":[],"is_endless":false,"potions_floor_spawned":[1,8,10,12,22,23,31,33,35,39,44,47],"ascension_level":0}