{"gold_per_floor":[117,117,117,28,43,43,71,71,98,98,117,152,172,188,188,266,266,283,35,49,67,67,67,93,93,93,93],"floor_reached":27,"playtime":1837,"items_purged":["Strike_G"],"score":557,"play_id":"db0ad1b1-1691-468e-baaf-0051e5951540","local_time":"20190428214023","is_ascension_mode":true,"campfire_choices":[{"data":"Dash","floor":6,"key":"SMITH"},{"data":"Neutralize","floor":10,"key":"SMITH"},{"data":"Accuracy","floor":15,"key":"SMITH"},{"data":"Crippling Poison","floor":23,"key":"SMITH"},{"data":"Die Die Die","floor":25,"key":"SMITH"}],"neow_cost":"NONE","seed_source_timestamp":36824833572626,"circlet_count":0,"master_deck":["AscendersBane","Defend_G","Defend_G","Defend_G","Defend_G","Defend_G","Survivor","Neutralize+1","Infinite Blades","Dash+1","Quick Slash","Poisoned Stab","Accuracy+1","Cloak And Dagger","Die Die Die+1","Dagger Spray","Crippling Poison+1","Acrobatics","Infinite Blades+1","Blade Dance","Bite","Bite","Bite","Bite","Bite"],"relics":["Ring of the Snake","NeowsBlessing","Meat on the Bone","Smiling Mask","Mummified Hand","Cursed Key","Paper Crane"],"potions_floor_usage":[12,14,21,24,27],"damage_taken":[{"damage":0,"enemies":"Jaw Worm","floor":1,"turns":1},{"damage":0,"enemies":"Small Slimes","floor":5,"turns":1},{"damage":0,"enemies":"Gremlin Nob","floor":7,"turns":1},{"damage":3,"enemies":"2 Louse","floor":11,"turns":3},{"damage":44,"enemies":"Lagavulin","floor":12,"turns":11},{"damage":0,"enemies":"2 Fungi Beasts","floor":13,"turns":3},{"damage":0,"enemies":"Gremlin Gang","floor":14,"turns":3},{"damage":21,"enemies":"The Guardian","floor":16,"turns":14},{"damage":9,"enemies":"2 Thieves","floor":18,"turns":4},{"damage":11,"enemies":"Shell Parasite","floor":20,"turns":6},{"damage":20,"enemies":"Snake Plant","floor":21,"turns":5},{"damage":25,"enemies":"Book of Stabbing","floor":24,"turns":5},{"damage":34,"enemies":"Slavers","floor":27,"turns":2}],"seed_played":"8422024977950943881","potions_obtained":[{"floor":1,"key":"FearPotion"},{"floor":5,"key":"Explosive Potion"},{"floor":11,"key":"Regen Potion"},{"floor":12,"key":"GhostInAJar"},{"floor":24,"key":"EssenceOfSteel"}],"is_trial":false,"path_per_floor":["M","?","?","$","M","R","E","$","T","R","M","E","M","M","R","B",null,"M","$","M","M","?","R","E","R","T","E"],"character_chosen":"THE_SILENT","items_purchased":["Dash","Block Potion","Crippling Poison","Acrobatics"],"campfire_rested":0,"item_purchase_floors":[4,19,19,19],"current_hp_per_floor":[59,59,52,52,52,52,52,52,52,52,49,32,44,44,44,35,58,49,49,38,30,30,30,27,27,27,0],"gold":93,"neow_bonus":"THREE_ENEMY_KILL","is_prod":false,"is_daily":false,"chose_seed":false,"campfire_upgraded":5,"win_rate":0,"timestamp":1556484023,"path_taken":["M","?","?","$","M","R","E","?","T","R","M","E","M","M","R","BOSS","M","$","M","M","?","R","E","R","T","E"],"build_version":"2019-04-23","purchased_purges":1,"victory":false,"max_hp_per_floor":[66,66,66,66,66,66,66,66,66,66,66,66,66,66,66,66,66,66,66,66,66,46,46,46,46,46,46],"card_choices":[{"not_picked":["Choke","Prepared"],"picked":"Infinite Blades","floor":1},{"not_picked":["Concentrate","Dodge and Roll"],"picked":"Quick Slash","floor":5},{"not_picked":["Slice","Concentrate","Blade Dance"],"picked":"SKIP","floor":7},{"not_picked":["Dodge and Roll","Acrobatics","Heel Hook"],"picked":"SKIP","floor":11},{"not_picked":["Bane","Expertise"],"picked":"Poisoned Stab","floor":12},{"not_picked":["Storm of Steel","Backflip"],"picked":"Accuracy","floor":13},{"not_picked":["Bane","Terror"],"picked":"Cloak And Dagger","floor":14},{"not_picked":["Grand Finale","Envenom"],"picked":"Die Die Die","floor":16},{"not_picked":["Deflect","Setup"],"picked":"Dagger Spray","floor":18},{"not_picked":["Deadly Poison","Heel Hook"],"picked":"Infinite Blades+1","floor":20},{"not_picked":["Underhanded Strike","Slice"],"picked":"Blade Dance","floor":21},{"not_picked":["Expertise","Prepared","Deflect"],"picked":"SKIP","floor":24}],"player_experience":1251074,"relics_obtained":[{"floor":7,"key":"Meat on the Bone"},{"floor":9,"key":"Smiling Mask"},{"floor":12,"key":"Mummified Hand"},{"floor":24,"key":"Paper Crane"}],"event_choices":[{"damage_healed":0,"gold_gain":0,"player_choice":"Leave","damage_taken":0,"max_hp_gain":0,"max_hp_loss":0,"event_name":"The Cleric","floor":2,"gold_loss":0},{"cards_removed":["Strike_G"],"damage_healed":0,"gold_gain":0,"player_choice":"Card Removal","damage_taken":7,"max_hp_gain":0,"max_hp_loss":0,"event_name":"Golden Wing","floor":3,"gold_loss":0},{"damage_healed":0,"gold_gain":0,"player_choice":"Became a vampire","damage_taken":0,"max_hp_gain":0,"max_hp_loss":20,"event_name":"Vampires","floor":22,"gold_loss":0,"cards_obtained":["Bite","Bite","Bite","Bite","Bite"]}],"is_beta":true,"boss_relics":[{"not_picked":["Orrery","Calling Bell"],"picked":"Cursed Key"}],"items_purged_floors":[19],"is_endless":false,"potions_floor_spawned":[1,5,11,12,24],"killed_by":"Slavers","ascension_level":20}