{"gold_per_floor":[116,130,130,146,146,179,26,26,51,80,80,109,109,127,127,224,224,243,243,257,276,294,294,324,324,324,354,386,485,125,140,140,245,245,263,69,69,69,124,153,167,10,59,59,59,69,69,85,85,85,85,85,85,117,117],"floor_reached":56,"playtime":2277,"items_purged":["Strike_B","Strike_B"],"score":1281,"play_id":"66aed8bc-e7bf-4c13-8b53-e2679f1c29f3","local_time":"20190501225018","is_ascension_mode":false,"campfire_choices":[{"data":"Biased Cognition","floor":13,"key":"SMITH"},{"data":"Lockon","floor":15,"key":"SMITH"},{"data":"Capacitor","floor":23,"key":"SMITH"},{"data":"Madness","floor":25,"key":"SMITH"},{"data":"Barrage","floor":32,"key":"SMITH"},{"data":"Panacea","floor":44,"key":"SMITH"},{"data":"Hologram","floor":47,"key":"SMITH"},{"floor":49,"key":"RECALL"},{"data":"Barrage","floor":52,"key":"SMITH"}],"neow_cost":"NONE","seed_source_timestamp":299774753384905,"circlet_count":0,"master_deck":["Defend_B","Defend_B","Defend_B","Zap","Dualcast","Madness+1","Barrage+1","Ball Lightning","Glacier","Biased Cognition+1","Lockon+1","Undo+1","Electrodynamics","Conserve Battery+1","Hologram+1","Capacitor+1","Glacier","Ball Lightning+1","Thunder Strike","Barrage+1","Trip","Panacea+1","Glacier+1","Coolheaded+1","Echo Form"],"relics":["Cracked Core","PreservedInsect","Anchor","Calipers","Omamori","Empty Cage","Bag of Preparation","Art of War","Red Mask","Vajra","Runic Capacitor","Velvet Choker","Prayer Wheel","War Paint","Oddly Smooth Stone","DataDisk","Bottled Lightning"],"potions_floor_usage":[16,24,28,33,50,55,55],"damage_taken":[{"damage":0,"enemies":"2 Louse","floor":1,"turns":2},{"damage":0,"enemies":"Cultist","floor":2,"turns":4},{"damage":1,"enemies":"Jaw Worm","floor":4,"turns":3},{"damage":26,"enemies":"3 Sentries","floor":6,"turns":7},{"damage":5,"enemies":"Gremlin Nob","floor":10,"turns":3},{"damage":0,"enemies":"3 Sentries","floor":12,"turns":5},{"damage":2,"enemies":"3 Louse","floor":14,"turns":3},{"damage":38,"enemies":"Hexaghost","floor":16,"turns":8},{"damage":0,"enemies":"3 Byrds","floor":18,"turns":2},{"damage":0,"enemies":"Chosen","floor":20,"turns":4},{"damage":0,"enemies":"Centurion and Healer","floor":21,"turns":4},{"damage":7,"enemies":"Snake Plant","floor":22,"turns":4},{"damage":6,"enemies":"Book of Stabbing","floor":24,"turns":5},{"damage":3,"enemies":"Masked Bandits","floor":27,"turns":4},{"damage":13,"enemies":"Slavers","floor":28,"turns":2},{"damage":0,"enemies":"Chosen and Byrds","floor":31,"turns":4},{"damage":4,"enemies":"Collector","floor":33,"turns":6},{"damage":7,"enemies":"3 Darklings","floor":35,"turns":3},{"damage":15,"enemies":"2 Orb Walkers","floor":39,"turns":3},{"damage":9,"enemies":"Nemesis","floor":40,"turns":5},{"damage":0,"enemies":"Orb Walker","floor":41,"turns":2},{"damage":0,"enemies":"Sphere and 2 Shapes","floor":46,"turns":3},{"damage":1,"enemies":"Spire Growth","floor":48,"turns":3},{"damage":0,"enemies":"Time Eater","floor":50,"turns":12},{"damage":5,"enemies":"Shield and Spear","floor":54,"turns":5},{"damage":49,"enemies":"The Heart","floor":55,"turns":9}],"seed_played":"-3266181256603413116","potions_obtained":[{"floor":6,"key":"Swift Potion"},{"floor":10,"key":"Block Potion"},{"floor":16,"key":"Swift Potion"},{"floor":20,"key":"Explosive Potion"},{"floor":28,"key":"FocusPotion"},{"floor":40,"key":"Swift Potion"},{"floor":48,"key":"Energy Potion"}],"is_trial":false,"path_per_floor":["M","M","?","M","?","E","$","$","T","E","?","E","R","M","R","B",null,"M","?","M","M","M","R","E","R","T","?","E","?","$","M","R","B",null,"M","$","?","T","?","E","M","$","T","R","?","M","R","M","R","B",null,"R","$","E","B",null],"character_chosen":"DEFECT","items_purchased":["Biased Cognition","Regen Potion","Runic Capacitor","Glacier","Trip","Oddly Smooth Stone"],"campfire_rested":0,"item_purchase_floors":[7,7,30,30,36,42],"current_hp_per_floor":[75,75,75,74,67,41,41,41,41,36,41,41,41,39,39,16,80,80,80,80,80,73,73,67,67,67,64,51,51,51,51,51,47,80,73,73,73,73,58,49,49,49,49,49,49,49,49,48,48,48,80,80,80,75,26],"gold":117,"neow_bonus":"RANDOM_COLORLESS","is_prod":false,"is_daily":false,"chose_seed":false,"campfire_upgraded":8,"win_rate":0,"timestamp":1556747418,"path_taken":["M","M","?","?","?","E","?","$","T","E","?","E","R","M","R","BOSS","M","?","M","M","M","R","E","R","T","?","E","?","$","M","R","BOSS","M","$","?","?","?","E","M","?","T","R","?","M","R","M","R","BOSS","R","$","E","BOSS"],"build_version":"2019-04-23","purchased_purges":2,"victory":true,"max_hp_per_floor":[75,75,75,75,75,75,75,75,75,75,80,80,80,80,80,80,80,80,80,80,80,80,80,80,80,80,80,80,80,80,80,80,80,80,80,80,80,80,80,80,80,80,80,80,80,80,80,80,80,80,80,80,80,80,80],"card_choices":[{"not_picked":["Hologram","Auto Shields"],"picked":"Conserve Battery","floor":1},{"not_picked":["Steam Power","Aggregate"],"picked":"Barrage","floor":2},{"not_picked":["Leap","Rebound"],"picked":"Ball Lightning","floor":4},{"not_picked":["Consume","Cold Snap"],"picked":"Glacier","floor":6},{"not_picked":["Auto Shields","Double Energy"],"picked":"Lockon","floor":10},{"not_picked":["Melter","FTL"],"picked":"Undo","floor":12},{"not_picked":["Streamline","Rebound","Redo"],"picked":"SKIP","floor":14},{"not_picked":["Biased Cognition","Buffer"],"picked":"Electrodynamics","floor":16},{"not_picked":["Streamline","Redo+1"],"picked":"Conserve Battery+1","floor":18},{"not_picked":["Reprogram","Cold Snap"],"picked":"Hologram","floor":20},{"not_picked":["Undo","Cold Snap","Rip and Tear+1"],"picked":"SKIP","floor":21},{"not_picked":["Beam Cell+1","Rip and Tear"],"picked":"Capacitor","floor":22},{"not_picked":["Storm","Gash","Lockon"],"picked":"SKIP","floor":24},{"not_picked":["Rebound","Darkness+1","Biased Cognition"],"picked":"SKIP","floor":28},{"not_picked":["Leap","Tempest"],"picked":"Ball Lightning+1","floor":31},{"not_picked":["Biased Cognition","Multi-Cast"],"picked":"Thunder Strike","floor":33},{"not_picked":["Ball Lightning","Streamline+1"],"picked":"Barrage","floor":35},{"not_picked":["Deep Breath","Purity"],"picked":"Panacea","floor":37},{"not_picked":["Melter","Beam Cell+1"],"picked":"Glacier","floor":40},{"not_picked":["Auto Shields","Leap"],"picked":"Coolheaded+1","floor":41},{"not_picked":["Sweeping Beam+1","Rip and Tear+1","Tempest"],"picked":"SKIP","floor":41},{"not_picked":["Reinforced Body","Cold Snap"],"picked":"Echo Form","floor":46},{"not_picked":["Turbo","Static Discharge","Doom and Gloom+1"],"picked":"SKIP","floor":46},{"not_picked":["Rip and Tear+1","Ball Lightning","Redo+1"],"picked":"SKIP","floor":48},{"not_picked":["Turbo+1","Gash","Sweeping Beam"],"picked":"SKIP","floor":48},{"not_picked":["Fission","Genetic Algorithm+1","Coolheaded"],"picked":"SKIP","floor":54}],"player_experience":1271642,"relics_obtained":[{"floor":6,"key":"PreservedInsect"},{"floor":9,"key":"Anchor"},{"floor":10,"key":"Calipers"},{"floor":12,"key":"Omamori"},{"floor":24,"key":"Bag of Preparation"},{"floor":26,"key":"Art of War"},{"floor":27,"key":"Red Mask"},{"floor":28,"key":"Vajra"},{"floor":39,"key":"Prayer Wheel"},{"floor":40,"key":"War Paint"},{"floor":43,"key":"DataDisk"},{"floor":54,"key":"Bottled Lightning"}],"event_choices":[{"damage_healed":0,"gold_gain":0,"player_choice":"Full Heal","damage_taken":0,"max_hp_gain":0,"max_hp_loss":0,"event_name":"Wheel of Change","floor":3,"gold_loss":0},{"cards_removed":["Defend_B"],"damage_healed":0,"gold_gain":0,"player_choice":"Card Removal","damage_taken":7,"max_hp_gain":0,"max_hp_loss":0,"event_name":"Golden Wing","floor":5,"gold_loss":0},{"damage_healed":0,"gold_gain":0,"player_choice":"Donut","damage_taken":0,"max_hp_gain":5,"max_hp_loss":0,"event_name":"Big Fish","floor":11,"gold_loss":0},{"damage_healed":0,"gold_gain":0,"player_choice":"Ignored","damage_taken":0,"max_hp_gain":0,"max_hp_loss":0,"event_name":"Vampires","floor":19,"gold_loss":0},{"damage_healed":0,"gold_gain":0,"player_choice":"Fought Bandits","damage_taken":0,"max_hp_gain":0,"max_hp_loss":0,"event_name":"Masked Bandits","floor":27,"gold_loss":0},{"damage_healed":0,"gold_gain":99,"player_choice":"Stole From Cult","damage_taken":0,"max_hp_gain":0,"max_hp_loss":0,"event_name":"Nest","floor":29,"gold_loss":0},{"damage_healed":0,"gold_gain":0,"player_choice":"Memory 1","damage_taken":0,"max_hp_gain":0,"max_hp_loss":0,"event_name":"SensoryStone","floor":37,"gold_loss":0},{"damage_healed":0,"gold_gain":0,"player_choice":"Fight","damage_taken":0,"max_hp_gain":0,"max_hp_loss":0,"event_name":"Mysterious Sphere","floor":39,"gold_loss":0},{"cards_removed":["Conserve Battery"],"damage_healed":0,"gold_gain":0,"player_choice":"Removed Skill","damage_taken":0,"max_hp_gain":0,"max_hp_loss":0,"event_name":"Falling","floor":45,"gold_loss":0}],"is_beta":true,"boss_relics":[{"not_picked":["Busted Crown","Runic Pyramid"],"picked":"Empty Cage"},{"not_picked":["Sozu","Lizard Tail"],"picked":"Velvet Choker"}],"items_purged_floors":[30,36],"is_endless":false,"potions_floor_spawned":[6,10,14,16,20,22,28,40,48],"ascension_level":0}