{"gold_per_floor":[109,123,123,123,0,27,27,43,43,43,72,83,110,110,110,187,187,204,239,90,90,100,100,0,17,95,95,110,122,122,132,132,132],"floor_reached":33,"playtime":1276,"items_purged":["Defend_R","Strike_R"],"score":479,"play_id":"a0bd7c08-3267-44e3-a1fe-5200d5383959","local_time":"20190318195359","is_ascension_mode":true,"campfire_choices":[{"data":"Armaments","floor":7,"key":"SMITH"},{"data":"Anger","floor":10,"key":"SMITH"},{"floor":15,"key":"REST"},{"data":"Body Slam","floor":23,"key":"SMITH"},{"data":"True Grit","floor":27,"key":"SMITH"},{"data":"Spot Weakness","floor":30,"key":"SMITH"},{"floor":32,"key":"REST"}],"neow_cost":"NONE","seed_source_timestamp":386927404985200,"circlet_count":0,"master_deck":["AscendersBane","Strike_R","Strike_R","Strike_R","Strike_R","Defend_R+1","Defend_R","Defend_R","Bash+1","Cleave","Spot Weakness+1","Armaments+1","Reaper","Anger+1","Impervious","Reaper","Body Slam+1","True Grit+1","Sword Boomerang","Shrug It Off","Shrug It Off"],"relics":["Black Blood","Turnip","Frozen Egg 2","Mercury Hourglass","Boot","Lantern","Ornamental Fan","Red Mask","Juzu Bracelet","Nloth\u0027s Gift","The Courier"],"potions_floor_usage":[16,29],"damage_taken":[{"damage":0,"enemies":"Cultist","floor":1,"turns":1},{"damage":0,"enemies":"Jaw Worm","floor":2,"turns":1},{"damage":0,"enemies":"Gremlin Nob","floor":6,"turns":1},{"damage":0,"enemies":"Small Slimes","floor":8,"turns":2},{"damage":22,"enemies":"Lagavulin","floor":11,"turns":6},{"damage":2,"enemies":"Red Slaver","floor":12,"turns":3},{"damage":32,"enemies":"Gremlin Nob","floor":13,"turns":4},{"damage":19,"enemies":"The Guardian","floor":16,"turns":11},{"damage":23,"enemies":"Spheric Guardian","floor":18,"turns":6},{"damage":15,"enemies":"Masked Bandits","floor":19,"turns":3},{"damage":0,"enemies":"Chosen","floor":22,"turns":4},{"damage":15,"enemies":"Snake Plant","floor":25,"turns":5},{"damage":16,"enemies":"Centurion and Healer","floor":28,"turns":9},{"damage":45,"enemies":"Chosen and Byrds","floor":29,"turns":7},{"damage":47,"enemies":"Snecko","floor":31,"turns":5},{"damage":125,"enemies":"Automaton","floor":33,"turns":12}],"seed_played":"5381927032411866667","potions_obtained":[{"floor":6,"key":"FairyPotion"},{"floor":11,"key":"BloodPotion"},{"floor":13,"key":"Regen Potion"},{"floor":16,"key":"BloodPotion"}],"is_trial":false,"path_per_floor":["M","M","?","?","$","E","R","M","T","R","E","M","E","T","R","B",null,"M","?","$","?","M","R","$","M","T","R","M","M","R","M","R","B"],"character_chosen":"IRONCLAD","items_purchased":["Armaments","Juzu Bracelet"],"campfire_rested":2,"item_purchase_floors":[5,20],"current_hp_per_floor":[78,80,55,39,39,45,45,51,51,51,35,39,13,13,37,39,70,63,63,63,63,80,80,80,75,75,75,80,57,57,26,50,0],"gold":132,"neow_bonus":"THREE_ENEMY_KILL","is_prod":false,"is_daily":false,"chose_seed":false,"campfire_upgraded":5,"win_rate":0,"timestamp":1552935239,"path_taken":["M","M","?","?","$","E","R","M","T","R","E","M","E","?","R","BOSS","M","?","$","?","M","R","$","M","T","R","M","M","R","M","R","BOSS"],"build_version":"2019-01-23","purchased_purges":2,"victory":false,"max_hp_per_floor":[80,80,80,80,80,80,80,80,80,80,80,80,80,80,80,80,80,80,80,80,80,80,80,80,80,80,80,80,80,80,80,80,80],"card_choices":[{"not_picked":["Flex","Clash"],"picked":"Cleave","floor":1},{"not_picked":["Inflame","Sword Boomerang"],"picked":"Spot Weakness","floor":2},{"not_picked":["Disarm","Headbutt"],"picked":"Reaper","floor":6},{"not_picked":["Perfected Strike","Metallicize+1"],"picked":"Anger","floor":8},{"not_picked":["Second Wind","Brutality+1","Burning Pact"],"picked":"SKIP","floor":11},{"not_picked":["Perfected Strike","True Grit","Warcry"],"picked":"SKIP","floor":12},{"not_picked":["Anger","Thunderclap"],"picked":"Impervious","floor":13},{"not_picked":["Feed","Exhume"],"picked":"Reaper","floor":16},{"not_picked":["Thunderclap","Havoc","Perfected Strike"],"picked":"SKIP","floor":18},{"not_picked":["Dropkick","Dual Wield"],"picked":"Body Slam","floor":22},{"not_picked":["Entrench","Pommel Strike"],"picked":"True Grit","floor":25},{"not_picked":["Cleave+1","Flex"],"picked":"Sword Boomerang","floor":28},{"not_picked":["Sentinel","Metallicize+1"],"picked":"Shrug It Off","floor":29},{"not_picked":["Thunderclap+1","Clash"],"picked":"Shrug It Off","floor":31}],"player_experience":555696,"relics_obtained":[{"floor":6,"key":"Frozen Egg 2"},{"floor":9,"key":"Mercury Hourglass"},{"floor":11,"key":"Boot"},{"floor":13,"key":"Lantern"},{"floor":14,"key":"Ornamental Fan"},{"floor":19,"key":"Red Mask"},{"floor":26,"key":"The Courier"}],"event_choices":[{"damage_healed":0,"gold_gain":0,"player_choice":"Success","damage_taken":25,"relics_obtained":["Turnip"],"max_hp_gain":0,"max_hp_loss":0,"event_name":"Scrap Ooze","floor":3,"gold_loss":0},{"damage_healed":0,"gold_gain":0,"player_choice":"Entered Light","damage_taken":16,"max_hp_gain":0,"max_hp_loss":0,"event_name":"Shining Light","floor":4,"gold_loss":0,"cards_upgraded":["Defend_R","Bash"]},{"damage_healed":0,"gold_gain":0,"player_choice":"Fought Bandits","damage_taken":0,"max_hp_gain":0,"max_hp_loss":0,"event_name":"Masked Bandits","floor":19,"gold_loss":0},{"damage_healed":0,"gold_gain":0,"player_choice":"Traded Relic","damage_taken":0,"relics_obtained":["Nloth\u0027s Gift"],"max_hp_gain":0,"max_hp_loss":0,"event_name":"N\u0027loth","floor":21,"relics_lost":["NeowsBlessing"],"gold_loss":0}],"is_beta":false,"boss_relics":[{"not_picked":["Mark of Pain","Snecko Eye"],"picked":"Black Blood"}],"items_purged_floors":[5,24],"is_endless":false,"potions_floor_spawned":[6,11,13,16,19,22,25,28],"killed_by":"Automaton","ascension_level":13}