{"path_per_floor":["M","?","M","?","M","R","E","R","T","?","T","M","$","?","R","B",null,"M","?","M","M","?","M","R","E","T","?","?","?"],"character_chosen":"DEFECT","items_purchased":["Defragment","FTL","Conserve Battery","Turbo"],"gold_per_floor":[118,118,129,129,144,144,200,200,200,200,227,245,6,6,6,104,104,117,117,129,141,141,161,161,193,216,216,0,0,0],"floor_reached":30,"campfire_rested":3,"playtime":2103,"item_purchase_floors":[13,13,13,13],"current_hp_per_floor":[72,72,71,56,56,56,16,38,38,38,38,28,28,28,50,44,75,52,52,52,38,38,5,27,9,9,9,9,9,0],"items_purged":[],"gold":0,"score":283,"play_id":"1362fe46-1525-47f6-8d2c-f7d3f95ac14e","local_time":"20180616215723","is_prod":false,"is_daily":false,"chose_seed":false,"is_ascension_mode":true,"campfire_upgraded":1,"win_rate":0,"timestamp":1529197043,"campfire_choices":[{"data":"Double Energy","floor":6,"key":"SMITH"},{"floor":8,"key":"REST"},{"floor":15,"key":"REST"},{"floor":24,"key":"REST"}],"path_taken":["M","?","M","?","M","R","E","R","T","?","?","M","$","?","R","BOSS","M","?","M","M","?","M","R","E","T","?","?","?","E"],"build_version":"2018-06-14v2","seed_source_timestamp":256446502865638,"purchased_purges":0,"victory":false,"master_deck":["Strike_B+1","Strike_B+1","Strike_B+1","Strike_B+1","Defend_B+1","Defend_B+1","Defend_B+1","Zap","Dualcast","Sweeping Beam","Leap+1","Double Energy+1","Go for the Eyes","Ball Lightning","Defragment+1","FTL","Conserve Battery","Turbo","Multi-Cast","Loop","Sweeping Beam","Beam Cell","Hologram","BootSequence","Beam Cell","Force Field"],"max_hp_per_floor":[75,75,75,75,75,75,75,75,75,75,75,75,75,75,75,75,75,75,75,75,75,75,75,75,75,75,75,75,75,75],"relics":["Cracked Core","Tiny Chest","Letter Opener","Pen Nib","Fusion Hammer","Juzu Bracelet","Potion Belt"],"card_choices":[{"not_picked":["Coolheaded","Conserve Battery"],"picked":"Sweeping Beam","floor":1},{"not_picked":["Ball Lightning","Self Repair"],"picked":"Leap","floor":3},{"not_picked":["Conserve Battery","Sweeping Beam"],"picked":"Double Energy","floor":5},{"not_picked":["Darkness","Echo Form"],"picked":"Go for the Eyes","floor":7},{"not_picked":["Hologram","Rip and Tear"],"picked":"Ball Lightning","floor":12},{"not_picked":["Biased Cognition","Buffer"],"picked":"Multi-Cast","floor":16},{"not_picked":["Stack","Cold Snap"],"picked":"White Noise","floor":18},{"not_picked":["Capacitor","Cold Snap+1"],"picked":"Sweeping Beam","floor":20},{"not_picked":["Cold Snap+1","Stack"],"picked":"Beam Cell","floor":21},{"not_picked":["Stack+1","Doom and Gloom"],"picked":"BootSequence","floor":23},{"not_picked":["Scrape","Recycle"],"picked":"Beam Cell","floor":25}],"player_experience":340987,"potions_floor_usage":[16,21,25],"damage_taken":[{"damage":3,"enemies":"Jaw Worm","floor":1,"turns":4},{"damage":1,"enemies":"Small Slimes","floor":3,"turns":3},{"damage":0,"enemies":"2 Louse","floor":5,"turns":2},{"damage":40,"enemies":"Gremlin Nob","floor":7,"turns":5},{"damage":10,"enemies":"2 Fungi Beasts","floor":12,"turns":3},{"damage":6,"enemies":"Slime Boss","floor":16,"turns":7},{"damage":23,"enemies":"Shell Parasite","floor":18,"turns":5},{"damage":0,"enemies":"Chosen","floor":20,"turns":3},{"damage":14,"enemies":"Snecko","floor":21,"turns":4},{"damage":33,"enemies":"Centurion and Healer","floor":23,"turns":5},{"damage":18,"enemies":"Book of Stabbing","floor":25,"turns":5},{"damage":9,"enemies":"Slavers","floor":30,"turns":1}],"relics_obtained":[{"floor":7,"key":"Tiny Chest"},{"floor":9,"key":"Letter Opener"},{"floor":11,"key":"Pen Nib"},{"floor":25,"key":"Juzu Bracelet"},{"floor":26,"key":"Potion Belt"}],"event_choices":[{"event_name":"The Cleric","player_choice":"Leave","floor":2,"damage_taken":0},{"event_name":"Shining Light","player_choice":"Entered Light","floor":4,"damage_taken":0},{"event_name":"Bonfire Elementals","player_choice":"BASIC","floor":10,"damage_taken":0},{"event_name":"Upgrade Shrine","player_choice":"Upgraded","floor":14,"damage_taken":0},{"event_name":"The Library","player_choice":"Read","floor":19,"damage_taken":0},{"event_name":"Transmorgrifier","player_choice":"Transform","floor":22,"damage_taken":0},{"event_name":"Back to Basics","player_choice":"Simplicity","floor":27,"damage_taken":0},{"event_name":"Masked Bandits","player_choice":"Paid Bandits 216 gold","floor":28,"damage_taken":0},{"event_name":"Match and Keep!","player_choice":"1 cards matched","floor":29,"damage_taken":0}],"boss_relics":[{"not_picked":["Astrolabe","Velvet Choker"],"picked":"Fusion Hammer"}],"items_purged_floors":[],"is_endless":false,"potions_floor_spawned":[12,16,21],"seed_played":"-6030566467259922337","killed_by":"Slavers","ascension_level":3,"potions_obtained":[{"floor":12,"key":"Explosive Potion"},{"floor":16,"key":"Energy Potion"},{"floor":21,"key":"Weak Potion"}],"is_trial":false}