{"gold_per_floor":[113,113,130,141,141,167,167,200,200,200,200,200,241,265,265,388,388,408,333,356,405,405,443,443,481,516,553,590,640,667,717,729,865,877,907,919,256,272,605,635,648,648,648,648,683,738,753,784,784,784,784,784,4,34,34],"floor_reached":56,"playtime":4138,"items_purged":["Strike_B"],"score":1799,"play_id":"5ba7059a-108f-404c-bff5-22c257430e2d","local_time":"20190422160334","is_ascension_mode":true,"campfire_choices":[{"floor":7,"key":"REST"},{"floor":11,"key":"REST"},{"data":"Darkness","floor":15,"key":"SMITH"},{"data":"Rainbow","floor":24,"key":"SMITH"},{"data":"Hologram","floor":32,"key":"SMITH"},{"data":"Zap","floor":42,"key":"SMITH"},{"floor":49,"key":"RECALL"},{"data":"Finesse","floor":52,"key":"SMITH"}],"neow_cost":"NONE","seed_source_timestamp":3615419396638597,"circlet_count":0,"master_deck":["Defend_B","Defend_B","Defend_B","Defend_B","Zap+1","Dualcast","Steam","Loop+1","Loop+1","Darkness+1","Cold Snap+1","Echo Form+1","Rainbow+1","Hologram+1","Coolheaded+1","Ghostly","Ghostly","Ghostly","Ghostly","Ghostly","Leap+1","Go for the Eyes+1","Redo+1","Electrodynamics+1","Machine Learning+1","Storm+1","BootSequence","Hello World+1","Finesse+1","Hologram+1","Defragment+1","Doom and Gloom+1","Master of Strategy","Panacea","Mayhem+1","Glacier"],"relics":["Cracked Core","NeowsBlessing","Frozen Egg 2","Happy Flower","Question Card","Singing Bowl","Kunai","Sozu","Ancient Tea Set","PreservedInsect","MawBank","Bag of Marbles","FossilizedHelix","Torii","Black Star","Oddly Smooth Stone","Toolbox","Gambling Chip","Bag of Preparation","Pocketwatch","Anchor","Symbiotic Virus","Du-Vu Doll","Pen Nib","Dodecahedron","ClockworkSouvenir","Calipers","Dead Branch","Strawberry","Whetstone"],"potions_floor_usage":[6,13,16,18,55],"damage_taken":[{"damage":0,"enemies":"Cultist","floor":1,"turns":1},{"damage":0,"enemies":"2 Louse","floor":3,"turns":1},{"damage":0,"enemies":"Small Slimes","floor":4,"turns":1},{"damage":39,"enemies":"Gremlin Nob","floor":6,"turns":5},{"damage":24,"enemies":"3 Sentries","floor":8,"turns":6},{"damage":16,"enemies":"Gremlin Nob","floor":13,"turns":4},{"damage":3,"enemies":"Looter","floor":14,"turns":3},{"damage":0,"enemies":"Hexaghost","floor":16,"turns":6},{"damage":1,"enemies":"3 Byrds","floor":18,"turns":5},{"damage":5,"enemies":"Spheric Guardian","floor":20,"turns":5},{"damage":17,"enemies":"Gremlin Leader","floor":23,"turns":9},{"damage":0,"enemies":"Book of Stabbing","floor":25,"turns":5},{"damage":0,"enemies":"Snake Plant","floor":27,"turns":5},{"damage":0,"enemies":"Centurion and Healer","floor":28,"turns":6},{"damage":0,"enemies":"Gremlin Leader","floor":29,"turns":7},{"damage":0,"enemies":"Chosen and Byrds","floor":30,"turns":6},{"damage":2,"enemies":"Slavers","floor":31,"turns":5},{"damage":0,"enemies":"Collector","floor":33,"turns":8},{"damage":0,"enemies":"Orb Walker","floor":35,"turns":3},{"damage":0,"enemies":"3 Darklings","floor":38,"turns":6},{"damage":0,"enemies":"Reptomancer","floor":40,"turns":6},{"damage":0,"enemies":"Maw","floor":41,"turns":6},{"damage":0,"enemies":"Nemesis","floor":45,"turns":5},{"damage":0,"enemies":"2 Orb Walkers","floor":46,"turns":5},{"damage":0,"enemies":"Sphere and 2 Shapes","floor":47,"turns":4},{"damage":0,"enemies":"Reptomancer","floor":48,"turns":5},{"damage":0,"enemies":"Awakened One","floor":50,"turns":16},{"damage":0,"enemies":"Shield and Spear","floor":54,"turns":4},{"damage":0,"enemies":"The Heart","floor":55,"turns":9}],"seed_played":"3271798497129083645","potions_obtained":[{"floor":3,"key":"EssenceOfSteel"},{"floor":6,"key":"PowerPotion"},{"floor":8,"key":"Dexterity Potion"},{"floor":14,"key":"SpeedPotion"},{"floor":16,"key":"Fire Potion"}],"is_trial":false,"path_per_floor":["M","T","M","M","?","E","R","E","T","?","R","T","E","M","R","B",null,"M","?","M","T","?","E","R","E","T","M","M","E","M","E","R","B",null,"M","?","$","M","?","E","M","R","T","?","E","?","M","E","R","B",null,"R","$","E","B",null],"character_chosen":"DEFECT","items_purchased":["BootSequence","Hello World+1","Finesse","Oddly Smooth Stone","Toolbox","ClockworkSouvenir","Calipers","Dead Branch"],"campfire_rested":2,"item_purchase_floors":[37,37,37,37,37,53,53,53],"current_hp_per_floor":[75,75,75,75,68,29,51,27,27,27,47,47,31,28,28,28,69,68,68,63,63,34,17,17,17,17,17,17,19,21,21,21,21,40,40,40,40,40,40,40,40,40,40,30,30,32,34,36,36,36,46,46,46,55,55],"gold":34,"neow_bonus":"THREE_ENEMY_KILL","is_prod":false,"is_daily":false,"chose_seed":false,"campfire_upgraded":5,"win_rate":0,"timestamp":1555963414,"path_taken":["M","?","?","M","?","E","R","E","T","?","R","?","E","M","R","BOSS","M","?","M","?","?","E","R","E","T","M","M","E","M","E","R","BOSS","M","?","?","M","?","E","M","R","T","?","E","?","M","E","R","BOSS","R","$","E","BOSS"],"build_version":"2019-04-21","purchased_purges":1,"victory":true,"max_hp_per_floor":[75,75,75,75,75,75,75,75,75,69,69,69,69,69,69,69,69,69,69,69,69,34,34,34,34,34,34,34,36,38,40,40,40,40,40,40,40,40,40,40,40,40,40,40,40,42,44,46,46,46,46,46,46,55,55],"card_choices":[{"not_picked":["Rebound","Redo"],"picked":"Steam","floor":1},{"not_picked":["Fusion","Coolheaded"],"picked":"Loop+1","floor":3},{"not_picked":["Double Energy","Reprogram","Force Field"],"picked":"SKIP","floor":4},{"not_picked":["Turbo","Chaos"],"picked":"Loop+1","floor":6},{"not_picked":["Streamline","White Noise"],"picked":"Darkness","floor":8},{"not_picked":["Ball Lightning","BootSequence","Turbo"],"picked":"Cold Snap","floor":13},{"not_picked":["Reprogram","Redo","Ball Lightning"],"picked":"Echo Form+1","floor":14},{"not_picked":["Reboot","Creative AI+1","Hyperbeam"],"picked":"Rainbow","floor":16},{"not_picked":["Beam Cell","Heatsinks+1","Static Discharge+1"],"picked":"Hologram","floor":18},{"not_picked":["Blizzard","Hello World+1","FTL+1"],"picked":"Coolheaded+1","floor":20},{"not_picked":["Streamline","Stack+1","Turbo"],"picked":"Leap+1","floor":23},{"not_picked":["Cold Snap","Leap+1","Sweeping Beam"],"picked":"Go for the Eyes+1","floor":25},{"not_picked":["Steam","Glacier","Leap"],"picked":"Redo+1","floor":27},{"not_picked":["Blizzard","Loop+1","Conserve Battery"],"picked":"Electrodynamics+1","floor":28},{"not_picked":["Aggregate","Streamline","Skim","Lockon"],"picked":"Singing Bowl","floor":29},{"not_picked":["Turbo","Hologram","Blizzard","Compile Driver"],"picked":"Singing Bowl","floor":30},{"not_picked":["Sweeping Beam+1","Hologram+1","Thunder Strike","Go for the Eyes"],"picked":"Singing Bowl","floor":31},{"not_picked":["Creative AI+1","Fission","Biased Cognition+1"],"picked":"Machine Learning+1","floor":33},{"not_picked":["Fusion+1","Steam Power+1","Gash"],"picked":"Storm+1","floor":35},{"not_picked":["Rebound","Static Discharge+1","Gash"],"picked":"Hologram+1","floor":38},{"not_picked":["Compile Driver+1","Leap+1","Sunder+1"],"picked":"Defragment+1","floor":40},{"not_picked":["Compile Driver","Beam Cell","Undo"],"picked":"Doom and Gloom","floor":41},{"not_picked":["Jack Of All Trades","Enlightenment","Forethought"],"picked":"Master of Strategy","floor":44},{"not_picked":["Good Instincts","Dramatic Entrance","Enlightenment"],"picked":"Panacea","floor":44},{"not_picked":["Flash of Steel","Mind Blast","Finesse"],"picked":"Mayhem+1","floor":44},{"not_picked":["Chill+1","Reinforced Body+1","Multi-Cast"],"picked":"Glacier","floor":45},{"not_picked":["Turbo","Ball Lightning+1","Barrage+1","Double Energy"],"picked":"Singing Bowl","floor":46},{"not_picked":["Recycle","Darkness+1","Scrape","Sweeping Beam"],"picked":"Singing Bowl","floor":47},{"not_picked":["Hologram","Scrape","Conserve Battery","All For One"],"picked":"Singing Bowl","floor":48},{"not_picked":["Tempest+1","Chaos+1","Heatsinks+1","Self Repair+1"],"picked":"Singing Bowl","floor":54}],"player_experience":5442921,"relics_obtained":[{"floor":2,"key":"Frozen Egg 2"},{"floor":6,"key":"Happy Flower"},{"floor":8,"key":"Question Card"},{"floor":9,"key":"Singing Bowl"},{"floor":13,"key":"Kunai"},{"floor":21,"key":"Ancient Tea Set"},{"floor":23,"key":"PreservedInsect"},{"floor":25,"key":"MawBank"},{"floor":26,"key":"Bag of Marbles"},{"floor":29,"key":"FossilizedHelix"},{"floor":31,"key":"Torii"},{"floor":40,"key":"Gambling Chip"},{"floor":40,"key":"Bag of Preparation"},{"floor":43,"key":"Pocketwatch"},{"floor":45,"key":"Anchor"},{"floor":45,"key":"Symbiotic Virus"},{"floor":46,"key":"Du-Vu Doll"},{"floor":48,"key":"Pen Nib"},{"floor":48,"key":"Dodecahedron"},{"floor":54,"key":"Strawberry"},{"floor":54,"key":"Whetstone"}],"event_choices":[{"cards_removed":["Strike_B"],"damage_healed":0,"gold_gain":0,"player_choice":"Card Removal","damage_taken":7,"max_hp_gain":0,"max_hp_loss":0,"event_name":"Golden Wing","floor":5,"gold_loss":0},{"damage_healed":0,"gold_gain":0,"player_choice":"Lose Max HP","damage_taken":0,"relics_obtained":["Golden Idol"],"max_hp_gain":0,"max_hp_loss":6,"event_name":"Golden Idol","floor":10,"gold_loss":0},{"cards_removed":["Strike_B"],"damage_healed":0,"gold_gain":0,"player_choice":"Gave Gold","damage_taken":0,"max_hp_gain":0,"max_hp_loss":0,"event_name":"Beggar","floor":19,"gold_loss":75},{"damage_healed":0,"gold_gain":0,"player_choice":"Became a Ghost","damage_taken":0,"max_hp_gain":0,"max_hp_loss":35,"event_name":"Ghosts","floor":22,"gold_loss":0,"cards_obtained":["Ghostly","Ghostly","Ghostly","Ghostly","Ghostly"]},{"cards_removed":["Strike_B"],"damage_healed":0,"gold_gain":0,"player_choice":"Offered Basic","damage_taken":0,"max_hp_gain":0,"max_hp_loss":0,"event_name":"Bonfire Elementals","floor":36,"gold_loss":0},{"damage_healed":0,"gold_gain":333,"player_choice":"Gave Idol","damage_taken":0,"max_hp_gain":0,"max_hp_loss":0,"event_name":"The Moai Head","floor":39,"relics_lost":["Golden Idol"],"gold_loss":0},{"damage_healed":0,"gold_gain":0,"player_choice":"Memory 3","damage_taken":10,"max_hp_gain":0,"max_hp_loss":0,"event_name":"SensoryStone","floor":44,"gold_loss":0},{"damage_healed":0,"gold_gain":0,"player_choice":"Fight","damage_taken":0,"max_hp_gain":0,"max_hp_loss":0,"event_name":"Mysterious Sphere","floor":46,"gold_loss":0}],"is_beta":true,"boss_relics":[{"not_picked":["Coffee Dripper","Ectoplasm"],"picked":"Sozu"},{"not_picked":["Eternal Feather","Calling Bell"],"picked":"Black Star"}],"items_purged_floors":[37],"is_endless":false,"potions_floor_spawned":[3,6,8,14,16,25,27,29,33,35,38,41,47],"ascension_level":1}