{"gold_per_floor":[110,110,110,124,124,157,176,206,206,206,206,227,227,21,21,150,150,171,34,34,58,8,42,42,82,161,186,186,19,73,87,87,213,213,234,234,255,12,35,35,379,404,404,404,439,122,122,161,161,161,161,161,2,41,41],"floor_reached":55,"playtime":1749,"items_purged":["Injury","Shame"],"score":1099,"play_id":"e51ddbca-b566-46f4-807b-a85a66356356","local_time":"20190501155103","is_ascension_mode":true,"campfire_choices":[{"floor":10,"key":"REST"},{"data":"Armaments","floor":13,"key":"SMITH"},{"data":"Inflame","floor":15,"key":"SMITH"},{"floor":24,"key":"REST"},{"floor":32,"key":"REST"},{"floor":40,"key":"RECALL"},{"floor":44,"key":"REST"},{"floor":47,"key":"REST"},{"data":"Limit Break","floor":49,"key":"SMITH"},{"floor":52,"key":"REST"}],"neow_cost":"NONE","seed_source_timestamp":1644150576210000,"circlet_count":0,"master_deck":["Strike_R+1","Strike_R+1","Strike_R+1","Strike_R+1","Strike_R+1","Defend_R+1","Defend_R+1","Defend_R+1","Defend_R+1","Bash","Infernal Blade+1","Inflame+1","Thunderclap","Heavy Blade+1","Armaments+1","Heavy Blade+1","Exhume","Pommel Strike+1","Body Slam+1","Demon Form","Spot Weakness","Double Tap","Injury","Clumsy","Parasite","Inflame","Limit Break+1","Pummel+1","Anger","Impervious","Anger"],"relics":["Burning Blood","Lantern","Red Skull","Matryoshka","Bag of Marbles","Golden Idol","Membership Card","Runic Dome","Sling","Dodecahedron","Juzu Bracelet","Smiling Mask","Potion Belt","Darkstone Periapt","Anchor","Ancient Tea Set","Orichalcum","Calling Bell","Oddly Smooth Stone","Sundial","Du-Vu Doll","Kunai","Blood Vial","Old Coin","Letter Opener","Bag of Preparation","Whetstone","Blue Candle","TheAbacus","Happy Flower","Ornamental Fan","Shuriken"],"potions_floor_usage":[6,18,23,25,27,33,33,42,45,45,50],"damage_taken":[{"damage":8,"enemies":"Small Slimes","floor":1,"turns":4},{"damage":7,"enemies":"Jaw Worm","floor":4,"turns":2},{"damage":14,"enemies":"Gremlin Nob","floor":6,"turns":4},{"damage":0,"enemies":"Cultist","floor":7,"turns":2},{"damage":28,"enemies":"Lagavulin","floor":8,"turns":5},{"damage":1,"enemies":"2 Fungi Beasts","floor":12,"turns":2},{"damage":30,"enemies":"Slime Boss","floor":16,"turns":9},{"damage":12,"enemies":"Spheric Guardian","floor":18,"turns":4},{"damage":14,"enemies":"2 Thieves","floor":21,"turns":3},{"damage":60,"enemies":"Gremlin Leader","floor":23,"turns":4},{"damage":26,"enemies":"Slavers","floor":25,"turns":4},{"damage":9,"enemies":"Centurion and Healer","floor":27,"turns":3},{"damage":0,"enemies":"Snake Plant","floor":31,"turns":2},{"damage":32,"enemies":"Automaton","floor":33,"turns":5},{"damage":0,"enemies":"Orb Walker","floor":35,"turns":2},{"damage":9,"enemies":"3 Shapes","floor":37,"turns":2},{"damage":0,"enemies":"Sphere and 2 Shapes","floor":39,"turns":3},{"damage":11,"enemies":"Nemesis","floor":41,"turns":3},{"damage":45,"enemies":"4 Shapes","floor":42,"turns":4},{"damage":42,"enemies":"Reptomancer","floor":45,"turns":4},{"damage":0,"enemies":"Nemesis","floor":48,"turns":1},{"damage":66,"enemies":"Time Eater","floor":50,"turns":7},{"damage":89,"enemies":"Shield and Spear","floor":54,"turns":4},{"damage":23,"enemies":"The Heart","floor":55,"turns":2}],"seed_played":"-2805241351262114385","potions_obtained":[{"floor":1,"key":"Explosive Potion"},{"floor":8,"key":"EssenceOfSteel"},{"floor":16,"key":"PowerPotion"},{"floor":18,"key":"GamblersBrew"},{"floor":25,"key":"AttackPotion"},{"floor":27,"key":"GamblersBrew"},{"floor":31,"key":"BloodPotion"},{"floor":35,"key":"Poison Potion"},{"floor":39,"key":"SkillPotion"},{"floor":42,"key":"EssenceOfSteel"},{"floor":48,"key":"AttackPotion"}],"is_trial":false,"path_per_floor":["M","?","?","M","?","E","M","E","T","R","?","M","R","$","R","B",null,"M","$","?","M","$","E","R","E","T","M","?","$","T","M","R","B",null,"M","?","M","$","M","R","E","M","T","R","E","$","R","E","R","B",null,"R","$","E","B"],"character_chosen":"IRONCLAD","items_purchased":["Membership Card","Sling","Anchor","Spot Weakness","Ancient Tea Set","Kunai","Blood Vial","Inflame","Whetstone","Blue Candle","TheAbacus","Anger","Ornamental Fan","Impervious"],"campfire_rested":6,"item_purchase_floors":[14,19,29,29,29,38,38,38,46,46,46,46,53,53],"current_hp_per_floor":[78,62,62,61,66,58,64,42,42,67,67,72,72,72,72,48,76,70,70,70,62,62,8,33,13,13,10,10,10,10,16,41,23,88,94,94,91,91,99,99,96,59,59,89,55,55,85,93,93,35,86,103,103,20,0],"gold":41,"neow_bonus":"RANDOM_COMMON_RELIC","is_prod":false,"is_daily":false,"chose_seed":false,"campfire_upgraded":3,"win_rate":0,"timestamp":1556740263,"path_taken":["M","?","?","?","?","E","M","E","T","R","?","M","R","$","R","BOSS","M","$","?","M","$","E","R","E","T","M","?","$","?","M","R","BOSS","M","?","M","$","M","R","E","M","T","R","E","$","R","E","R","BOSS","R","$","E","BOSS"],"build_version":"2019-01-23","purchased_purges":2,"victory":false,"max_hp_per_floor":[80,80,80,80,85,85,85,85,85,85,85,85,85,85,85,85,85,85,85,85,85,85,85,85,85,85,85,85,85,85,85,85,85,103,103,103,103,103,103,103,103,103,103,103,103,103,103,103,103,103,103,103,103,103,103],"card_choices":[{"not_picked":["Sever Soul","Iron Wave"],"picked":"Infernal Blade","floor":1},{"not_picked":["Carnage","Havoc"],"picked":"Inflame","floor":4},{"not_picked":["Wild Strike","Clothesline"],"picked":"Thunderclap","floor":6},{"not_picked":["Entrench","Clothesline"],"picked":"Heavy Blade","floor":7},{"not_picked":["Hemokinesis","Berserk"],"picked":"Armaments","floor":8},{"not_picked":["Power Through","Clash"],"picked":"Heavy Blade","floor":12},{"not_picked":["Barricade","Bludgeon"],"picked":"Exhume","floor":16},{"not_picked":["Havoc+1","Body Slam"],"picked":"Pommel Strike+1","floor":18},{"not_picked":["Heavy Blade","Hemokinesis"],"picked":"Body Slam+1","floor":21},{"not_picked":["Juggernaut","Body Slam","Intimidate"],"picked":"SKIP","floor":23},{"not_picked":["Entrench","Combust"],"picked":"Demon Form","floor":25},{"not_picked":["Body Slam","Reckless Charge","True Grit"],"picked":"SKIP","floor":27},{"not_picked":["Evolve+1","Havoc"],"picked":"Cleave+1","floor":31},{"not_picked":["Barricade","Demon Form"],"picked":"Double Tap","floor":33},{"not_picked":["True Grit","Havoc","Perfected Strike"],"picked":"SKIP","floor":35},{"not_picked":["Armaments","Combust","Clash"],"picked":"SKIP","floor":37},{"not_picked":["Perfected Strike","Dual Wield+1"],"picked":"Limit Break","floor":39},{"not_picked":["Pommel Strike+1","Thunderclap+1","Wild Strike"],"picked":"SKIP","floor":41},{"not_picked":["Power Through+1","Blood for Blood","Infernal Blade"],"picked":"SKIP","floor":42},{"not_picked":["Warcry","Havoc"],"picked":"Pummel+1","floor":45},{"not_picked":["Armaments","Body Slam","Bloodletting+1"],"picked":"SKIP","floor":48},{"not_picked":["Armaments+1","Pommel Strike"],"picked":"Anger","floor":54}],"player_experience":129852,"relics_obtained":[{"floor":6,"key":"Red Skull"},{"floor":8,"key":"Matryoshka"},{"floor":9,"key":"Bag of Marbles"},{"floor":23,"key":"Juzu Bracelet"},{"floor":25,"key":"Smiling Mask"},{"floor":26,"key":"Potion Belt"},{"floor":26,"key":"Darkstone Periapt"},{"floor":30,"key":"Orichalcum"},{"floor":34,"key":"Oddly Smooth Stone"},{"floor":34,"key":"Sundial"},{"floor":34,"key":"Du-Vu Doll"},{"floor":41,"key":"Old Coin"},{"floor":43,"key":"Letter Opener"},{"floor":45,"key":"Bag of Preparation"},{"floor":48,"key":"Happy Flower"},{"floor":54,"key":"Shuriken"}],"event_choices":[{"damage_healed":0,"gold_gain":0,"player_choice":"Entered Light","damage_taken":16,"max_hp_gain":0,"max_hp_loss":0,"event_name":"Shining Light","floor":2,"gold_loss":0,"cards_upgraded":["Defend_R","Defend_R"]},{"damage_healed":0,"gold_gain":0,"player_choice":"Upgraded","damage_taken":0,"max_hp_gain":0,"max_hp_loss":0,"event_name":"Upgrade Shrine","floor":3,"gold_loss":0,"cards_upgraded":["Infernal Blade"]},{"damage_healed":0,"gold_gain":0,"player_choice":"Donut","damage_taken":0,"max_hp_gain":5,"max_hp_loss":0,"event_name":"Big Fish","floor":5,"gold_loss":0},{"damage_healed":0,"gold_gain":0,"player_choice":"Take Wound","damage_taken":0,"relics_obtained":["Golden Idol"],"max_hp_gain":0,"max_hp_loss":0,"event_name":"Golden Idol","floor":11,"gold_loss":0,"cards_obtained":["Injury"]},{"damage_healed":0,"gold_gain":0,"player_choice":"Stole Relic","damage_taken":0,"relics_obtained":["Dodecahedron"],"max_hp_gain":0,"max_hp_loss":0,"event_name":"Addict","floor":20,"gold_loss":0,"cards_obtained":["Shame"]},{"damage_healed":0,"gold_gain":0,"player_choice":"Simplicity","damage_taken":0,"max_hp_gain":0,"max_hp_loss":0,"event_name":"Back to Basics","floor":28,"gold_loss":0,"cards_upgraded":["Strike_R","Strike_R","Strike_R","Strike_R","Strike_R","Defend_R","Defend_R"]},{"cards_removed":["Cleave"],"damage_healed":0,"gold_gain":0,"player_choice":"Removed Attack","damage_taken":0,"max_hp_gain":0,"max_hp_loss":0,"event_name":"Falling","floor":36,"gold_loss":0}],"is_beta":false,"boss_relics":[{"not_picked":["Pandora\u0027s Box","Philosopher\u0027s Stone"],"picked":"Runic Dome"},{"not_picked":["Tiny House","Eternal Feather"],"picked":"Calling Bell"}],"items_purged_floors":[19,22],"is_endless":false,"potions_floor_spawned":[1,8,16,18,25,27,31,35,39,42,48],"killed_by":"The Heart","ascension_level":5}