{"gold_per_floor":[99,99,99,99,59,59,59,34,34,34,34,34,34,34,34,34,34,34,34,34,34,34,34,34,34,34,34,34,34,34,34,34,34,34,34,34,34,34,34,34,34,34,34,34,34,34,7,7,7,7,7,7,7,7,7],"floor_reached":55,"playtime":4019,"items_purged":[],"score":879,"play_id":"37a6c737-47e6-4ccb-ab53-67289d0d6848","local_time":"20190416101951","is_ascension_mode":true,"campfire_choices":[{"data":"Neutralize","floor":6,"key":"SMITH"},{"data":"Footwork","floor":15,"key":"SMITH"},{"floor":24,"key":"REST"},{"floor":27,"key":"REST"},{"floor":32,"key":"REST"},{"data":"Calculated Gamble","floor":40,"key":"SMITH"},{"data":"Burst","floor":42,"key":"SMITH"},{"floor":46,"key":"RECALL"},{"data":"Bouncing Flask","floor":49,"key":"SMITH"},{"data":"Bouncing Flask","floor":52,"key":"SMITH"}],"neow_cost":"NONE","seed_source_timestamp":3076549211330274,"circlet_count":0,"master_deck":["Defend_G","Defend_G","Defend_G","Defend_G","Defend_G","Strike_G","Strike_G","Strike_G","Survivor","Neutralize+1","Deadly Poison+1","Footwork+1","Dagger Throw","Dagger Spray","Sucker Punch","Die Die Die","Burst+1","Escape Plan","Expertise","Cloak And Dagger+1","Bouncing Flask+1","Doppelganger","Calculated Gamble+1","Endless Agony","Deflect+1","After Image","Backflip+1","Cloak And Dagger+1","Dodge and Roll+1","Acrobatics","Blur+1","Bouncing Flask+1","Poisoned Stab","Bullet Time"],"relics":["Ectoplasm","Girya","Blood Vial","Spirit Poop","Tingsha","Sozu","Strawberry","Old Coin","Snake Skull","MawBank","Runic Pyramid","Question Card","War Paint","Lantern"],"potions_floor_usage":[13,23],"damage_taken":[{"damage":0,"enemies":"2 Louse","floor":1,"turns":2},{"damage":57,"enemies":"3 Sentries","floor":7,"turns":17},{"damage":0,"enemies":"Small Slimes","floor":10,"turns":3},{"damage":1,"enemies":"Cultist","floor":13,"turns":3},{"damage":12,"enemies":"Gremlin Nob","floor":14,"turns":5},{"damage":12,"enemies":"Hexaghost","floor":16,"turns":12},{"damage":20,"enemies":"Spheric Guardian","floor":18,"turns":4},{"damage":7,"enemies":"Shell Parasite","floor":19,"turns":5},{"damage":28,"enemies":"Sentry and Sphere","floor":20,"turns":8},{"damage":15,"enemies":"3 Cultists","floor":22,"turns":5},{"damage":27,"enemies":"Slavers","floor":23,"turns":6},{"damage":8,"enemies":"Book of Stabbing","floor":25,"turns":5},{"damage":41,"enemies":"Slavers","floor":29,"turns":8},{"damage":11,"enemies":"Snake Plant","floor":30,"turns":3},{"damage":9,"enemies":"Automaton","floor":33,"turns":10},{"damage":10,"enemies":"3 Darklings","floor":35,"turns":6},{"damage":4,"enemies":"Orb Walker","floor":37,"turns":4},{"damage":0,"enemies":"Maw","floor":39,"turns":7},{"damage":0,"enemies":"Reptomancer","floor":41,"turns":9},{"damage":4,"enemies":"Giant Head","floor":44,"turns":8},{"damage":12,"enemies":"Jaw Worm Horde","floor":45,"turns":6},{"damage":14,"enemies":"Awakened One","floor":50,"turns":17},{"damage":0,"enemies":"Shield and Spear","floor":54,"turns":11},{"damage":87,"enemies":"The Heart","floor":55,"turns":11}],"seed_played":"3639042715638187115","potions_obtained":[{"floor":7,"key":"Regen Potion"},{"floor":13,"key":"Fruit Juice"}],"is_trial":false,"path_per_floor":["M","?","?","?","?","R","E","$","T","M","?","?","M","E","R","B",null,"M","M","M","?","M","E","R","E","T","R","$","E","M","?","R","B",null,"M","?","M","$","M","R","E","R","T","E","M","R","$","?","R","B",null,"R","$","E","B"],"character_chosen":"THE_SILENT","items_purchased":["Dagger Throw","Poisoned Stab"],"campfire_rested":3,"item_purchase_floors":[8,47],"current_hp_per_floor":[70,70,75,75,75,75,18,18,18,20,20,20,26,16,16,6,80,60,55,29,29,16,13,39,33,33,59,59,20,11,11,37,30,87,77,77,75,75,77,77,79,79,79,77,67,67,67,67,67,55,83,83,83,83,0],"gold":7,"neow_bonus":"BOSS_RELIC","is_prod":false,"is_daily":false,"chose_seed":false,"campfire_upgraded":6,"win_rate":0,"timestamp":1555424391,"path_taken":["M","?","?","?","?","R","E","$","T","M","?","?","M","E","R","BOSS","M","?","?","?","?","E","R","E","T","R","$","E","M","?","R","BOSS","M","?","M","$","?","R","E","R","T","E","M","R","?","?","R","BOSS","R","$","E","BOSS"],"build_version":"2019-04-04","purchased_purges":0,"victory":false,"max_hp_per_floor":[70,70,75,75,75,75,75,75,75,75,75,75,80,80,80,80,80,80,80,80,80,80,87,87,87,87,87,87,87,87,87,87,87,87,87,87,87,87,87,87,87,87,87,87,87,87,87,83,83,83,83,83,83,83,83],"card_choices":[{"not_picked":["Outmaneuver","Dagger Throw"],"picked":"Deadly Poison","floor":1},{"not_picked":["Eviscerate","Terror"],"picked":"Footwork","floor":7},{"not_picked":["Prepared","Wraith Form v2"],"picked":"Dagger Spray","floor":10},{"not_picked":["Dodge and Roll","Flechettes"],"picked":"Sucker Punch","floor":13},{"not_picked":["Masterful Stab","Sucker Punch"],"picked":"Die Die Die","floor":14},{"not_picked":["Envenom","Night Terror"],"picked":"Burst","floor":16},{"not_picked":["Distraction","Slice"],"picked":"Escape Plan","floor":18},{"not_picked":["Prepared","Dagger Spray","Tactician"],"picked":"SKIP","floor":19},{"not_picked":["Prepared","Masterful Stab"],"picked":"Expertise","floor":20},{"not_picked":["Finisher","Slice+1"],"picked":"Cloak And Dagger+1","floor":22},{"not_picked":["Slice","Flechettes"],"picked":"Bouncing Flask","floor":23},{"not_picked":["Tactician","All Out Attack"],"picked":"Doppelganger","floor":25},{"not_picked":["Tactician","Backstab"],"picked":"Calculated Gamble","floor":29},{"not_picked":["Blade Dance","Underhanded Strike","Bane"],"picked":"SKIP","floor":30},{"not_picked":["Bullet Time","Die Die Die"],"picked":"After Image","floor":33},{"not_picked":["PiercingWail","Dagger Throw"],"picked":"Backflip","floor":35},{"not_picked":["Outmaneuver","Bane+1"],"picked":"Cloak And Dagger+1","floor":37},{"not_picked":["Skewer+1","Backstab+1"],"picked":"Dodge and Roll+1","floor":39},{"not_picked":["Underhanded Strike+1","Well Laid Plans"],"picked":"Acrobatics","floor":41},{"not_picked":["Choke+1","Bane+1","Flying Knee+1"],"picked":"Blur+1","floor":44},{"not_picked":["Tactician+1","Deflect","Cloak And Dagger"],"picked":"Bouncing Flask","floor":45},{"not_picked":["Flechettes","Slice+1","Predator"],"picked":"Bullet Time","floor":54}],"player_experience":5357080,"relics_obtained":[{"floor":7,"key":"Girya"},{"floor":9,"key":"Blood Vial"},{"floor":14,"key":"Tingsha"},{"floor":23,"key":"Strawberry"},{"floor":25,"key":"Old Coin"},{"floor":26,"key":"Snake Skull"},{"floor":29,"key":"MawBank"},{"floor":41,"key":"Question Card"},{"floor":44,"key":"War Paint"},{"floor":54,"key":"Lantern"}],"event_choices":[{"damage_healed":0,"gold_gain":0,"player_choice":"Grow","damage_taken":0,"max_hp_gain":0,"max_hp_loss":0,"event_name":"Living Wall","floor":2,"gold_loss":0,"cards_upgraded":["Deadly Poison"]},{"damage_healed":0,"gold_gain":0,"player_choice":"Donut","damage_taken":0,"max_hp_gain":5,"max_hp_loss":0,"event_name":"Big Fish","floor":3,"gold_loss":0},{"damage_healed":0,"gold_gain":175,"player_choice":"AGREE","damage_taken":0,"max_hp_gain":0,"max_hp_loss":0,"event_name":"Liars Game","floor":4,"gold_loss":0,"cards_obtained":["Doubt"]},{"damage_healed":0,"gold_gain":0,"player_choice":"Left Gold","damage_taken":0,"max_hp_gain":0,"max_hp_loss":0,"event_name":"World of Goop","floor":5,"gold_loss":40},{"damage_healed":0,"gold_gain":0,"player_choice":"Ignored","damage_taken":0,"max_hp_gain":0,"max_hp_loss":0,"event_name":"Golden Idol","floor":11,"gold_loss":0},{"cards_removed":["Doubt"],"damage_healed":0,"gold_gain":0,"player_choice":"Offered Curse","damage_taken":0,"relics_obtained":["Spirit Poop"],"max_hp_gain":0,"max_hp_loss":0,"event_name":"Bonfire Elementals","floor":12,"gold_loss":0},{"damage_healed":0,"gold_gain":200,"player_choice":"Gold","damage_taken":0,"max_hp_gain":0,"max_hp_loss":0,"event_name":"Wheel of Change","floor":21,"gold_loss":0},{"damage_healed":0,"gold_gain":0,"cards_transformed":["Strike_G","Strike_G"],"player_choice":"Became Test Subject","damage_taken":0,"max_hp_gain":0,"max_hp_loss":0,"event_name":"Drug Dealer","floor":31,"gold_loss":0,"cards_obtained":["Endless Agony","Deflect"]},{"damage_healed":0,"gold_gain":0,"player_choice":"Got Potions","damage_taken":0,"max_hp_gain":0,"max_hp_loss":0,"event_name":"Lab","floor":36,"gold_loss":0},{"damage_healed":0,"gold_gain":0,"player_choice":"Max HP","damage_taken":0,"max_hp_gain":0,"max_hp_loss":4,"event_name":"Winding Halls","floor":48,"gold_loss":0}],"is_beta":true,"boss_relics":[{"not_picked":["Fusion Hammer","Busted Crown"],"picked":"Sozu"},{"not_picked":["Snecko Eye","Coffee Dripper"],"picked":"Runic Pyramid"}],"items_purged_floors":[],"is_endless":false,"potions_floor_spawned":[7,13,18,22,25,29,30,35,39,45],"killed_by":"The Heart","ascension_level":1}