{"gold_per_floor":[218,229,248,9,9,9,28,28,28,28,28,28,48,81,81,181,181,197,112,131,150,75,75,108,8,8,8,20,32,32,50,50,50],"floor_reached":33,"playtime":1060,"items_purged":["Strike_B","Defend_B"],"score":292,"play_id":"634fcbf1-492b-4228-9179-907cfd266d27","local_time":"20190507093625","is_ascension_mode":false,"campfire_choices":[{"data":"Zap","floor":6,"key":"SMITH"},{"data":"Loop","floor":8,"key":"SMITH"},{"data":"Darkness","floor":10,"key":"SMITH"},{"data":"Hologram","floor":12,"key":"SMITH"},{"data":"Loop","floor":15,"key":"SMITH"},{"data":"Defragment","floor":23,"key":"SMITH"},{"floor":27,"key":"REST"},{"data":"Recycle","floor":30,"key":"SMITH"},{"data":"Hello World","floor":32,"key":"SMITH"}],"neow_cost":"NONE","seed_source_timestamp":8112417736257,"circlet_count":0,"master_deck":["Strike_B","Strike_B","Defend_B","Defend_B","Zap+1","Dualcast","Loop+1","Hologram+1","Rebound","Loop+1","Ball Lightning","Darkness+1","Machine Learning","Defragment+1","Leap+1","Sweeping Beam","Recycle+1","Cold Snap+1","Hello World+1"],"relics":["Cracked Core","Anchor","Meat on the Bone","Sozu","Thread and Needle","Letter Opener","Ice Cream"],"potions_floor_usage":[16,33],"damage_taken":[{"damage":10,"enemies":"2 Louse","floor":1,"turns":3},{"damage":6,"enemies":"Jaw Worm","floor":2,"turns":3},{"damage":0,"enemies":"Cultist","floor":3,"turns":4},{"damage":1,"enemies":"Exordium Wildlife","floor":7,"turns":3},{"damage":2,"enemies":"Blue Slaver","floor":13,"turns":3},{"damage":8,"enemies":"Lagavulin","floor":14,"turns":4},{"damage":14,"enemies":"Hexaghost","floor":16,"turns":5},{"damage":20,"enemies":"3 Byrds","floor":18,"turns":5},{"damage":0,"enemies":"Chosen","floor":20,"turns":3},{"damage":14,"enemies":"Snake Plant","floor":21,"turns":3},{"damage":35,"enemies":"Gremlin Leader","floor":24,"turns":5},{"damage":4,"enemies":"Shelled Parasite and Fungi","floor":28,"turns":4},{"damage":10,"enemies":"Centurion and Healer","floor":29,"turns":4},{"damage":6,"enemies":"Snecko","floor":31,"turns":5},{"damage":45,"enemies":"Collector","floor":33,"turns":8}],"seed_played":"-7908259889948052871","potions_obtained":[{"floor":2,"key":"Block Potion"},{"floor":3,"key":"Strength Potion"},{"floor":13,"key":"Swift Potion"}],"is_trial":false,"path_per_floor":["M","M","M","$","?","R","M","R","T","R","?","R","M","E","R","B",null,"M","?","M","M","?","R","E","$","T","R","M","M","R","M","R","B"],"character_chosen":"DEFECT","items_purchased":["Loop","Ball Lightning","Darkness"],"campfire_rested":1,"item_purchase_floors":[4,4,4],"current_hp_per_floor":[65,59,59,59,59,59,58,58,58,58,51,51,49,41,41,39,75,55,55,55,41,41,41,18,18,18,40,48,38,38,44,44,0],"gold":50,"neow_bonus":"HUNDRED_GOLD","is_prod":false,"is_daily":false,"chose_seed":false,"campfire_upgraded":8,"win_rate":0,"timestamp":1557243385,"path_taken":["M","M","M","$","?","R","M","R","T","R","?","R","M","E","R","BOSS","M","?","M","M","?","R","E","$","T","R","M","M","R","M","R","BOSS"],"build_version":"2019-01-23","purchased_purges":2,"victory":false,"max_hp_per_floor":[75,75,75,75,75,75,75,75,75,75,75,75,75,75,75,75,75,75,75,75,75,75,75,75,75,75,75,75,75,75,75,75,75],"card_choices":[{"not_picked":["Conserve Battery","BootSequence"],"picked":"Loop","floor":1},{"not_picked":["Auto Shields","Compile Driver"],"picked":"Hologram","floor":2},{"not_picked":["Self Repair","Go for the Eyes"],"picked":"Rebound","floor":3},{"not_picked":["Go for the Eyes","Sunder","Beam Cell"],"picked":"SKIP","floor":7},{"not_picked":["Compile Driver","Storm","Rebound"],"picked":"SKIP","floor":13},{"not_picked":["Stack","Steam","FTL"],"picked":"SKIP","floor":14},{"not_picked":["Thunder Strike","Seek"],"picked":"Machine Learning","floor":16},{"not_picked":["Ball Lightning","Blizzard+1"],"picked":"Defragment","floor":18},{"not_picked":["Cold Snap","Rebound","Beam Cell"],"picked":"SKIP","floor":20},{"not_picked":["Force Field+1","Streamline"],"picked":"Leap+1","floor":21},{"not_picked":["Chaos","Steam Power"],"picked":"Sweeping Beam","floor":24},{"not_picked":["Gash","FTL+1"],"picked":"Recycle","floor":28},{"not_picked":["Cold Snap+1","Meteor Strike","Go for the Eyes"],"picked":"SKIP","floor":29},{"not_picked":["Meteor Strike","Go for the Eyes"],"picked":"Cold Snap+1","floor":29},{"not_picked":["Conserve Battery","Hologram"],"picked":"Hello World","floor":31}],"player_experience":1376127,"relics_obtained":[{"floor":9,"key":"Anchor"},{"floor":14,"key":"Meat on the Bone"},{"floor":24,"key":"Letter Opener"},{"floor":26,"key":"Ice Cream"}],"event_choices":[{"damage_healed":0,"gold_gain":0,"player_choice":"Leave","damage_taken":0,"max_hp_gain":0,"max_hp_loss":0,"event_name":"The Cleric","floor":5,"gold_loss":0},{"cards_removed":["Strike_B"],"damage_healed":0,"gold_gain":0,"player_choice":"Card Removal","damage_taken":7,"max_hp_gain":0,"max_hp_loss":0,"event_name":"Golden Wing","floor":11,"gold_loss":0},{"damage_healed":0,"gold_gain":0,"player_choice":"Obtained Relic","damage_taken":0,"relics_obtained":["Thread and Needle"],"max_hp_gain":0,"max_hp_loss":0,"event_name":"Addict","floor":19,"gold_loss":85},{"cards_removed":["Defend_B"],"damage_healed":0,"gold_gain":0,"player_choice":"Gave Gold","damage_taken":0,"max_hp_gain":0,"max_hp_loss":0,"event_name":"Beggar","floor":22,"gold_loss":75}],"is_beta":false,"boss_relics":[{"not_picked":["Tiny House","Runic Pyramid"],"picked":"Sozu"}],"items_purged_floors":[4,25],"is_endless":false,"potions_floor_spawned":[2,3,13,18,28,29,31],"killed_by":"Collector","ascension_level":0}