{"gold_per_floor":[114,114,130,130,106,106,140,140,140,167,186,197,197,216,216,313,313,332,22,22,121,121,121,134,134,158,158,178,208,208],"floor_reached":30,"playtime":764,"items_purged":["Regret"],"score":379,"play_id":"0e9dc4a3-ffe1-45e4-b013-9ff731bf831d","local_time":"20190204190923","is_ascension_mode":true,"campfire_choices":[{"data":"Neutralize","floor":6,"key":"SMITH"},{"data":"Envenom","floor":13,"key":"SMITH"},{"floor":15,"key":"REST"},{"floor":23,"key":"REST"},{"floor":25,"key":"REST"},{"floor":27,"key":"REST"}],"neow_cost":"NONE","seed_source_timestamp":498095616940718,"circlet_count":0,"master_deck":["Defend_G","Defend_G","Defend_G","Defend_G","Defend_G","Strike_G","Strike_G","Strike_G","Strike_G","Strike_G","Survivor+1","Neutralize+1","Slice","Slice","Slice","Noxious Fumes","Envenom+1","Backflip","Footwork","A Thousand Cuts","Blade Dance","Die Die Die","Escape Plan","Adrenaline","Dodge and Roll+1","Blade Dance","Dodge and Roll+1"],"relics":["Ring of the Snake","NeowsBlessing","WingedGreaves","Question Card","Dodecahedron","Calling Bell","Dream Catcher","Shuriken","Torii","Thread and Needle","Lantern","Bag of Preparation"],"potions_floor_usage":[10,24,29,29],"damage_taken":[{"damage":0,"enemies":"Jaw Worm","floor":1,"turns":1},{"damage":0,"enemies":"Cultist","floor":3,"turns":1},{"damage":0,"enemies":"Gremlin Nob","floor":7,"turns":1},{"damage":28,"enemies":"Lagavulin","floor":10,"turns":9},{"damage":4,"enemies":"Small Slimes","floor":11,"turns":4},{"damage":1,"enemies":"Looter","floor":12,"turns":4},{"damage":0,"enemies":"Blue Slaver","floor":14,"turns":4},{"damage":44,"enemies":"Hexaghost","floor":16,"turns":10},{"damage":50,"enemies":"3 Byrds","floor":18,"turns":6},{"damage":0,"enemies":"Chosen","floor":24,"turns":6},{"damage":32,"enemies":"3 Cultists","floor":28,"turns":6},{"damage":13,"enemies":"Book of Stabbing","floor":29,"turns":7},{"damage":24,"enemies":"Snake Plant","floor":30,"turns":6}],"seed_played":"-7883495847490202760","potions_obtained":[{"floor":3,"key":"Block Potion"},{"floor":11,"key":"SpeedPotion"},{"floor":16,"key":"GhostInAJar"},{"floor":24,"key":"Swift Potion"},{"floor":29,"key":"GhostInAJar"}],"is_trial":false,"path_per_floor":["M","?","M","T","$","R","E","?","T","E","M","M","R","M","R","B",null,"M","$","?","?","?","R","M","R","T","R","M","E","M"],"character_chosen":"THE_SILENT","items_purchased":["Slice","Die Die Die","Escape Plan"],"campfire_rested":4,"item_purchase_floors":[5,19,19],"current_hp_per_floor":[63,70,70,70,70,70,70,70,70,42,38,37,37,37,58,14,56,6,6,6,6,6,27,27,48,48,69,37,24,0],"gold":208,"neow_bonus":"THREE_ENEMY_KILL","is_prod":false,"is_daily":false,"chose_seed":false,"campfire_upgraded":2,"win_rate":0,"timestamp":1549318163,"path_taken":["M","?","?","?","$","R","E","?","T","E","M","M","R","M","R","BOSS","M","$","?","?","?","R","M","R","T","R","M","E","M"],"build_version":"2019-01-23","purchased_purges":1,"victory":false,"max_hp_per_floor":[70,70,70,70,70,70,70,70,70,70,70,70,70,70,70,70,70,70,70,70,70,70,70,70,70,70,70,70,70,70],"card_choices":[{"not_picked":["Flying Knee","Sucker Punch"],"picked":"Flechettes","floor":1},{"not_picked":["Endless Agony","Bane"],"picked":"Slice","floor":3},{"not_picked":["Well Laid Plans","Backflip"],"picked":"Slice","floor":7},{"not_picked":["Cloak And Dagger","Dagger Throw","Blade Dance"],"picked":"Noxious Fumes","floor":10},{"not_picked":["Infinite Blades","Choke","Deflect"],"picked":"Envenom","floor":11},{"not_picked":["Quick Slash","Catalyst","Underhanded Strike"],"picked":"Backflip","floor":12},{"not_picked":["Skewer","Accuracy","Dodge and Roll"],"picked":"Footwork","floor":14},{"not_picked":["Tools of the Trade","Malaise","Glass Knife"],"picked":"A Thousand Cuts","floor":16},{"not_picked":["Quick Slash","Underhanded Strike","Backflip"],"picked":"Blade Dance","floor":18},{"not_picked":["Deadly Poison","Setup","Outmaneuver+1"],"picked":"Adrenaline","floor":23},{"not_picked":["Concentrate","Underhanded Strike","Dagger Throw"],"picked":"Dodge and Roll+1","floor":24},{"not_picked":["Dagger Spray","Expertise","Terror"],"picked":"Blade Dance","floor":27},{"not_picked":["Expertise+1","Dagger Spray+1","Outmaneuver","Sucker Punch"],"picked":"SKIP","floor":28},{"not_picked":["Deflect","Heel Hook","Malaise"],"picked":"Dodge and Roll+1","floor":29}],"player_experience":716651,"relics_obtained":[{"floor":7,"key":"WingedGreaves"},{"floor":9,"key":"Question Card"},{"floor":10,"key":"Dodecahedron"},{"floor":17,"key":"Dream Catcher"},{"floor":17,"key":"Shuriken"},{"floor":17,"key":"Torii"},{"floor":26,"key":"Lantern"},{"floor":29,"key":"Bag of Preparation"}],"event_choices":[{"cards_removed":["Flechettes"],"damage_healed":7,"gold_gain":0,"player_choice":"Offered Uncommon","damage_taken":0,"max_hp_gain":0,"max_hp_loss":0,"event_name":"Bonfire Elementals","floor":2,"gold_loss":0},{"damage_healed":0,"gold_gain":0,"player_choice":"Grow","damage_taken":0,"max_hp_gain":0,"max_hp_loss":0,"event_name":"Living Wall","floor":8,"gold_loss":0,"cards_upgraded":["Survivor"]},{"damage_healed":0,"gold_gain":0,"player_choice":"Opened","damage_taken":0,"relics_obtained":["Thread and Needle"],"max_hp_gain":0,"max_hp_loss":0,"event_name":"The Mausoleum","floor":20,"gold_loss":0,"cards_obtained":["Writhe"]},{"damage_healed":0,"gold_gain":99,"player_choice":"Stole From Cult","damage_taken":0,"max_hp_gain":0,"max_hp_loss":0,"event_name":"Nest","floor":21,"gold_loss":0},{"cards_removed":["Writhe","Doubt","Doubt"],"damage_healed":0,"gold_gain":0,"player_choice":"Removed Curses","damage_taken":0,"max_hp_gain":0,"max_hp_loss":0,"event_name":"Fountain of Cleansing","floor":22,"gold_loss":0}],"is_beta":false,"boss_relics":[{"not_picked":["Coffee Dripper","Snecko Eye"],"picked":"Calling Bell"}],"items_purged_floors":[19],"is_endless":false,"potions_floor_spawned":[3,11,16,24,29],"killed_by":"Snake Plant","ascension_level":7}