{"gold_per_floor":[216,216,226,226,252,279,279,304,304,18,38,38,48,48,48,145,145,157,157,122,122,140,140,140],"floor_reached":24,"playtime":866,"items_purged":[],"score":224,"play_id":"e1f6d83b-e557-4796-954b-cf441da7440d","local_time":"20190418232522","is_ascension_mode":true,"campfire_choices":[{"data":"Thunderclap","floor":7,"key":"SMITH"},{"floor":15,"key":"REST"},{"floor":23,"key":"REST"}],"neow_cost":"NONE","seed_source_timestamp":600380344241100,"circlet_count":0,"master_deck":["Strike_R+1","Strike_R","Strike_R","Strike_R","Strike_R","Defend_R+1","Defend_R","Defend_R","Defend_R","Bash","Thunderclap+1","Sword Boomerang","Flex","Shrug It Off+1","Armaments","Iron Wave+1","Demon Form","Twin Strike+1","Exhume"],"relics":["Burning Blood","Vajra","Oddly Smooth Stone","Question Card","Molten Egg 2","Girya","Black Star"],"potions_floor_usage":[6,16,16,16,18],"damage_taken":[{"damage":9,"enemies":"Jaw Worm","floor":1,"turns":5},{"damage":3,"enemies":"2 Louse","floor":3,"turns":2},{"damage":21,"enemies":"3 Sentries","floor":6,"turns":7},{"damage":14,"enemies":"Gremlin Nob","floor":8,"turns":3},{"damage":0,"enemies":"Cultist","floor":11,"turns":3},{"damage":8,"enemies":"Red Slaver","floor":13,"turns":3},{"damage":14,"enemies":"The Guardian","floor":16,"turns":8},{"damage":30,"enemies":"3 Byrds","floor":18,"turns":6},{"damage":35,"enemies":"2 Thieves","floor":20,"turns":5},{"damage":18,"enemies":"Snecko","floor":22,"turns":4},{"damage":45,"enemies":"Slavers","floor":24,"turns":5}],"seed_played":"7530640100740564563","potions_obtained":[{"floor":1,"key":"SkillPotion"},{"floor":3,"key":"PowerPotion"},{"floor":6,"key":"GamblersBrew"},{"floor":11,"key":"Block Potion"},{"floor":16,"key":"Fire Potion"},{"floor":22,"key":"SteroidPotion"}],"is_trial":false,"path_per_floor":["M","?","M","?","T","E","R","E","T","$","M","$","M","$","R","B",null,"M","?","M","$","M","R","E"],"character_chosen":"IRONCLAD","items_purchased":["Girya"],"campfire_rested":2,"item_purchase_floors":[10],"current_hp_per_floor":[77,61,64,64,64,49,49,41,41,41,47,47,45,45,69,61,80,56,56,27,27,15,39,0],"gold":140,"neow_bonus":"HUNDRED_GOLD","is_prod":false,"is_daily":false,"chose_seed":false,"campfire_upgraded":1,"win_rate":0,"timestamp":1555644322,"path_taken":["M","?","M","?","?","E","R","E","T","$","M","$","M","?","R","BOSS","M","?","?","?","M","R","E"],"build_version":"2019-01-23","purchased_purges":0,"victory":false,"max_hp_per_floor":[80,80,80,80,80,80,80,80,80,80,80,80,80,80,80,80,80,80,80,80,80,80,80,80],"card_choices":[{"not_picked":["Shockwave","Wild Strike"],"picked":"Thunderclap","floor":1},{"not_picked":["Carnage","Power Through"],"picked":"Sword Boomerang","floor":3},{"not_picked":["Warcry","True Grit"],"picked":"Flex","floor":6},{"not_picked":["Bloodletting","Exhume"],"picked":"Shrug It Off","floor":8},{"not_picked":["Warcry","Shrug It Off","Bloodletting"],"picked":"Armaments","floor":11},{"not_picked":["Wild Strike+1","Uppercut+1","Headbutt+1"],"picked":"Iron Wave+1","floor":13},{"not_picked":["Impervious","Offering","Dark Embrace"],"picked":"Demon Form","floor":16},{"not_picked":["Dual Wield","Body Slam+1","Disarm","Flex"],"picked":"SKIP","floor":18},{"not_picked":["Shrug It Off","Iron Wave+1","True Grit"],"picked":"Twin Strike+1","floor":20},{"not_picked":["True Grit","Thunderclap+1","Headbutt+1"],"picked":"Exhume","floor":22}],"player_experience":106015,"relics_obtained":[{"floor":5,"key":"Vajra"},{"floor":6,"key":"Oddly Smooth Stone"},{"floor":8,"key":"Question Card"},{"floor":9,"key":"Molten Egg 2"}],"event_choices":[{"damage_healed":0,"gold_gain":0,"player_choice":"Entered Light","damage_taken":16,"max_hp_gain":0,"max_hp_loss":0,"event_name":"Shining Light","floor":2,"gold_loss":0,"cards_upgraded":["Strike_R","Defend_R"]},{"damage_healed":0,"gold_gain":0,"player_choice":"Ignored","damage_taken":0,"max_hp_gain":0,"max_hp_loss":0,"event_name":"Liars Game","floor":4,"gold_loss":0},{"damage_healed":0,"gold_gain":0,"player_choice":"Forge","damage_taken":0,"max_hp_gain":0,"max_hp_loss":0,"event_name":"Accursed Blacksmith","floor":19,"gold_loss":0,"cards_upgraded":["Shrug It Off"]}],"is_beta":false,"boss_relics":[{"not_picked":["Calling Bell","Tiny House"],"picked":"Black Star"}],"items_purged_floors":[],"is_endless":false,"potions_floor_spawned":[1,3,6,11,16,22],"killed_by":"Slavers","ascension_level":2}