{"gold_per_floor":[112,112,112,168,191,191,205,205,255,295,295,311,342,365,365,365],"floor_reached":16,"playtime":721,"items_purged":[],"score":184,"play_id":"97aa218e-6268-4c4a-a77a-d0c0f1abc99e","local_time":"20190405223104","is_ascension_mode":true,"campfire_choices":[{"data":"Bash","floor":6,"key":"SMITH"},{"data":"Inflame","floor":8,"key":"SMITH"},{"floor":11,"key":"REST"},{"data":"Immolate","floor":15,"key":"SMITH"}],"neow_cost":"NONE","seed_source_timestamp":383623532591781,"circlet_count":0,"master_deck":["AscendersBane","Strike_R+1","Strike_R","Strike_R","Strike_R+1","Defend_R","Defend_R","Defend_R","Defend_R","Bash+1","Iron Wave","Inflame+1","True Grit","Heavy Blade","Immolate+1","Battle Trance"],"relics":["Burning Blood","Whetstone","Golden Idol","Tiny Chest","Strawberry","Happy Flower","Frozen Egg 2"],"potions_floor_usage":[13,16],"damage_taken":[{"damage":2,"enemies":"Jaw Worm","floor":1,"turns":3},{"damage":10,"enemies":"2 Louse","floor":7,"turns":3},{"damage":35,"enemies":"3 Sentries","floor":10,"turns":8},{"damage":1,"enemies":"Cultist","floor":12,"turns":3},{"damage":19,"enemies":"Lagavulin","floor":13,"turns":5},{"damage":0,"enemies":"Looter","floor":14,"turns":2},{"damage":46,"enemies":"Hexaghost","floor":16,"turns":9}],"seed_played":"-3549860726051834779","potions_obtained":[{"floor":1,"key":"Dexterity Potion"},{"floor":14,"key":"Block Potion"}],"is_trial":false,"path_per_floor":["M","?","?","T","T","R","M","R","T","E","R","M","E","M","R","B"],"character_chosen":"IRONCLAD","items_purchased":[],"campfire_rested":1,"item_purchase_floors":[],"current_hp_per_floor":[72,54,47,47,54,54,50,50,50,21,45,50,37,43,43,0],"gold":365,"neow_bonus":"RANDOM_COMMON_RELIC","is_prod":false,"is_daily":false,"chose_seed":false,"campfire_upgraded":3,"win_rate":0,"timestamp":1554514264,"path_taken":["M","?","?","?","?","R","M","R","T","E","R","?","E","M","R","BOSS"],"build_version":"2019-01-23","purchased_purges":0,"victory":false,"max_hp_per_floor":[75,75,75,75,82,82,82,82,82,82,82,82,82,82,82,82],"card_choices":[{"not_picked":["Combust","Pommel Strike"],"picked":"Iron Wave","floor":1},{"not_picked":["Feel No Pain","True Grit"],"picked":"Inflame","floor":7},{"not_picked":["Heavy Blade","Perfected Strike"],"picked":"True Grit","floor":10},{"not_picked":["Reckless Charge","Second Wind"],"picked":"Heavy Blade","floor":12},{"not_picked":["Armaments","Cleave"],"picked":"Immolate","floor":13},{"not_picked":["Thunderclap","Shrug It Off"],"picked":"Battle Trance","floor":14}],"player_experience":1042333,"relics_obtained":[{"floor":4,"key":"Tiny Chest"},{"floor":5,"key":"Strawberry"},{"floor":10,"key":"Happy Flower"},{"floor":13,"key":"Frozen Egg 2"}],"event_choices":[{"damage_healed":0,"gold_gain":0,"player_choice":"Take Damage","damage_taken":18,"relics_obtained":["Golden Idol"],"max_hp_gain":0,"max_hp_loss":0,"event_name":"Golden Idol","floor":2,"gold_loss":0},{"cards_removed":["Strike_R"],"damage_healed":0,"gold_gain":0,"player_choice":"Card Removal","damage_taken":7,"max_hp_gain":0,"max_hp_loss":0,"event_name":"Golden Wing","floor":3,"gold_loss":0}],"is_beta":false,"boss_relics":[],"items_purged_floors":[],"is_endless":false,"potions_floor_spawned":[1,14],"killed_by":"Hexaghost","ascension_level":14}