{"gold_per_floor":[117,130,50,50,67,96,96,106,129,129,129,129,163,173,173,272,272,287,52,71,71,71,87,87],"floor_reached":24,"playtime":1062,"items_purged":["Pain"],"score":237,"play_id":"5b295169-dde0-44f6-8e5e-500467c19e42","local_time":"20190515074941","is_ascension_mode":true,"campfire_choices":[{"floor":7,"key":"REST"},{"data":"Caltrops","floor":10,"key":"SMITH"},{"data":"Neutralize","floor":12,"key":"SMITH"},{"floor":15,"key":"REST"}],"neow_cost":"NONE","seed_source_timestamp":571662059314500,"circlet_count":0,"master_deck":["Defend_G","Defend_G","Defend_G","Defend_G","Defend_G","Strike_G","Strike_G","Strike_G","Survivor","Neutralize+1","Slice","Acrobatics","Caltrops+1","Dodge and Roll","Well Laid Plans","Flying Knee","Caltrops","Cloak And Dagger","Die Die Die","Footwork","Dark Shackles","Endless Agony","Flying Knee","RitualDagger","Dodge and Roll"],"relics":["Ring of the Snake","WarpedTongs","Snake Skull","GremlinMask","Potion Belt","Sozu"],"potions_floor_usage":[13,16,24],"damage_taken":[{"damage":0,"enemies":"Small Slimes","floor":1,"turns":4},{"damage":1,"enemies":"Cultist","floor":2,"turns":5},{"damage":7,"enemies":"Jaw Worm","floor":5,"turns":5},{"damage":16,"enemies":"Lagavulin","floor":6,"turns":11},{"damage":23,"enemies":"Exordium Thugs","floor":8,"turns":8},{"damage":18,"enemies":"Gremlin Nob","floor":13,"turns":5},{"damage":11,"enemies":"3 Louse","floor":14,"turns":4},{"damage":30,"enemies":"Slime Boss","floor":16,"turns":10},{"damage":4,"enemies":"3 Byrds","floor":18,"turns":4},{"damage":21,"enemies":"2 Thieves","floor":20,"turns":5},{"damage":34,"enemies":"Snake Plant","floor":23,"turns":5},{"damage":7,"enemies":"Book of Stabbing","floor":24,"turns":3}],"seed_played":"-3075765319019857647","potions_obtained":[{"floor":1,"key":"PowerPotion"},{"floor":5,"key":"AttackPotion"},{"floor":8,"key":"Energy Potion"},{"floor":14,"key":"SteroidPotion"}],"is_trial":false,"path_per_floor":["M","M","$","?","M","E","R","M","T","R","?","R","E","M","R","B",null,"M","$","M","?","?","M","E"],"character_chosen":"THE_SILENT","items_purchased":["Caltrops","Dark Shackles","Endless Agony"],"campfire_rested":2,"item_purchase_floors":[3,19,19],"current_hp_per_floor":[70,69,69,69,62,46,67,44,44,44,44,44,26,15,36,6,70,66,66,45,39,39,5,0],"gold":87,"neow_bonus":"REMOVE_CARD","is_prod":false,"is_daily":false,"chose_seed":false,"campfire_upgraded":2,"win_rate":0,"timestamp":1557920981,"path_taken":["M","M","$","?","M","E","R","?","T","R","?","R","E","M","R","BOSS","M","$","M","?","?","?","E"],"build_version":"2019-01-23","purchased_purges":1,"victory":false,"max_hp_per_floor":[70,70,70,70,70,70,70,70,70,70,70,70,70,70,70,70,70,70,70,70,70,70,70,70],"card_choices":[{"not_picked":["Tactician","PiercingWail"],"picked":"Slice","floor":1},{"not_picked":["Accuracy","Choke"],"picked":"Acrobatics","floor":2},{"not_picked":["Calculated Gamble","Night Terror"],"picked":"Dodge and Roll","floor":5},{"not_picked":["Flechettes","Setup"],"picked":"Well Laid Plans","floor":6},{"not_picked":["Backflip","Quick Slash"],"picked":"Flying Knee","floor":8},{"not_picked":["Poisoned Stab","Flying Knee"],"picked":"Caltrops","floor":13},{"not_picked":["Deadly Poison","Flying Knee"],"picked":"Cloak And Dagger","floor":14},{"not_picked":["Wraith Form v2","Grand Finale"],"picked":"Die Die Die","floor":16},{"not_picked":["Slice","PiercingWail"],"picked":"Footwork","floor":18},{"not_picked":["Bane","Catalyst"],"picked":"Flying Knee","floor":20},{"not_picked":["Slice","Endless Agony"],"picked":"Dodge and Roll","floor":23}],"player_experience":191131,"relics_obtained":[{"floor":6,"key":"Snake Skull"},{"floor":13,"key":"Potion Belt"}],"event_choices":[{"damage_healed":0,"gold_gain":0,"player_choice":"Rummage","damage_taken":0,"relics_obtained":["WarpedTongs"],"max_hp_gain":0,"max_hp_loss":0,"event_name":"Accursed Blacksmith","floor":4,"gold_loss":0,"cards_obtained":["Pain"]},{"damage_healed":0,"gold_gain":0,"player_choice":"Trade","damage_taken":0,"relics_obtained":["GremlinMask"],"max_hp_gain":0,"max_hp_loss":0,"event_name":"FaceTrader","floor":11,"gold_loss":0},{"damage_healed":0,"gold_gain":0,"player_choice":"Joined the Cult","damage_taken":6,"max_hp_gain":0,"max_hp_loss":0,"event_name":"Nest","floor":21,"gold_loss":0,"cards_obtained":["RitualDagger"]},{"cards_removed":["Strike_G"],"damage_healed":0,"gold_gain":0,"player_choice":"Purged","damage_taken":0,"max_hp_gain":0,"max_hp_loss":0,"event_name":"Purifier","floor":22,"gold_loss":0}],"is_beta":false,"boss_relics":[{"not_picked":["Orrery","Black Star"],"picked":"Sozu"}],"items_purged_floors":[19],"is_endless":false,"potions_floor_spawned":[1,5,8,14,18,23],"killed_by":"Book of Stabbing","ascension_level":3}