{"gold_per_floor":[216,216,236,14,29,59,72,102,102,102,116,131,131,145,145,242,242,254,10,22,22,32,32,50,50,50,68,79,79,93,193,193,292,292,303,403,253,268,168,168,168,181,181,198,19,19,19,38,38,38],"floor_reached":50,"playtime":1491,"items_purged":["Defend_R","Defend_R"],"score":508,"play_id":"8daf1426-1717-4cff-8a6b-6f8c04b318a7","local_time":"20190416144924","is_ascension_mode":false,"campfire_choices":[{"data":"Bash","floor":10,"key":"SMITH"},{"data":"Perfected Strike","floor":13,"key":"SMITH"},{"floor":15,"key":"REST"},{"data":"True Grit","floor":23,"key":"SMITH"},{"floor":25,"key":"REST"},{"data":"Perfected Strike","floor":29,"key":"SMITH"},{"data":"Perfected Strike","floor":32,"key":"SMITH"},{"data":"Perfected Strike","floor":40,"key":"SMITH"},{"floor":46,"key":"REST"},{"data":"Shrug It Off","floor":49,"key":"SMITH"}],"neow_cost":"NONE","seed_source_timestamp":419226766063200,"circlet_count":0,"master_deck":["Strike_R","Strike_R","Strike_R","Strike_R+1","Strike_R","Defend_R+1","Defend_R","Bash+1","Pommel Strike","Cleave","True Grit+1","Perfected Strike+1","Shrug It Off+1","Wild Strike+1","Perfected Strike+1","Shrug It Off","Shrug It Off+1","Perfected Strike+1","True Grit+1","Perfected Strike+1","Perfected Strike+1","Parasite","Shrug It Off"],"relics":["Burning Blood","Orichalcum","Bottled Flame","Mercury Hourglass","Lizard Tail","Gremlin Horn","Nloth\u0027s Gift","Boot","Philosopher\u0027s Stone","Paper Frog","Vajra"],"potions_floor_usage":[8,12,16,33,33,50,50,50],"damage_taken":[{"damage":6,"enemies":"Jaw Worm","floor":1,"turns":4},{"damage":1,"enemies":"Cultist","floor":3,"turns":3},{"damage":0,"enemies":"2 Louse","floor":5,"turns":2},{"damage":34,"enemies":"Lagavulin","floor":6,"turns":8},{"damage":7,"enemies":"Red Slaver","floor":7,"turns":3},{"damage":16,"enemies":"Gremlin Nob","floor":8,"turns":4},{"damage":3,"enemies":"Blue Slaver","floor":11,"turns":4},{"damage":10,"enemies":"Large Slime","floor":12,"turns":3},{"damage":1,"enemies":"3 Louse","floor":14,"turns":2},{"damage":23,"enemies":"Slime Boss","floor":16,"turns":9},{"damage":10,"enemies":"3 Byrds","floor":18,"turns":5},{"damage":4,"enemies":"Chosen","floor":20,"turns":3},{"damage":20,"enemies":"Snake Plant","floor":22,"turns":5},{"damage":30,"enemies":"Shelled Parasite and Fungi","floor":24,"turns":6},{"damage":6,"enemies":"Centurion and Healer","floor":27,"turns":7},{"damage":8,"enemies":"Cultist and Chosen","floor":28,"turns":6},{"damage":0,"enemies":"Snecko","floor":30,"turns":3},{"damage":105,"enemies":"Collector","floor":33,"turns":12},{"damage":0,"enemies":"3 Darklings","floor":35,"turns":3},{"damage":11,"enemies":"3 Shapes","floor":38,"turns":3},{"damage":27,"enemies":"Writhing Mass","floor":42,"turns":3},{"damage":9,"enemies":"Maw","floor":44,"turns":5},{"damage":2,"enemies":"Spire Growth","floor":48,"turns":3},{"damage":79,"enemies":"Donu and Deca","floor":50,"turns":7}],"seed_played":"-8492880026318070367","potions_obtained":[{"floor":6,"key":"PowerPotion"},{"floor":8,"key":"BloodPotion"},{"floor":14,"key":"Dexterity Potion"},{"floor":20,"key":"Strength Potion"},{"floor":28,"key":"PowerPotion"},{"floor":33,"key":"LiquidBronze"},{"floor":44,"key":"LiquidBronze"}],"is_trial":false,"path_per_floor":["M","?","M","$","M","E","M","E","T","R","M","M","R","M","R","B",null,"M","$","M","?","M","R","M","R","T","M","M","R","M","?","R","B",null,"M","?","$","M","$","R","?","M","T","M","$","R","?","M","R","B"],"character_chosen":"IRONCLAD","items_purchased":["Shrug It Off","Orichalcum","True Grit","Perfected Strike","Gremlin Horn","EssenceOfSteel","Shrug It Off","Vajra"],"campfire_rested":3,"item_purchase_floors":[4,4,4,19,19,37,45,45],"current_hp_per_floor":[80,64,69,69,75,47,46,36,36,36,39,43,43,48,72,55,80,76,76,78,78,64,64,40,64,64,64,62,62,68,68,68,12,80,80,80,80,75,75,75,75,54,54,51,51,75,75,79,79,0],"gold":38,"neow_bonus":"HUNDRED_GOLD","is_prod":false,"is_daily":false,"chose_seed":false,"campfire_upgraded":7,"win_rate":0,"timestamp":1555418964,"path_taken":["M","?","M","$","M","E","M","E","T","R","M","M","R","M","R","BOSS","M","$","M","?","M","R","M","R","T","M","?","R","M","?","R","BOSS","M","?","$","?","?","R","?","M","T","M","$","R","?","M","R","BOSS"],"build_version":"2019-01-23","purchased_purges":2,"victory":false,"max_hp_per_floor":[80,80,80,80,80,80,80,80,80,80,80,80,80,80,80,80,80,80,80,80,80,80,80,80,80,80,80,80,80,80,80,80,80,80,80,80,80,80,80,80,80,80,80,80,80,80,80,80,80,80],"card_choices":[{"not_picked":["Havoc","Warcry"],"picked":"Pommel Strike","floor":1},{"not_picked":["Sever Soul","Second Wind"],"picked":"Cleave","floor":3},{"not_picked":["Iron Wave","Anger","Metallicize"],"picked":"SKIP","floor":5},{"not_picked":["True Grit","Infernal Blade","Iron Wave"],"picked":"SKIP","floor":6},{"not_picked":["True Grit","Iron Wave"],"picked":"Perfected Strike","floor":7},{"not_picked":["Evolve","Cleave","Anger"],"picked":"SKIP","floor":8},{"not_picked":["Flex","Combust","Offering"],"picked":"SKIP","floor":11},{"not_picked":["Sword Boomerang","Cleave"],"picked":"Shrug It Off","floor":12},{"not_picked":["Inflame","Warcry","Dual Wield"],"picked":"SKIP","floor":14},{"not_picked":["Heavy Blade+1","Armaments"],"picked":"Wild Strike+1","floor":18},{"not_picked":["Rage","Hemokinesis"],"picked":"Shrug It Off","floor":20},{"not_picked":["Burning Pact","Flex","Clash"],"picked":"SKIP","floor":22},{"not_picked":["Fiend Fire","Carnage"],"picked":"Shrug It Off+1","floor":24},{"not_picked":["Dual Wield","True Grit"],"picked":"Perfected Strike","floor":27},{"not_picked":["Heavy Blade+1","Anger"],"picked":"True Grit+1","floor":28},{"not_picked":["Battle Trance","Body Slam"],"picked":"Perfected Strike","floor":30},{"not_picked":["Iron Wave","True Grit+1","Reckless Charge"],"picked":"SKIP","floor":35},{"not_picked":["Clash","True Grit"],"picked":"Perfected Strike+1","floor":38},{"not_picked":["Anger","Shockwave","Iron Wave+1"],"picked":"SKIP","floor":42},{"not_picked":["Fiend Fire","True Grit","Flex"],"picked":"SKIP","floor":44},{"not_picked":["Battle Trance","Sword Boomerang","Power Through"],"picked":"SKIP","floor":48}],"player_experience":590824,"relics_obtained":[{"floor":6,"key":"Bottled Flame"},{"floor":8,"key":"The Courier"},{"floor":9,"key":"Mercury Hourglass"},{"floor":26,"key":"Boot"},{"floor":43,"key":"Paper Frog"}],"event_choices":[{"damage_healed":0,"gold_gain":0,"player_choice":"Entered Light","damage_taken":16,"max_hp_gain":0,"max_hp_loss":0,"event_name":"Shining Light","floor":2,"gold_loss":0,"cards_upgraded":["Strike_R","Defend_R"]},{"damage_healed":0,"gold_gain":0,"player_choice":"Traded Relic","damage_taken":0,"relics_obtained":["Nloth\u0027s Gift"],"max_hp_gain":0,"max_hp_loss":0,"event_name":"N\u0027loth","floor":21,"relics_lost":["The Courier"],"gold_loss":0},{"damage_healed":0,"gold_gain":100,"player_choice":"Pray","damage_taken":0,"max_hp_gain":0,"max_hp_loss":0,"event_name":"Golden Shrine","floor":31,"gold_loss":0},{"damage_healed":0,"gold_gain":100,"player_choice":"Pray","damage_taken":0,"max_hp_gain":0,"max_hp_loss":0,"event_name":"Golden Shrine","floor":36,"gold_loss":0},{"cards_removed":["Shrug It Off"],"damage_healed":0,"gold_gain":0,"player_choice":"Removed Skill","damage_taken":0,"max_hp_gain":0,"max_hp_loss":0,"event_name":"Falling","floor":41,"gold_loss":0},{"damage_healed":0,"gold_gain":0,"player_choice":"Ignored","damage_taken":0,"max_hp_gain":0,"max_hp_loss":0,"event_name":"Mysterious Sphere","floor":47,"gold_loss":0}],"is_beta":false,"boss_relics":[{"not_picked":["White Beast Statue","Black Star"],"picked":"Lizard Tail"},{"not_picked":["Black Blood","Runic Cube"],"picked":"Philosopher\u0027s Stone"}],"items_purged_floors":[37,39],"is_endless":false,"potions_floor_spawned":[6,8,14,20,28,33,44],"killed_by":"Donu and Deca","ascension_level":0}