{"gold_per_floor":[117,117,117,129,146,174,174,194,241,241],"floor_reached":10,"playtime":616,"items_purged":[],"score":78,"play_id":"7d91ba68-2cf2-4a1a-97b7-5af0678a40e0","local_time":"20190429183333","is_ascension_mode":true,"campfire_choices":[{"floor":7,"key":"RECALL"}],"neow_cost":"NONE","seed_source_timestamp":1526688496457800,"circlet_count":0,"master_deck":["Strike_R","Strike_R","Strike_R","Strike_R","Strike_R","Defend_R","Defend_R","Defend_R","Defend_R","Bash+1","Brutality","Infernal Blade"],"relics":["Burning Blood","Art of War","Self Forming Clay","Bronze Scales"],"potions_floor_usage":[],"damage_taken":[{"damage":7,"enemies":"Small Slimes","floor":1,"turns":4},{"damage":1,"enemies":"Cultist","floor":4,"turns":3},{"damage":0,"enemies":"2 Louse","floor":5,"turns":3},{"damage":65,"enemies":"3 Sentries","floor":6,"turns":14},{"damage":10,"enemies":"Looter","floor":8,"turns":3},{"damage":17,"enemies":"Lagavulin","floor":10,"turns":4}],"seed_played":"-1744186922356640539","potions_obtained":[{"floor":1,"key":"EssenceOfSteel"},{"floor":5,"key":"Weak Potion"},{"floor":6,"key":"Poison Potion"}],"is_trial":false,"path_per_floor":["M","$","?","M","M","E","R","M","T","E"],"character_chosen":"IRONCLAD","items_purchased":[],"campfire_rested":0,"item_purchase_floors":[],"current_hp_per_floor":[79,79,79,80,80,21,21,17,17,0],"gold":241,"neow_bonus":"RANDOM_COMMON_RELIC","is_prod":false,"is_daily":false,"chose_seed":false,"campfire_upgraded":0,"win_rate":0,"timestamp":1556577213,"path_taken":["M","$","?","M","M","E","R","M","T","E"],"build_version":"2019-01-23","purchased_purges":0,"victory":false,"max_hp_per_floor":[80,80,80,80,80,80,80,80,80,80],"card_choices":[{"not_picked":["Combust","Power Through","Dual Wield"],"picked":"SKIP","floor":1},{"not_picked":["Perfected Strike","Warcry","Entrench"],"picked":"SKIP","floor":4},{"not_picked":["Perfected Strike","Warcry","Rage"],"picked":"SKIP","floor":5},{"not_picked":["Carnage","Sword Boomerang"],"picked":"Brutality","floor":6},{"not_picked":["Disarm","Headbutt"],"picked":"Infernal Blade","floor":8}],"player_experience":132433,"relics_obtained":[{"floor":6,"key":"Self Forming Clay"},{"floor":9,"key":"Bronze Scales"}],"event_choices":[{"damage_healed":0,"gold_gain":0,"player_choice":"Grow","damage_taken":0,"max_hp_gain":0,"max_hp_loss":0,"event_name":"Living Wall","floor":3,"gold_loss":0,"cards_upgraded":["Bash"]}],"is_beta":false,"boss_relics":[],"items_purged_floors":[],"is_endless":false,"potions_floor_spawned":[1,5,6],"killed_by":"Lagavulin","ascension_level":3}