{"gold_per_floor":[113,34,44,58,58,58,85,102,102,102,120,10,10,28,28,132,132,143,156,167,78,78,78,105,105,155,173,173,173,173,200,200,299,299],"floor_reached":34,"playtime":1403,"items_purged":["Strike_B"],"score":465,"play_id":"09ddef7d-f4b5-417e-8107-c5ce009daa2c","local_time":"20190511164346","is_ascension_mode":false,"campfire_choices":[{"data":"Zap","floor":6.0,"key":"SMITH"},{"data":"Go for the Eyes","floor":10.0,"key":"SMITH"},{"data":"Sweeping Beam","floor":13.0,"key":"SMITH"},{"data":"Hologram","floor":15.0,"key":"SMITH"},{"data":"Loop","floor":23.0,"key":"SMITH"},{"data":"Coolheaded","floor":28.0,"key":"SMITH"},{"data":"Biased Cognition","floor":30.0,"key":"SMITH"},{"data":"Heatsinks","floor":32.0,"key":"SMITH"}],"neow_cost":"NONE","seed_source_timestamp":0,"circlet_count":0,"master_deck":["Strike_B","Strike_B","Defend_B","Defend_B","Defend_B","Defend_B","Zap+1","Dualcast","Sweeping Beam+1","Genetic Algorithm","Hologram+1","Capacitor","Go for the Eyes+1","Conserve Battery","Chill","Biased Cognition+1","Core Surge","Self Repair","Loop+1","Heatsinks+1","Coolheaded+1","Coolheaded","Rainbow"],"special_seed":0,"relics":["Cracked Core","Ancient Tea Set","The Courier","Sozu","Gambling Chip","Smiling Mask","MutagenicStrength","Strawberry"],"potions_floor_usage":[],"damage_taken":[{"damage":0.0,"enemies":"2 Louse","floor":1.0,"turns":3.0},{"damage":0.0,"enemies":"Cultist","floor":3.0,"turns":4.0},{"damage":0.0,"enemies":"Small Slimes","floor":4.0,"turns":2.0},{"damage":30.0,"enemies":"Gremlin Nob","floor":7.0,"turns":4.0},{"damage":8.0,"enemies":"3 Louse","floor":8.0,"turns":3.0},{"damage":2.0,"enemies":"2 Fungi Beasts","floor":11.0,"turns":3.0},{"damage":3.0,"enemies":"Gremlin Gang","floor":14.0,"turns":4.0},{"damage":30.0,"enemies":"Slime Boss","floor":16.0,"turns":14.0},{"damage":8.0,"enemies":"Spheric Guardian","floor":18.0,"turns":5.0},{"damage":10.0,"enemies":"2 Thieves","floor":19.0,"turns":4.0},{"damage":13.0,"enemies":"Snake Plant","floor":20.0,"turns":5.0},{"damage":4.0,"enemies":"Gremlin Leader","floor":24.0,"turns":7.0},{"damage":6.0,"enemies":"Chosen and Byrds","floor":27.0,"turns":6.0},{"damage":0.0,"enemies":"Slavers","floor":31.0,"turns":4.0},{"damage":0.0,"enemies":"Champ","floor":33.0,"turns":12.0}],"seed_played":"6370607406996609309","potions_obtained":[{"floor":1.0,"key":"Swift Potion"},{"floor":4.0,"key":"Swift Potion"},{"floor":7.0,"key":"Fire Potion"},{"floor":11.0,"key":"FocusPotion"}],"is_trial":false,"path_per_floor":["M","$","M","M","?","R","E","M","T","R","M","$","R","M","R","B",null,"M","M","M","$","?","R","E","?","T","M","R","?","R","E","R","B",null],"character_chosen":"DEFECT","items_purchased":["Genetic Algorithm","Biased Cognition","Heatsinks"],"campfire_rested":0,"item_purchase_floors":[2,12,21],"current_hp_per_floor":[75,75,75,75,75,75,45,37,37,37,35,35,35,32,32,2,75,67,64,58,58,58,58,61,47,47,48,48,48,48,62,62,69,69],"gold":299,"neow_bonus":"REMOVE_CARD","is_prod":false,"is_daily":false,"chose_seed":false,"campfire_upgraded":8,"win_rate":0,"timestamp":1557589426,"path_taken":["M","$","M","M","?","R","E","M","T","R","?","$","R","M","R","BOSS","M","M","M","$","?","R","E","?","T","M","R","?","R","E","R","BOSS"],"build_version":"2019-05-07","purchased_purges":1,"victory":false,"max_hp_per_floor":[75,75,75,75,75,75,75,75,75,75,75,75,75,75,75,75,75,75,75,75,75,75,75,75,80,80,80,80,80,80,87,87,87,87],"card_choices":[{"not_picked":["Force Field","Fusion"],"picked":"Sweeping Beam","floor":1.0},{"not_picked":["Go for the Eyes","Compile Driver"],"picked":"Hologram","floor":3.0},{"not_picked":["Turbo","Redo"],"picked":"Capacitor","floor":4.0},{"not_picked":["Beam Cell","Steam"],"picked":"Go for the Eyes","floor":7.0},{"not_picked":["Aggregate","Chaos"],"picked":"Conserve Battery","floor":8.0},{"not_picked":["Sweeping Beam","Storm"],"picked":"Chill","floor":11.0},{"not_picked":["Hologram","Steam","Go for the Eyes"],"picked":"SKIP","floor":14.0},{"not_picked":["Meteor Strike","Reboot"],"picked":"Core Surge","floor":16.0},{"not_picked":["Stack","Conserve Battery"],"picked":"Self Repair","floor":18.0},{"not_picked":["Self Repair","Steam+1","Double Energy"],"picked":"SKIP","floor":19.0},{"not_picked":["Compile Driver","Streamline"],"picked":"Loop","floor":20.0},{"not_picked":["Auto Shields","Heatsinks"],"picked":"Coolheaded","floor":24.0},{"not_picked":["Lockon","Hello World","Recycle"],"picked":"SKIP","floor":27.0},{"not_picked":["Recycle","Gash"],"picked":"Coolheaded","floor":31.0},{"not_picked":["Hyperbeam","Creative AI"],"picked":"Rainbow","floor":33.0}],"player_experience":1374716,"relics_obtained":[{"floor":7.0,"key":"Ancient Tea Set"},{"floor":9.0,"key":"The Courier"},{"floor":24.0,"key":"Gambling Chip"},{"floor":26.0,"key":"Smiling Mask"},{"floor":31.0,"key":"Strawberry"}],"event_choices":[{"damage_healed":0.0,"max_hp_gain":0.0,"max_hp_loss":0.0,"gold_gain":0.0,"event_name":"NoteForYourself","player_choice":"Ignored","floor":5.0,"gold_loss":0.0,"damage_taken":0.0},{"damage_healed":0.0,"max_hp_gain":5.0,"max_hp_loss":0.0,"gold_gain":0.0,"event_name":"Forgotten Altar","player_choice":"Shed Blood","floor":25.0,"gold_loss":0.0,"damage_taken":19.0},{"damage_healed":0.0,"max_hp_gain":0.0,"max_hp_loss":0.0,"gold_gain":0.0,"event_name":"Drug Dealer","player_choice":"Inject Mutagens","floor":29.0,"gold_loss":0.0,"damage_taken":0.0,"relics_obtained":["MutagenicStrength"]}],"is_beta":true,"boss_relics":[{"not_picked":["Tiny House","Runic Dome"],"picked":"Sozu"}],"items_purged_floors":[21],"is_endless":false,"potions_floor_spawned":[1,4,7,11,19,20,24],"ascension_level":0}