{"gold_per_floor":[115,127,146,146,160,188,188,216,239,239,47,77,77,89,89,192,192,209,220,247,162,182,217,232,264,291,324,338,338,354,388,388,490,490,500,500,511,511,525,556,567,567,567,592,607,642,261,276,276,276,276,276,25,58,58],"floor_reached":56,"playtime":5104,"items_purged":["Strike_G"],"score":1550,"play_id":"e139297d-fd11-48e4-9fcf-d7f848e65390","local_time":"20190305201854","is_ascension_mode":true,"campfire_choices":[{"data":"Envenom","floor":10.0,"key":"SMITH"},{"data":"Well Laid Plans","floor":13.0,"key":"SMITH"},{"data":"Neutralize","floor":15.0,"key":"SMITH"},{"data":"Malaise","floor":32.0,"key":"SMITH"},{"floor":42,"key":"RECALL"},{"data":"Defend_G","floor":49,"key":"PURGE"},{"data":"Defend_G","floor":52,"key":"PURGE"}],"neow_cost":"NONE","seed_source_timestamp":0,"circlet_count":0,"master_deck":["Defend_G","Defend_G","Survivor","Neutralize+1","PiercingWail","Bouncing Flask","Deadly Poison","Envenom+1","Cloak And Dagger","Well Laid Plans+1","Masterful Stab","Backflip","Riddle With Holes","Adrenaline","Malaise+1","Backstab","Bane+1","Deflect","Glass Knife","Prepared+1","Sucker Punch","Bane","Calculated Gamble","Flechettes+1","Deflect","Acrobatics","Escape Plan","Dash","Poisoned Stab+1","Calculated Gamble","Leg Sweep","Blur","Noxious Fumes","Infinite Blades","Cloak And Dagger","Cloak And Dagger","Calculated Gamble","Prepared+1"],"special_seed":0,"relics":["Ring of the Snake","Blood Vial","Pantograph","Tough Bandages","Dream Catcher","Oddly Smooth Stone","StoneCalendar","Busted Crown","Red Mask","Lantern","Smiling Mask","Boot","Bag of Marbles","Omamori","Tingsha","Fusion Hammer","Peace Pipe","The Courier","Art of War","Torii","Turnip","Incense Burner"],"potions_floor_usage":[46,55,55],"damage_taken":[{"damage":0.0,"enemies":"2 Louse","floor":1.0,"turns":3.0},{"damage":1.0,"enemies":"Cultist","floor":2.0,"turns":5.0},{"damage":3.0,"enemies":"Jaw Worm","floor":3.0,"turns":3.0},{"damage":10.0,"enemies":"Exordium Thugs","floor":5.0,"turns":7.0},{"damage":17.0,"enemies":"3 Sentries","floor":6.0,"turns":10.0},{"damage":8.0,"enemies":"Lagavulin","floor":8.0,"turns":11.0},{"damage":3.0,"enemies":"3 Sentries","floor":12.0,"turns":11.0},{"damage":0.0,"enemies":"Blue Slaver","floor":14.0,"turns":3.0},{"damage":0.0,"enemies":"Slime Boss","floor":16.0,"turns":7.0},{"damage":0.0,"enemies":"Shell Parasite","floor":18.0,"turns":5.0},{"damage":2.0,"enemies":"Spheric Guardian","floor":19.0,"turns":5.0},{"damage":7.0,"enemies":"Masked Bandits","floor":20.0,"turns":6.0},{"damage":0.0,"enemies":"Centurion and Healer","floor":22.0,"turns":6.0},{"damage":4.0,"enemies":"Slavers","floor":23.0,"turns":5.0},{"damage":10.0,"enemies":"3 Cultists","floor":24.0,"turns":5.0},{"damage":0.0,"enemies":"Gremlin Leader","floor":25.0,"turns":6.0},{"damage":9.0,"enemies":"Slavers","floor":27.0,"turns":5.0},{"damage":0.0,"enemies":"Chosen and Byrds","floor":28.0,"turns":5.0},{"damage":0.0,"enemies":"Snecko","floor":30.0,"turns":2.0},{"damage":0.0,"enemies":"Book of Stabbing","floor":31.0,"turns":4.0},{"damage":4.0,"enemies":"Collector","floor":33.0,"turns":10.0},{"damage":0,"enemies":"3 Darklings","floor":35,"turns":5},{"damage":0,"enemies":"3 Shapes","floor":37,"turns":4},{"damage":0,"enemies":"Transient","floor":39,"turns":5},{"damage":14,"enemies":"Nemesis","floor":40,"turns":5},{"damage":0,"enemies":"4 Shapes","floor":41,"turns":4},{"damage":0,"enemies":"Giant Head","floor":44,"turns":7},{"damage":0,"enemies":"Maw","floor":45,"turns":6},{"damage":0,"enemies":"Reptomancer","floor":46,"turns":5},{"damage":0,"enemies":"Spire Growth","floor":48,"turns":4},{"damage":42,"enemies":"Donu and Deca","floor":50,"turns":12},{"damage":19,"enemies":"Shield and Spear","floor":54,"turns":7},{"damage":0,"enemies":"The Heart","floor":55,"turns":11}],"seed_played":"-9172762221326602304","potions_obtained":[{"floor":5.0,"key":"Explosive Potion"},{"floor":8.0,"key":"AttackPotion"},{"floor":16.0,"key":"Weak Potion"},{"floor":19.0,"key":"LiquidBronze"},{"floor":20.0,"key":"SmokeBomb"},{"floor":22.0,"key":"Ancient Potion"},{"floor":28.0,"key":"SteroidPotion"},{"floor":31.0,"key":"FearPotion"},{"floor":37,"key":"AttackPotion"},{"floor":46,"key":"Block Potion"},{"floor":48,"key":"LiquidBronze"}],"is_trial":false,"path_per_floor":["M","M","M","?","M","E","T","E","T","R","$","E","R","M","R","B",null,"M","M","?","?","M","E","M","E","T","E","M","?","M","E","R","B",null,"M","?","M","?","M","E","M","R","T","E","M","E","$","M","R","B",null,"R","$","E","B",null],"character_chosen":"THE_SILENT","items_purchased":["Oddly Smooth Stone","Backflip","Turnip","Leg Sweep","Blur","Noxious Fumes","Infinite Blades","Cloak And Dagger","Cloak And Dagger","Calculated Gamble"],"campfire_rested":0,"item_purchase_floors":[11,11,47,47,47,53,53,53,53,53],"current_hp_per_floor":[70,69,67,67,59,44,44,38,38,38,38,37,37,39,39,66,70,70,68,63,63,65,63,55,57,57,50,52,52,54,56,56,66,70,70,70,70,70,70,56,58,58,58,60,62,64,64,66,66,28,70,70,70,51,70],"gold":58,"neow_bonus":"RANDOM_COMMON_RELIC","is_prod":false,"is_daily":false,"chose_seed":false,"campfire_upgraded":4,"win_rate":0,"timestamp":1551835134,"path_taken":["M","M","M","?","?","E","?","E","T","R","?","E","R","?","R","BOSS","M","M","?","?","M","E","M","E","T","E","M","?","M","E","R","BOSS","M","?","M","?","M","E","M","R","T","E","?","E","$","M","R","BOSS","R","$","E","BOSS"],"build_version":"2019-02-06","purchased_purges":1,"victory":true,"max_hp_per_floor":[70,70,70,70,70,70,70,70,70,70,70,70,70,70,70,70,70,70,70,70,70,70,70,70,70,70,70,70,70,70,70,70,70,70,70,70,70,70,70,70,70,70,70,70,70,70,70,70,70,70,70,70,70,70,70],"card_choices":[{"not_picked":["Blade Dance","Prepared"],"picked":"PiercingWail","floor":1.0},{"not_picked":["Well Laid Plans","Acrobatics"],"picked":"Bouncing Flask","floor":2.0},{"not_picked":["Backflip","Backstab"],"picked":"Deadly Poison","floor":3.0},{"not_picked":["Acrobatics","Slice"],"picked":"Cloak And Dagger","floor":5.0},{"not_picked":["Distraction","Dagger Spray"],"picked":"Well Laid Plans","floor":6.0},{"not_picked":["Deadly Poison","Dagger Throw"],"picked":"Masterful Stab","floor":8.0},{"not_picked":["Accuracy","Underhanded Strike"],"picked":"Riddle With Holes","floor":12.0},{"not_picked":["Concentrate","Well Laid Plans"],"picked":"Adrenaline","floor":14.0},{"not_picked":["Venomology","Phantasmal Killer"],"picked":"Malaise","floor":16.0},{"not_picked":[],"picked":"Backstab","floor":18.0},{"not_picked":[],"picked":"Bane+1","floor":19.0},{"not_picked":[],"picked":"Deflect","floor":20.0},{"not_picked":["Choke+1"],"picked":"SKIP","floor":22.0},{"not_picked":[],"picked":"Glass Knife","floor":23.0},{"not_picked":["Blade Dance"],"picked":"SKIP","floor":24.0},{"not_picked":[],"picked":"Prepared+1","floor":25.0},{"not_picked":["Choke"],"picked":"SKIP","floor":27.0},{"not_picked":["Bane"],"picked":"SKIP","floor":28.0},{"not_picked":["Blade Dance"],"picked":"SKIP","floor":30.0},{"not_picked":[],"picked":"Calculated Gamble","floor":31.0},{"not_picked":[],"picked":"Flechettes+1","floor":35},{"not_picked":[],"picked":"Deflect","floor":37},{"not_picked":[],"picked":"Acrobatics","floor":39},{"not_picked":[],"picked":"Escape Plan","floor":40},{"not_picked":["Flying Knee"],"picked":"SKIP","floor":41},{"not_picked":[],"picked":"Dash","floor":44},{"not_picked":[],"picked":"Poisoned Stab+1","floor":45},{"not_picked":[],"picked":"Calculated Gamble","floor":46},{"not_picked":["Outmaneuver+1"],"picked":"SKIP","floor":48},{"not_picked":[],"picked":"Prepared+1","floor":54}],"player_experience":4814217,"relics_obtained":[{"floor":6.0,"key":"Pantograph"},{"floor":8.0,"key":"Tough Bandages"},{"floor":9.0,"key":"Dream Catcher"},{"floor":12.0,"key":"StoneCalendar"},{"floor":20.0,"key":"Red Mask"},{"floor":23.0,"key":"Smiling Mask"},{"floor":25.0,"key":"Boot"},{"floor":26.0,"key":"Bag of Marbles"},{"floor":27.0,"key":"Omamori"},{"floor":31.0,"key":"Tingsha"},{"floor":40,"key":"Peace Pipe"},{"floor":43,"key":"The Courier"},{"floor":44,"key":"Art of War"},{"floor":46,"key":"Torii"},{"floor":54,"key":"Incense Burner"}],"event_choices":[{"damage_healed":0.0,"max_hp_gain":0.0,"max_hp_loss":0.0,"gold_gain":0.0,"cards_transformed":["Strike_G"],"event_name":"Transmorgrifier","player_choice":"Transformed","floor":4.0,"gold_loss":0.0,"damage_taken":0.0,"cards_obtained":["Envenom"]},{"damage_healed":0.0,"max_hp_gain":0.0,"max_hp_loss":0.0,"gold_gain":0.0,"event_name":"Masked Bandits","player_choice":"Fought Bandits","floor":20.0,"gold_loss":0.0,"damage_taken":0.0},{"damage_healed":0.0,"max_hp_gain":0.0,"max_hp_loss":0.0,"gold_gain":0.0,"event_name":"Addict","player_choice":"Obtained Relic","floor":21.0,"gold_loss":85.0,"damage_taken":0.0,"relics_obtained":["Lantern"]},{"damage_healed":0.0,"max_hp_gain":0.0,"max_hp_loss":0.0,"gold_gain":0.0,"cards_transformed":["Strike_G","Strike_G"],"event_name":"Drug Dealer","player_choice":"Became Test Subject","floor":29.0,"gold_loss":0.0,"damage_taken":0.0,"cards_obtained":["Sucker Punch","Bane"]},{"cards_removed":["Defend_G"],"damage_healed":0,"gold_gain":0,"player_choice":"Removed Skill","damage_taken":0,"max_hp_gain":0,"max_hp_loss":0,"event_name":"Falling","floor":36,"gold_loss":0},{"cards_removed":["Strike_G"],"damage_healed":0,"gold_gain":0,"player_choice":"Offered Basic","damage_taken":0,"max_hp_gain":0,"max_hp_loss":0,"event_name":"Bonfire Elementals","floor":38,"gold_loss":0}],"is_beta":true,"boss_relics":[{"not_picked":["Orrery","Empty Cage"],"picked":"Busted Crown"},{"not_picked":["Calling Bell","Tiny House"],"picked":"Fusion Hammer"}],"items_purged_floors":[47],"is_endless":false,"potions_floor_spawned":[5,8,16,19,20,22,28,31,37,39,46,48],"ascension_level":1}