{"gold_per_floor":[18,18,38,3,3,3,21,21,45,58,18,46,103,103,103,103],"floor_reached":16,"playtime":706,"items_purged":[],"score":142,"play_id":"350a30bf-c406-4be5-98b8-981172520c54","local_time":"20190311220753","is_ascension_mode":true,"campfire_choices":[{"data":"Zap","floor":6,"key":"SMITH"},{"data":"Fusion","floor":8,"key":"SMITH"},{"floor":15,"key":"REST"}],"neow_cost":"NO_GOLD","seed_source_timestamp":2190608460528977,"circlet_count":0,"master_deck":["Strike_B","Strike_B","Strike_B","Strike_B","Defend_B","Defend_B","Defend_B","Defend_B","Zap+1","Dualcast","Sunder+1","Cold Snap","Fusion+1","Glacier","Chill","Go for the Eyes","Sweeping Beam"],"relics":["Cracked Core","Incense Burner","Dead Branch","Potion Belt","Kunai","Frozen Egg 2"],"potions_floor_usage":[12,13,16],"damage_taken":[{"damage":0,"enemies":"Small Slimes","floor":1,"turns":3},{"damage":7,"enemies":"Jaw Worm","floor":3,"turns":3},{"damage":1,"enemies":"2 Louse","floor":7,"turns":2},{"damage":13,"enemies":"Exordium Thugs","floor":10,"turns":3},{"damage":17,"enemies":"Gremlin Nob","floor":12,"turns":5},{"damage":5,"enemies":"Lagavulin Event","floor":13,"turns":7},{"damage":53,"enemies":"The Guardian","floor":16,"turns":11}],"seed_played":"7229147392490071873","potions_obtained":[{"floor":1,"key":"LiquidBronze"},{"floor":10,"key":"Block Potion"},{"floor":12,"key":"EssenceOfSteel"}],"is_trial":false,"path_per_floor":["M","?","M","?","?","R","M","R","T","M","$","E","?","$","R","B"],"character_chosen":"DEFECT","items_purchased":["Chill"],"campfire_rested":1,"item_purchase_floors":[11],"current_hp_per_floor":[68,56,49,67,67,67,66,66,66,53,53,36,31,31,53,0],"gold":103,"neow_bonus":"ONE_RARE_RELIC","is_prod":false,"is_daily":false,"chose_seed":false,"campfire_upgraded":2,"win_rate":0,"timestamp":1552352873,"path_taken":["M","?","M","?","?","R","M","R","T","M","$","E","?","?","R","BOSS"],"build_version":"2019-01-23","purchased_purges":0,"victory":false,"max_hp_per_floor":[75,75,75,75,75,75,75,75,75,75,75,75,75,75,75,75],"card_choices":[{"not_picked":["Genetic Algorithm","FTL"],"picked":"Sunder","floor":1},{"not_picked":["Chaos","Redo"],"picked":"Cold Snap","floor":3},{"not_picked":["Gash","Scrape"],"picked":"Fusion","floor":7},{"not_picked":["Ball Lightning","Turbo"],"picked":"Glacier","floor":10},{"not_picked":["Hello World","Tempest"],"picked":"Go for the Eyes","floor":12},{"not_picked":["Compile Driver","Glacier"],"picked":"Sweeping Beam","floor":13}],"player_experience":907485,"relics_obtained":[{"floor":9,"key":"Potion Belt"},{"floor":12,"key":"Kunai"},{"floor":13,"key":"Frozen Egg 2"}],"event_choices":[{"damage_healed":0,"gold_gain":0,"player_choice":"Success","damage_taken":12,"relics_obtained":["Dead Branch"],"max_hp_gain":0,"max_hp_loss":0,"event_name":"Scrap Ooze","floor":2,"gold_loss":0},{"damage_healed":18,"gold_gain":0,"player_choice":"Healed","damage_taken":0,"max_hp_gain":0,"max_hp_loss":0,"event_name":"The Cleric","floor":4,"gold_loss":35},{"damage_healed":0,"gold_gain":0,"player_choice":"Grow","damage_taken":0,"max_hp_gain":0,"max_hp_loss":0,"event_name":"Living Wall","floor":5,"gold_loss":0,"cards_upgraded":["Sunder"]},{"damage_healed":0,"gold_gain":30,"player_choice":"Searched \u00273\u0027 times","damage_taken":0,"max_hp_gain":0,"max_hp_loss":0,"event_name":"Dead Adventurer","floor":13,"gold_loss":0}],"is_beta":false,"boss_relics":[],"items_purged_floors":[],"is_endless":false,"potions_floor_spawned":[1,10,12],"killed_by":"The Guardian","ascension_level":9}