{"gold_per_floor":[112,112,128,144,162,192,208,208,208,208,227,241,316,316,316,421,421,434,453,453,453,473,508,508,518,518,518],"floor_reached":27,"playtime":1135,"items_purged":[],"score":237,"play_id":"4b611e5f-8e3e-43f7-a6e1-ddfff2c76b6d","local_time":"20190421034111","is_ascension_mode":false,"campfire_choices":[{"floor":8,"key":"REST"},{"floor":10,"key":"REST"},{"data":"Noxious Fumes","floor":15,"key":"SMITH"}],"neow_cost":"NONE","seed_source_timestamp":143862254035276,"circlet_count":0,"master_deck":["Defend_G","Defend_G","Defend_G+1","Defend_G","Defend_G","Strike_G","Strike_G","Strike_G","Survivor","Neutralize","Bouncing Flask","PiercingWail","Poisoned Stab","Poisoned Stab","Bouncing Flask+1","Noxious Fumes+1","Deadly Poison","Adrenaline","Calculated Gamble","Well Laid Plans","Flying Knee","Footwork"],"relics":["Ring of the Snake","Dodecahedron","Bag of Preparation","Coffee Dripper","War Paint","Snake Skull"],"potions_floor_usage":[6,7,25,25,25],"damage_taken":[{"damage":0,"enemies":"2 Louse","floor":1,"turns":4},{"damage":1,"enemies":"Cultist","floor":3,"turns":4},{"damage":2,"enemies":"Small Slimes","floor":4,"turns":3},{"damage":4,"enemies":"Blue Slaver","floor":5,"turns":3},{"damage":22,"enemies":"3 Sentries","floor":6,"turns":9},{"damage":38,"enemies":"Gremlin Gang","floor":7,"turns":5},{"damage":4,"enemies":"Lots of Slimes","floor":11,"turns":4},{"damage":4,"enemies":"Blue Slaver","floor":12,"turns":3},{"damage":23,"enemies":"Hexaghost","floor":16,"turns":8},{"damage":9,"enemies":"2 Thieves","floor":18,"turns":4},{"damage":0,"enemies":"Chosen","floor":19,"turns":3},{"damage":19,"enemies":"Shelled Parasite and Fungi","floor":22,"turns":4},{"damage":40,"enemies":"Gremlin Leader","floor":23,"turns":8},{"damage":9,"enemies":"Snake Plant","floor":25,"turns":4},{"damage":6,"enemies":"Snecko","floor":27,"turns":2}],"seed_played":"-3258216957791552012","potions_obtained":[{"floor":5,"key":"Block Potion"},{"floor":6,"key":"Dexterity Potion"},{"floor":7,"key":"Fruit Juice"},{"floor":11,"key":"EssenceOfSteel"},{"floor":18,"key":"LiquidBronze"}],"is_trial":false,"path_per_floor":["M","?","M","M","M","E","M","R","T","R","M","M","?","?","R","B",null,"M","M","?","?","M","E","?","M","T","M"],"character_chosen":"THE_SILENT","items_purchased":[],"campfire_rested":2,"item_purchase_floors":[],"current_hp_per_floor":[77,77,76,74,70,48,15,39,39,63,59,55,44,44,44,21,82,73,73,73,73,54,14,14,5,5,0],"gold":518,"neow_bonus":"TEN_PERCENT_HP_BONUS","is_prod":false,"is_daily":false,"chose_seed":false,"campfire_upgraded":1,"win_rate":0.0,"timestamp":1555810871,"path_taken":["M","?","?","M","M","E","M","R","T","R","M","M","?","?","R","BOSS","M","M","?","?","M","E","?","M","T","?"],"build_version":"2019-01-23","purchased_purges":0,"victory":false,"max_hp_per_floor":[77,77,77,77,77,77,82,82,82,82,82,82,82,82,82,82,82,82,82,82,82,82,82,82,82,82,82],"card_choices":[{"not_picked":["Slice","Underhanded Strike"],"picked":"Bouncing Flask","floor":1},{"not_picked":["Flying Knee","Sucker Punch"],"picked":"PiercingWail","floor":3},{"not_picked":["Terror","Predator"],"picked":"Poisoned Stab","floor":4},{"not_picked":["Finisher","Endless Agony"],"picked":"Poisoned Stab","floor":5},{"not_picked":["Blade Dance","Masterful Stab"],"picked":"Bouncing Flask","floor":6},{"not_picked":["Outmaneuver","Underhanded Strike"],"picked":"Noxious Fumes","floor":7},{"not_picked":["Tools of the Trade","Heel Hook"],"picked":"Deadly Poison","floor":11},{"not_picked":["Dash","Terror","Dagger Throw"],"picked":"SKIP","floor":12},{"not_picked":["Unload","Phantasmal Killer"],"picked":"Adrenaline","floor":16},{"not_picked":["All Out Attack","Blade Dance+1"],"picked":"Calculated Gamble","floor":18},{"not_picked":["Acrobatics+1","Dagger Spray"],"picked":"Well Laid Plans","floor":19},{"not_picked":["Underhanded Strike","Blur+1"],"picked":"Footwork","floor":22},{"not_picked":["Tools of the Trade","Eviscerate+1","Acrobatics"],"picked":"SKIP","floor":23},{"not_picked":["Acrobatics","Dash","Dagger Spray"],"picked":"SKIP","floor":25}],"player_experience":1914,"relics_obtained":[{"floor":6,"key":"Dodecahedron"},{"floor":9,"key":"Bag of Preparation"},{"floor":23,"key":"War Paint"},{"floor":26,"key":"Snake Skull"}],"event_choices":[{"damage_healed":0,"gold_gain":0,"player_choice":"Full Heal","damage_taken":0,"max_hp_gain":0,"max_hp_loss":0,"event_name":"Wheel of Change","floor":2,"gold_loss":0},{"damage_healed":0,"gold_gain":75,"player_choice":"Gather Gold","damage_taken":11,"max_hp_gain":0,"max_hp_loss":0,"event_name":"World of Goop","floor":13,"gold_loss":0},{"cards_removed":["Strike_G"],"damage_healed":0,"gold_gain":0,"player_choice":"Purged","damage_taken":0,"max_hp_gain":0,"max_hp_loss":0,"event_name":"Purifier","floor":14,"gold_loss":0},{"damage_healed":0,"gold_gain":0,"player_choice":"Ignored","damage_taken":0,"max_hp_gain":0,"max_hp_loss":0,"event_name":"Ghosts","floor":20,"gold_loss":0},{"damage_healed":0,"gold_gain":0,"player_choice":"Read","damage_taken":0,"max_hp_gain":0,"max_hp_loss":0,"event_name":"The Library","floor":21,"gold_loss":0,"cards_obtained":["Flying Knee"]},{"cards_removed":["Strike_G"],"damage_healed":0,"gold_gain":0,"player_choice":"Purged","damage_taken":0,"max_hp_gain":0,"max_hp_loss":0,"event_name":"Purifier","floor":24,"gold_loss":0}],"is_beta":false,"boss_relics":[{"not_picked":["Runic Dome","White Beast Statue"],"picked":"Coffee Dripper"}],"items_purged_floors":[],"is_endless":false,"potions_floor_spawned":[5,6,7,11,18,23],"killed_by":"Snecko","ascension_level":0}