{"gold_per_floor":[114,25,39,49,49,49,64,93,93,113,148,171,171,199,199,272,272,288,288,302,302],"floor_reached":21,"playtime":1859,"items_purged":[],"score":423,"play_id":"6d5c1b61-7532-45c4-94ba-a0b78ed6692a","local_time":"20181114163949","is_ascension_mode":true,"campfire_choices":[{"data":"Zap","floor":6,"key":"SMITH"},{"floor":13,"key":"REST"},{"data":"Defragment","floor":15,"key":"SMITH"}],"neow_cost":"NONE","seed_source_timestamp":1498800805597762,"circlet_count":0,"master_deck":["AscendersBane","Strike_B","Strike_B","Strike_B","Strike_B","Defend_B","Defend_B","Defend_B","Defend_B","Zap+1","Dualcast","Compile Driver","Defragment+1","Ball Lightning","Echo Form","Cold Snap","Sweeping Beam","Auto Shields","Hyperbeam+1","Biased Cognition","Recycle","Ball Lightning+1"],"relics":["Cracked Core","Lantern","The Courier","Strawberry","Molten Egg 2","Odd Mushroom","Art of War","Snecko Eye"],"potions_floor_usage":[11,12,16],"damage_taken":[{"damage":1,"enemies":"Cultist","floor":1,"turns":3},{"damage":9,"enemies":"2 Louse","floor":3,"turns":3},{"damage":0,"enemies":"Small Slimes","floor":4,"turns":3},{"damage":3,"enemies":"2 Fungi Beasts","floor":7,"turns":4},{"damage":8,"enemies":"Gremlin Nob","floor":8,"turns":3},{"damage":1,"enemies":"Blue Slaver","floor":10,"turns":3},{"damage":20,"enemies":"3 Sentries","floor":11,"turns":5},{"damage":15,"enemies":"The Mushroom Lair","floor":12,"turns":3},{"damage":9,"enemies":"Lagavulin","floor":14,"turns":7},{"damage":3,"enemies":"The Guardian","floor":16,"turns":11},{"damage":15,"enemies":"Shell Parasite","floor":18,"turns":6},{"damage":24,"enemies":"Chosen","floor":20,"turns":4},{"damage":8,"enemies":"Snecko","floor":21,"turns":2}],"seed_played":"2497226121525729853","potions_obtained":[{"floor":1,"key":"FearPotion"},{"floor":4,"key":"Weak Potion"},{"floor":7,"key":"PowerPotion"},{"floor":12,"key":"Swift Potion"},{"floor":20,"key":"Explosive Potion"}],"is_trial":false,"path_per_floor":["M","$","M","M","?","R","M","E","T","M","E","?","R","E","R","B",null,"M","?","M","M"],"character_chosen":"DEFECT","items_purchased":["Defragment"],"campfire_rested":1,"item_purchase_floors":[2],"current_hp_per_floor":[70,70,61,61,61,61,58,50,57,56,36,21,46,37,37,34,72,57,32,8,0],"gold":302,"neow_bonus":"TEN_PERCENT_HP_BONUS","is_prod":false,"is_daily":false,"chose_seed":false,"campfire_upgraded":2,"win_rate":0,"timestamp":1542231589,"path_taken":["M","?","M","M","?","R","M","E","T","?","E","?","R","E","R","BOSS","M","?","M","M"],"build_version":"2018-11-13","purchased_purges":0,"victory":false,"max_hp_per_floor":[78,78,78,78,78,78,78,78,85,85,85,85,85,85,85,85,85,85,90,90,90],"card_choices":[{"not_picked":["Rip and Tear","Redo"],"picked":"Compile Driver","floor":1},{"not_picked":["Lockon","Coolheaded"],"picked":"Ball Lightning","floor":3},{"not_picked":["Cold Snap","Undo"],"picked":"Echo Form","floor":4},{"not_picked":["Sweeping Beam","Compile Driver","Gash"],"picked":"SKIP","floor":7},{"not_picked":["Ball Lightning","Beam Cell"],"picked":"Cold Snap","floor":8},{"not_picked":["Ball Lightning","Reboot"],"picked":"Sweeping Beam","floor":10},{"not_picked":["Rainbow","Compile Driver","Gash"],"picked":"SKIP","floor":11},{"not_picked":["Hologram","Streamline+1"],"picked":"Auto Shields","floor":12},{"not_picked":["Skim","Blizzard+1"],"picked":"Hyperbeam+1","floor":14},{"not_picked":["Core Surge+1","Seek"],"picked":"Biased Cognition","floor":16},{"not_picked":["Aggregate","Genetic Algorithm+1"],"picked":"Recycle","floor":18},{"not_picked":["Steam","Blizzard+1"],"picked":"Ball Lightning+1","floor":20}],"player_experience":955463,"relics_obtained":[{"floor":5,"key":"Lantern"},{"floor":8,"key":"The Courier"},{"floor":9,"key":"Strawberry"},{"floor":11,"key":"Molten Egg 2"},{"floor":12,"key":"Odd Mushroom"},{"floor":14,"key":"Art of War"}],"event_choices":[{"damage_healed":0,"gold_gain":0,"player_choice":"Relic","damage_taken":0,"max_hp_gain":0,"max_hp_loss":0,"event_name":"Wheel of Change","floor":5,"gold_loss":0},{"damage_healed":0,"gold_gain":0,"player_choice":"Fought Mushrooms","damage_taken":0,"max_hp_gain":0,"max_hp_loss":0,"event_name":"Mushrooms","floor":12,"gold_loss":0},{"damage_healed":0,"gold_gain":0,"player_choice":"Shed Blood","damage_taken":30,"max_hp_gain":5,"max_hp_loss":0,"event_name":"Forgotten Altar","floor":19,"gold_loss":0}],"is_beta":true,"boss_relics":[{"not_picked":["Philosopher\u0027s Stone","Busted Crown"],"picked":"Snecko Eye"}],"items_purged_floors":[],"is_endless":false,"potions_floor_spawned":[1,4,7,8,12,20],"killed_by":"Snecko","ascension_level":20}