{"gold_per_floor":[112,59,76,90,37,52,52,86,86,86,161,4,31,65,65,161,161,174,187,187,187,201,235,247,259,271,299,311,323,90,120,120,225,225,238,0,51,64,64,64,97,97,121,146,166,166,66,80,80,80],"floor_reached":51,"playtime":2373,"items_purged":["Strike_R","Rage"],"score":846,"play_id":"5723d36a-edb5-488d-a012-50d5d987b959","local_time":"20190405183809","is_ascension_mode":true,"campfire_choices":[{"data":"Juggernaut","floor":7,"key":"SMITH"},{"data":"Armaments","floor":10,"key":"SMITH"},{"floor":15,"key":"REST"},{"floor":24,"key":"REST"},{"floor":29,"key":"REST"},{"data":"Armaments","floor":32,"key":"SMITH"},{"data":"Bludgeon","floor":40,"key":"SMITH"},{"floor":42,"key":"REST"},{"floor":46,"key":"REST"},{"data":"Body Slam","floor":49,"key":"SMITH"}],"neow_cost":"NONE","seed_source_timestamp":1143767837545700,"circlet_count":0,"master_deck":["Strike_R+1","Strike_R+1","Strike_R+1","Defend_R+1","Defend_R+1","Defend_R+1","Defend_R+1","Bash","Juggernaut+1","True Grit","Armaments+1","Body Slam+1","Shrug It Off","Shrug It Off","Cleave","Sword Boomerang","Battle Trance","Barricade","Headbutt","Demon Form+1","Iron Wave+1","True Grit+1","Iron Wave","Armaments+1","Iron Wave+1","Clothesline","Cleave","Body Slam+1","Bludgeon+1","Rage+1","Dropkick+1","Sword Boomerang+1","Madness","Madness","Entrench+1","Thunderclap+1","Clothesline+1","Heavy Blade+1"],"relics":["Burning Blood","StoneCalendar","WingedGreaves","Question Card","Darkstone Periapt","Snecko Eye","MawBank","Letter Opener","PreservedInsect","Meat on the Bone","Runic Cube","Red Mask","Gambling Chip","Red Skull","Boot","Bronze Scales"],"potions_floor_usage":[23,33,33,44,50,50],"damage_taken":[{"damage":7,"enemies":"Cultist","floor":1,"turns":5},{"damage":15,"enemies":"Jaw Worm","floor":3,"turns":4},{"damage":0,"enemies":"Small Slimes","floor":4,"turns":4},{"damage":9,"enemies":"2 Fungi Beasts","floor":6,"turns":5},{"damage":16,"enemies":"3 Sentries","floor":8,"turns":8},{"damage":23,"enemies":"Gremlin Nob","floor":13,"turns":5},{"damage":7,"enemies":"Lagavulin","floor":14,"turns":7},{"damage":8,"enemies":"The Guardian","floor":16,"turns":9},{"damage":7,"enemies":"Spheric Guardian","floor":18,"turns":4},{"damage":34,"enemies":"2 Thieves","floor":19,"turns":4},{"damage":15,"enemies":"Shelled Parasite and Fungi","floor":22,"turns":5},{"damage":29,"enemies":"Slavers","floor":23,"turns":5},{"damage":0,"enemies":"3 Cultists","floor":27,"turns":5},{"damage":24,"enemies":"Book of Stabbing","floor":31,"turns":5},{"damage":13,"enemies":"Collector","floor":33,"turns":7},{"damage":23,"enemies":"3 Shapes","floor":35,"turns":6},{"damage":31,"enemies":"2 Orb Walkers","floor":37,"turns":5},{"damage":17,"enemies":"3 Darklings","floor":38,"turns":4},{"damage":43,"enemies":"Nemesis","floor":41,"turns":7},{"damage":37,"enemies":"Reptomancer","floor":44,"turns":4},{"damage":20,"enemies":"Spire Growth","floor":45,"turns":3},{"damage":6,"enemies":"Writhing Mass","floor":48,"turns":4},{"damage":43,"enemies":"Awakened One","floor":50,"turns":8}],"seed_played":"-3311768155973322465","potions_obtained":[{"floor":1,"key":"Strength Potion"},{"floor":3,"key":"Dexterity Potion"},{"floor":14,"key":"Energy Potion"},{"floor":33,"key":"FearPotion"},{"floor":37,"key":"SteroidPotion"},{"floor":44,"key":"LiquidBronze"},{"floor":45,"key":"FairyPotion"}],"is_trial":false,"path_per_floor":["M","$","M","M","$","M","R","E","T","R","?","$","E","E","R","B",null,"M","M","?","?","M","E","R","?","T","M","?","R","$","E","R","B",null,"M","?","?","M","?","R","E","R","T","E","M","R","$","M","R","B",null],"character_chosen":"IRONCLAD","items_purchased":["Armaments","Shrug It Off","Battle Trance","PreservedInsect","Rage","Cleave"],"campfire_rested":5,"item_purchase_floors":[2,5,12,30,30,30],"current_hp_per_floor":[79,79,70,76,76,73,73,63,63,63,52,52,35,34,58,56,80,79,51,51,51,42,19,43,43,43,49,34,59,59,41,41,46,85,68,68,55,56,45,45,20,45,45,26,24,49,49,49,49,24],"gold":80,"neow_bonus":"TRANSFORM_CARD","is_prod":false,"is_daily":false,"chose_seed":false,"campfire_upgraded":5,"win_rate":0,"timestamp":1554503889,"path_taken":["M","$","M","M","?","M","R","E","T","R","?","$","E","E","R","BOSS","M","M","?","?","?","E","R","?","T","?","?","R","?","E","R","BOSS","M","?","?","M","?","R","E","R","T","E","?","R","?","M","R","BOSS"],"build_version":"2019-01-23","purchased_purges":2,"victory":true,"max_hp_per_floor":[80,80,80,80,80,80,80,80,80,80,80,80,80,80,80,80,80,80,80,80,80,80,80,80,80,80,80,85,85,85,85,85,85,85,85,85,85,85,85,85,85,85,85,85,85,85,85,85,85,85],"card_choices":[{"not_picked":["Pummel","Pommel Strike"],"picked":"True Grit","floor":1},{"not_picked":["Seeing Red","Headbutt"],"picked":"Body Slam","floor":3},{"not_picked":["Carnage","Battle Trance"],"picked":"Shrug It Off","floor":4},{"not_picked":["Rampage","Spot Weakness"],"picked":"Cleave","floor":6},{"not_picked":["Juggernaut","Wild Strike"],"picked":"Sword Boomerang","floor":8},{"not_picked":["Twin Strike","Body Slam"],"picked":"Barricade","floor":13},{"not_picked":["Havoc","Heavy Blade","Sentinel"],"picked":"Headbutt","floor":14},{"not_picked":["Offering","Reaper","Barricade"],"picked":"Demon Form","floor":16},{"not_picked":["Havoc+1","Evolve","Twin Strike"],"picked":"Iron Wave+1","floor":18},{"not_picked":["Flex","Sever Soul","Heavy Blade"],"picked":"True Grit+1","floor":19},{"not_picked":["Clash","Wild Strike","Warcry+1"],"picked":"Armaments","floor":22},{"not_picked":["Heavy Blade+1","True Grit+1","Anger"],"picked":"Iron Wave+1","floor":23},{"not_picked":["Sword Boomerang","Carnage","Pommel Strike"],"picked":"Clothesline","floor":27},{"not_picked":["Immolate","Demon Form","Wild Strike"],"picked":"Body Slam+1","floor":31},{"not_picked":["Brutality","Double Tap","Juggernaut"],"picked":"Bludgeon","floor":33},{"not_picked":["Burning Pact","Sentinel","Cleave"],"picked":"Rage+1","floor":35},{"not_picked":["Havoc","Clash+1","Hemokinesis+1"],"picked":"Dropkick+1","floor":37},{"not_picked":["Bloodletting","Headbutt+1","Flex"],"picked":"Sword Boomerang+1","floor":38},{"not_picked":["Feel No Pain+1","Flex","Perfected Strike"],"picked":"Entrench+1","floor":41},{"not_picked":["Feel No Pain+1","Intimidate","Blood for Blood+1"],"picked":"Thunderclap+1","floor":44},{"not_picked":["Thunderclap+1","Pummel+1","Intimidate"],"picked":"Clothesline+1","floor":45},{"not_picked":["Power Through+1","Anger+1","Twin Strike+1"],"picked":"Heavy Blade+1","floor":48}],"player_experience":77098,"relics_obtained":[{"floor":8,"key":"StoneCalendar"},{"floor":9,"key":"WingedGreaves"},{"floor":13,"key":"Question Card"},{"floor":14,"key":"Darkstone Periapt"},{"floor":23,"key":"MawBank"},{"floor":26,"key":"Letter Opener"},{"floor":31,"key":"Meat on the Bone"},{"floor":37,"key":"Gambling Chip"},{"floor":41,"key":"Red Skull"},{"floor":43,"key":"Boot"},{"floor":44,"key":"Bronze Scales"}],"event_choices":[{"damage_healed":0,"gold_gain":75,"player_choice":"Gather Gold","damage_taken":11,"max_hp_gain":0,"max_hp_loss":0,"event_name":"World of Goop","floor":11,"gold_loss":0},{"damage_healed":0,"gold_gain":0,"player_choice":"Simplicity","damage_taken":0,"max_hp_gain":0,"max_hp_loss":0,"event_name":"Back to Basics","floor":20,"gold_loss":0,"cards_upgraded":["Strike_R","Strike_R","Strike_R","Defend_R","Defend_R","Defend_R","Defend_R"]},{"damage_healed":0,"gold_gain":0,"player_choice":"1 cards matched","damage_taken":0,"max_hp_gain":0,"max_hp_loss":0,"event_name":"Match and Keep!","floor":21,"gold_loss":0,"cards_obtained":["Iron Wave"]},{"damage_healed":0,"gold_gain":0,"player_choice":"Upgraded","damage_taken":0,"max_hp_gain":0,"max_hp_loss":0,"event_name":"Upgrade Shrine","floor":25,"gold_loss":0,"cards_upgraded":["Demon Form"]},{"damage_healed":0,"gold_gain":0,"player_choice":"Shed Blood","damage_taken":20,"max_hp_gain":5,"max_hp_loss":0,"event_name":"Forgotten Altar","floor":28,"gold_loss":0},{"damage_healed":0,"gold_gain":0,"player_choice":"Paid","damage_taken":0,"relics_obtained":["Red Mask"],"max_hp_gain":0,"max_hp_loss":0,"event_name":"Tomb of Lord Red Mask","floor":36,"gold_loss":238},{"damage_healed":0,"gold_gain":0,"player_choice":"Fight","damage_taken":0,"max_hp_gain":0,"max_hp_loss":0,"event_name":"Mysterious Sphere","floor":37,"gold_loss":0},{"damage_healed":0,"gold_gain":0,"player_choice":"Embrace Madness","damage_taken":11,"max_hp_gain":0,"max_hp_loss":0,"event_name":"Winding Halls","floor":39,"gold_loss":0,"cards_obtained":["Madness","Madness"]}],"is_beta":false,"boss_relics":[{"not_picked":["Tiny House","Empty Cage"],"picked":"Snecko Eye"},{"not_picked":["Black Blood","Black Star"],"picked":"Runic Cube"}],"items_purged_floors":[12,47],"is_endless":false,"potions_floor_spawned":[1,3,14,16,18,19,33,37,44,45],"ascension_level":1}