{"gold_per_floor":[114,133,6,6,20,20,45,45,45,45,59,91,91],"floor_reached":13,"playtime":299,"items_purged":[],"score":93,"play_id":"f485541f-88fd-445a-9724-c02d390af2ed","local_time":"20190218145430","is_ascension_mode":false,"campfire_choices":[{"data":"Doom and Gloom","floor":6,"key":"SMITH"},{"data":"Defragment","floor":8,"key":"SMITH"},{"data":"Loop","floor":10,"key":"SMITH"}],"neow_cost":"NONE","seed_source_timestamp":79741363921242,"circlet_count":0,"master_deck":["Strike_B","Strike_B","Strike_B","Strike_B","Defend_B","Defend_B","Defend_B","Defend_B","Zap","Dualcast","Amplify","Loop+1","Loop","Heatsinks","Coolheaded","Doom and Gloom+1","Defragment+1","Ball Lightning+1","Force Field"],"relics":["Cracked Core","Letter Opener","Shovel","Molten Egg 2","Pen Nib"],"potions_floor_usage":[7],"damage_taken":[{"damage":0,"enemies":"2 Louse","floor":1,"turns":2},{"damage":1,"enemies":"Cultist","floor":2,"turns":3},{"damage":9,"enemies":"Small Slimes","floor":5,"turns":4},{"damage":19,"enemies":"Lagavulin","floor":7,"turns":6},{"damage":17,"enemies":"Gremlin Gang","floor":11,"turns":2},{"damage":27,"enemies":"3 Sentries","floor":12,"turns":5},{"damage":6,"enemies":"2 Fungi Beasts","floor":13,"turns":1}],"seed_played":"-3885690954720412633","potions_obtained":[{"floor":1,"key":"SpeedPotion"},{"floor":2,"key":"EssenceOfSteel"}],"is_trial":false,"path_per_floor":["M","M","$","?","M","R","E","R","T","R","M","E","M"],"character_chosen":"DEFECT","items_purchased":["Heatsinks","Coolheaded"],"campfire_rested":0,"item_purchase_floors":[3,3],"current_hp_per_floor":[75,74,74,74,65,65,46,46,46,46,29,2,0],"gold":91,"neow_bonus":"ONE_RANDOM_RARE_CARD","is_prod":false,"is_daily":false,"chose_seed":false,"campfire_upgraded":3,"win_rate":0,"timestamp":1550501670,"path_taken":["M","M","$","?","M","R","E","R","T","R","M","E","?"],"build_version":"2019-02-06","purchased_purges":0,"victory":false,"max_hp_per_floor":[75,75,75,75,75,75,75,75,75,75,75,75,75],"card_choices":[{"not_picked":["FTL","BootSequence"],"picked":"Loop","floor":1},{"not_picked":["Chaos","Conserve Battery"],"picked":"Loop","floor":2},{"not_picked":["Turbo","Leap"],"picked":"Doom and Gloom","floor":5},{"not_picked":["Streamline","Seek"],"picked":"Defragment","floor":7},{"not_picked":["Go for the Eyes+1","Hologram"],"picked":"Ball Lightning+1","floor":11},{"not_picked":["Doom and Gloom+1","Streamline+1"],"picked":"Force Field","floor":12}],"player_experience":940320,"relics_obtained":[{"floor":7,"key":"Shovel"},{"floor":9,"key":"Molten Egg 2"},{"floor":12,"key":"Pen Nib"}],"event_choices":[{"damage_healed":0,"gold_gain":0,"player_choice":"Gave Potion","damage_taken":0,"relics_obtained":["Letter Opener"],"max_hp_gain":0,"max_hp_loss":0,"event_name":"WeMeetAgain","floor":4,"gold_loss":0}],"is_beta":true,"boss_relics":[],"items_purged_floors":[],"is_endless":false,"potions_floor_spawned":[1,2],"killed_by":"2 Fungi Beasts","ascension_level":0}