{"gold_per_floor":[212,222,182,196,196,196,206,206,206,206,220,220,232,232,232,331,381,391,306,306,306,306,306,326,326,326,326,359,375,408,177,177,278,278,297,347,377,393,393,393,23,23,48,66,83,83,20,120,120,120,120,120,45,79,79],"floor_reached":55,"playtime":1675,"items_purged":["Strike_R","Strike_R","Bash","Thunderclap"],"score":1049,"play_id":"272716c6-ece4-4eba-8ade-4e2cac5fe253","local_time":"20190313181834","is_ascension_mode":true,"campfire_choices":[{"data":"Searing Blow","floor":6,"key":"SMITH"},{"data":"Searing Blow+1","floor":8,"key":"SMITH"},{"data":"Searing Blow+2","floor":10,"key":"SMITH"},{"data":"Searing Blow+3","floor":12,"key":"SMITH"},{"data":"Searing Blow+4","floor":15,"key":"SMITH"},{"data":"Searing Blow+6","floor":23,"key":"SMITH"},{"data":"Searing Blow+7","floor":25,"key":"SMITH"},{"data":"Searing Blow+8","floor":27,"key":"SMITH"},{"floor":32,"key":"REST"},{"floor":40,"key":"REST"},{"floor":42,"key":"RECALL"},{"floor":46,"key":"REST"},{"data":"Searing Blow+9","floor":49,"key":"SMITH"},{"floor":52,"key":"REST"}],"neow_cost":"NONE","seed_source_timestamp":59398276119044,"circlet_count":0,"master_deck":["AscendersBane","Defend_R","Defend_R","Defend_R","Defend_R","Searing Blow+10","Disarm","Armaments","Feed","Headbutt","Disarm+1","Disarm","Headbutt+1","Double Tap","Rage+1","Ghostly Armor","Battle Trance"],"relics":["Burning Blood","Pear","Mummified Hand","Tiny House","Vajra","Nilry\u0027s Codex","MutagenicStrength","Self Forming Clay","Ornamental Fan","Regal Pillow","Empty Cage","Du-Vu Doll","Tiny Chest","Membership Card","Bag of Preparation","Juzu Bracelet","Thread and Needle","Lantern"],"potions_floor_usage":[16,28,30,33,33,33,55,55,55],"damage_taken":[{"damage":7,"enemies":"2 Louse","floor":1,"turns":4},{"damage":6,"enemies":"Cultist","floor":2,"turns":4},{"damage":4,"enemies":"Small Slimes","floor":4,"turns":4},{"damage":11,"enemies":"3 Louse","floor":7,"turns":4},{"damage":4,"enemies":"2 Fungi Beasts","floor":11,"turns":3},{"damage":13,"enemies":"Exordium Wildlife","floor":13,"turns":3},{"damage":57,"enemies":"The Guardian","floor":16,"turns":9},{"damage":8,"enemies":"Chosen","floor":18,"turns":4},{"damage":11,"enemies":"Spheric Guardian","floor":24,"turns":3},{"damage":24,"enemies":"Gremlin Leader","floor":28,"turns":3},{"damage":7,"enemies":"3 Cultists","floor":29,"turns":5},{"damage":35,"enemies":"Slavers","floor":30,"turns":4},{"damage":37,"enemies":"Collector","floor":33,"turns":4},{"damage":20,"enemies":"Orb Walker","floor":35,"turns":4},{"damage":60,"enemies":"2 Orb Walkers","floor":36,"turns":5},{"damage":10,"enemies":"3 Shapes","floor":38,"turns":3},{"damage":34,"enemies":"Transient","floor":44,"turns":5},{"damage":0,"enemies":"Spire Growth","floor":45,"turns":2},{"damage":0,"enemies":"Mind Bloom Boss Battle","floor":48,"turns":3},{"damage":83,"enemies":"Donu and Deca","floor":50,"turns":7},{"damage":57,"enemies":"Shield and Spear","floor":54,"turns":6},{"damage":58,"enemies":"The Heart","floor":55,"turns":5}],"seed_played":"-5055234312021333927","potions_obtained":[{"floor":3,"key":"Swift Potion"},{"floor":3,"key":"Poison Potion"},{"floor":3,"key":"FearPotion"},{"floor":4,"key":"PowerPotion"},{"floor":17,"key":"Dexterity Potion"},{"floor":28,"key":"PowerPotion"},{"floor":30,"key":"Energy Potion"},{"floor":44,"key":"Explosive Potion"},{"floor":48,"key":"PowerPotion"},{"floor":54,"key":"AttackPotion"}],"is_trial":false,"path_per_floor":["M","M","?","M","T","R","M","R","T","R","M","R","M","?","R","B",null,"M","?","?","?","?","R","M","R","T","R","E","M","E","$","R","B",null,"M","?","T","M","?","R","$","R","T","M","M","R","$","?","R","B",null,"R","$","E","B"],"character_chosen":"IRONCLAD","items_purchased":["Regal Pillow","Membership Card","Bag of Preparation","Ghostly Armor"],"campfire_rested":4,"item_purchase_floors":[31,41,41,41],"current_hp_per_floor":[71,71,71,73,83,83,78,78,78,78,80,80,73,73,73,22,78,79,79,79,63,63,63,58,58,58,58,40,42,13,13,58,30,86,72,18,18,14,14,60,60,60,60,32,41,88,88,94,94,17,85,107,107,56,0],"gold":79,"neow_bonus":"HUNDRED_GOLD","is_prod":false,"is_daily":false,"chose_seed":false,"campfire_upgraded":9,"win_rate":0,"timestamp":1552511914,"path_taken":["M","M","?","?","?","R","?","R","T","R","M","R","M","?","R","BOSS","M","?","?","?","?","R","M","R","T","R","E","?","E","?","R","BOSS","M","?","?","M","?","R","$","R","T","M","M","R","$","?","R","BOSS","R","$","E","BOSS"],"build_version":"2019-01-23","purchased_purges":4,"victory":false,"max_hp_per_floor":[80,80,80,80,90,90,90,90,90,90,90,90,90,90,90,90,95,98,98,98,98,98,98,98,98,98,98,98,101,101,101,101,104,104,104,104,104,104,104,104,104,104,104,104,107,107,107,107,107,107,107,107,107,107,107],"card_choices":[{"not_picked":["Havoc","Pommel Strike"],"picked":"Thunderclap","floor":1},{"not_picked":["Warcry","Spot Weakness"],"picked":"Searing Blow","floor":2},{"not_picked":["Thunderclap","Hemokinesis","Burning Pact"],"picked":"SKIP","floor":4},{"not_picked":["Wild Strike","Clothesline"],"picked":"Disarm","floor":7},{"not_picked":["Ghostly Armor","Perfected Strike"],"picked":"Armaments","floor":11},{"not_picked":["Anger","Sword Boomerang","Iron Wave"],"picked":"SKIP","floor":13},{"not_picked":["Brutality","Juggernaut"],"picked":"Feed","floor":16},{"not_picked":["Cleave","Heavy Blade"],"picked":"Headbutt","floor":17},{"not_picked":["Battle Trance","Anger"],"picked":"Disarm+1","floor":18},{"not_picked":["Cleave","Pummel","Whirlwind"],"picked":"SKIP","floor":24},{"not_picked":["Spot Weakness+1","Iron Wave"],"picked":"Disarm","floor":28},{"not_picked":["Berserk","Combust","Wild Strike"],"picked":"SKIP","floor":29},{"not_picked":["Heavy Blade+1","Evolve"],"picked":"Headbutt+1","floor":30},{"not_picked":["Dark Embrace","Feed"],"picked":"Double Tap","floor":33},{"not_picked":["Warcry","Cleave","Dropkick"],"picked":"SKIP","floor":35},{"not_picked":["Twin Strike+1","Sword Boomerang"],"picked":"Rage+1","floor":38},{"not_picked":["Twin Strike+1","Entrench","Immolate"],"picked":"SKIP","floor":44},{"not_picked":["Clothesline","Twin Strike+1","Pommel Strike"],"picked":"SKIP","floor":45},{"not_picked":["Thunderclap+1","Evolve+1"],"picked":"Battle Trance","floor":48},{"not_picked":["Heavy Blade","Cleave+1","Entrench+1"],"picked":"SKIP","floor":54}],"player_experience":920167,"relics_obtained":[{"floor":5,"key":"Pear"},{"floor":9,"key":"Mummified Hand"},{"floor":21,"key":"Nilry\u0027s Codex"},{"floor":28,"key":"Self Forming Clay"},{"floor":30,"key":"Ornamental Fan"},{"floor":36,"key":"Du-Vu Doll"},{"floor":37,"key":"Tiny Chest"},{"floor":43,"key":"Juzu Bracelet"},{"floor":48,"key":"Thread and Needle"},{"floor":54,"key":"Lantern"}],"event_choices":[{"damage_healed":0,"gold_gain":0,"player_choice":"Bought 3 Potions","damage_taken":0,"max_hp_gain":0,"max_hp_loss":0,"event_name":"The Woman in Blue","floor":3,"gold_loss":0},{"damage_healed":0,"gold_gain":0,"player_choice":"Ignored","damage_taken":0,"max_hp_gain":0,"max_hp_loss":0,"event_name":"Liars Game","floor":14,"gold_loss":0},{"damage_healed":0,"gold_gain":0,"player_choice":"Obtained Relic","damage_taken":0,"relics_obtained":["Vajra"],"max_hp_gain":0,"max_hp_loss":0,"event_name":"Addict","floor":19,"gold_loss":85},{"cards_removed":["Strike_R"],"damage_healed":0,"gold_gain":0,"player_choice":"Elegance","damage_taken":0,"max_hp_gain":0,"max_hp_loss":0,"event_name":"Back to Basics","floor":20,"gold_loss":0},{"damage_healed":0,"gold_gain":0,"player_choice":"Obtained Book","damage_taken":16,"max_hp_gain":0,"max_hp_loss":0,"event_name":"Cursed Tome","floor":21,"gold_loss":0},{"damage_healed":0,"gold_gain":0,"player_choice":"Inject Mutagens","damage_taken":0,"relics_obtained":["MutagenicStrength"],"max_hp_gain":0,"max_hp_loss":0,"event_name":"Drug Dealer","floor":22,"gold_loss":0},{"damage_healed":0,"gold_gain":0,"player_choice":"Fight","damage_taken":0,"max_hp_gain":0,"max_hp_loss":0,"event_name":"Mysterious Sphere","floor":36,"gold_loss":0},{"damage_healed":0,"gold_gain":0,"player_choice":"Ignored","damage_taken":0,"max_hp_gain":0,"max_hp_loss":0,"event_name":"SecretPortal","floor":39,"gold_loss":0},{"damage_healed":0,"gold_gain":0,"player_choice":"Fight","damage_taken":0,"max_hp_gain":0,"max_hp_loss":0,"event_name":"MindBloom","floor":48,"gold_loss":0}],"is_beta":false,"boss_relics":[{"not_picked":["Busted Crown","Calling Bell"],"picked":"Tiny House"},{"not_picked":["Black Star","Pandora\u0027s Box"],"picked":"Empty Cage"}],"items_purged_floors":[31,41,47,53],"is_endless":false,"potions_floor_spawned":[4,7,11,13,28,29,30,44,48,54],"killed_by":"The Heart","ascension_level":10}