{"gold_per_floor":[111,81,96,111,122,179,179,194,194,194,214,170,190,220,220,322,322,336,0,99,109,109],"floor_reached":22,"playtime":918,"items_purged":[],"score":257,"play_id":"589f2aae-c994-4031-8935-abb5a5a7097f","local_time":"20181227180951","is_ascension_mode":true,"campfire_choices":[{"floor":7,"key":"REST"},{"data":"Rupture","floor":10,"key":"SMITH"},{"floor":15,"key":"REST"}],"neow_cost":"NONE","seed_source_timestamp":509835333305982,"circlet_count":0,"master_deck":["Strike_R","Strike_R","Strike_R","Strike_R","Strike_R","Defend_R","Defend_R","Defend_R","Defend_R","Bash","Rupture+1","Flex","Immolate","Hemokinesis","Combust","Dual Wield","Armaments","Sword Boomerang","Rupture","Offering+1","Combust","Power Through+1","Good Instincts+1","Whirlwind"],"relics":["Burning Blood","NeowsBlessing","Tiny Chest","Mummified Hand","Toxic Egg 2","Sozu","PrismaticShard"],"potions_floor_usage":[6,11,14,14,22],"damage_taken":[{"damage":0,"enemies":"Jaw Worm","floor":1,"turns":1},{"damage":0,"enemies":"Cultist","floor":3,"turns":1},{"damage":0,"enemies":"Small Slimes","floor":4,"turns":1},{"damage":14,"enemies":"Blue Slaver","floor":5,"turns":4},{"damage":23,"enemies":"3 Sentries","floor":6,"turns":5},{"damage":2,"enemies":"2 Fungi Beasts","floor":8,"turns":2},{"damage":12,"enemies":"Large Slime","floor":11,"turns":3},{"damage":21,"enemies":"Exordium Thugs","floor":13,"turns":4},{"damage":28,"enemies":"Gremlin Nob","floor":14,"turns":4},{"damage":44,"enemies":"The Guardian","floor":16,"turns":10},{"damage":21,"enemies":"Chosen","floor":18,"turns":3},{"damage":27,"enemies":"3 Byrds","floor":21,"turns":5},{"damage":35,"enemies":"Centurion and Healer","floor":22,"turns":4}],"seed_played":"-475587778760561498","potions_obtained":[{"floor":1,"key":"Regen Potion"},{"floor":2,"key":"Block Potion"},{"floor":2,"key":"PowerPotion"},{"floor":6,"key":"Fire Potion"},{"floor":16,"key":"Poison Potion"}],"is_trial":false,"path_per_floor":["M","?","M","M","M","E","R","M","T","R","M","?","M","E","R","B",null,"M","$","?","M","M"],"character_chosen":"IRONCLAD","items_purchased":["Power Through+1","PrismaticShard","Good Instincts+1"],"campfire_rested":2,"item_purchase_floors":[19,19,19],"current_hp_per_floor":[78,78,80,80,72,55,79,80,80,80,74,74,59,46,70,32,68,53,53,53,32,0],"gold":109,"neow_bonus":"THREE_ENEMY_KILL","is_prod":false,"is_daily":false,"chose_seed":false,"campfire_upgraded":1,"win_rate":0,"timestamp":1545944991,"path_taken":["M","?","?","M","?","E","R","M","T","R","M","?","M","E","R","BOSS","M","$","?","M","M"],"build_version":"2018-12-20","purchased_purges":0,"victory":false,"max_hp_per_floor":[80,80,80,80,80,80,80,80,80,80,80,80,80,80,80,80,80,80,80,80,80,80],"card_choices":[{"not_picked":["Shockwave","Armaments"],"picked":"Rupture","floor":1},{"not_picked":["Battle Trance","Second Wind"],"picked":"Flex","floor":3},{"not_picked":["Wild Strike","Armaments"],"picked":"Immolate","floor":4},{"not_picked":["Headbutt","Evolve"],"picked":"Hemokinesis","floor":5},{"not_picked":["Perfected Strike","Sever Soul"],"picked":"Combust","floor":6},{"not_picked":["Second Wind","Perfected Strike"],"picked":"Dual Wield","floor":8},{"not_picked":["Perfected Strike","Wild Strike"],"picked":"Armaments","floor":11},{"not_picked":["Wild Strike","Perfected Strike"],"picked":"Sword Boomerang","floor":13},{"not_picked":["Fiend Fire","Headbutt"],"picked":"Rupture","floor":14},{"not_picked":["Fiend Fire","Feed"],"picked":"Offering+1","floor":16},{"not_picked":["Entrench+1","Clash+1"],"picked":"Combust","floor":18},{"not_picked":["Poisoned Stab","Clash"],"picked":"Whirlwind","floor":21}],"player_experience":549146,"relics_obtained":[{"floor":6,"key":"Tiny Chest"},{"floor":9,"key":"Mummified Hand"},{"floor":14,"key":"Toxic Egg 2"}],"event_choices":[{"damage_healed":0,"gold_gain":0,"player_choice":"Bought 2 Potions","damage_taken":0,"max_hp_gain":0,"max_hp_loss":0,"event_name":"The Woman in Blue","floor":2,"gold_loss":0},{"damage_healed":0,"gold_gain":0,"player_choice":"Left Gold","damage_taken":0,"max_hp_gain":0,"max_hp_loss":0,"event_name":"World of Goop","floor":12,"gold_loss":44},{"damage_healed":0,"gold_gain":99,"player_choice":"Stole From Cult","damage_taken":0,"max_hp_gain":0,"max_hp_loss":0,"event_name":"Nest","floor":20,"gold_loss":0}],"is_beta":false,"boss_relics":[{"not_picked":["Runic Dome","Cursed Key"],"picked":"Sozu"}],"items_purged_floors":[],"is_endless":false,"potions_floor_spawned":[1,6,8,16],"killed_by":"Centurion and Healer","ascension_level":6}