{"gold_per_floor":[117,5,15,27,27,55,55,74,74,74,92,92,108,163,163,163],"floor_reached":16,"playtime":896,"items_purged":["Strike_R"],"score":102,"play_id":"f8e978f9-69af-4f14-a7e6-86e0c277f426","local_time":"20190505225048","is_ascension_mode":false,"campfire_choices":[{"data":"Inflame","floor":7,"key":"SMITH"},{"data":"vexMod:StrikeStorm","floor":12,"key":"SMITH"},{"data":"Bash","floor":15,"key":"SMITH"}],"neow_cost":"NONE","seed_source_timestamp":2105771580816582,"circlet_count":0,"master_deck":["Strike_R+1","Strike_R","Strike_R+1","Strike_R","Defend_R","Defend_R","Defend_R","Defend_R","Bash+1","Infernal Blade+1","Inflame+1","Pummel","vexMod:StrikeStorm+1","Rage","vexMod:CrumblingCrash"],"relics":["Burning Blood","Chameleon Ring","Tiny Chest"],"potions_floor_usage":[13,16],"damage_taken":[{"damage":5,"enemies":"Cultist","floor":1,"turns":4},{"damage":6,"enemies":"Jaw Worm","floor":3,"turns":2},{"damage":7,"enemies":"Small Slimes","floor":4,"turns":3},{"damage":42,"enemies":"Erikyupuro","floor":6,"turns":12},{"damage":5,"enemies":"Looter","floor":8,"turns":3},{"damage":10,"enemies":"Exordium Thugs","floor":11,"turns":4},{"damage":1,"enemies":"Lots of Slimes","floor":13,"turns":3},{"damage":37,"enemies":"The Guardian","floor":16,"turns":8}],"seed_played":"2653681864525865818","potions_obtained":[{"floor":1,"key":"Energy Potion"},{"floor":6,"key":"Block Potion"}],"is_trial":false,"path_per_floor":["M","$","M","M","?","E","R","M","T","?","M","R","M","T","R","B"],"character_chosen":"IRONCLAD","items_purchased":["Inflame"],"campfire_rested":0,"item_purchase_floors":[2],"current_hp_per_floor":[88,88,88,87,87,51,51,52,52,34,30,30,35,35,35,0],"gold":163,"neow_bonus":"TEN_PERCENT_HP_BONUS","is_prod":false,"is_daily":false,"chose_seed":false,"campfire_upgraded":3,"win_rate":0,"timestamp":1557107448,"path_taken":["M","?","M","M","?","E","R","M","T","?","M","R","M","?","R","BOSS"],"build_version":"2019-01-23","purchased_purges":1,"victory":false,"max_hp_per_floor":[88,88,88,88,88,88,88,88,88,88,88,88,88,88,88,88],"card_choices":[{"not_picked":["Blood for Blood","Iron Wave"],"picked":"Infernal Blade","floor":1},{"not_picked":["Run Through","Anger"],"picked":"Pummel","floor":3},{"not_picked":["Clash","Wild Strike","hubris:ReadiedAction"],"picked":"SKIP","floor":4},{"not_picked":["vexMod:TrainingStrike","Flex","vexMod:CleverClash"],"picked":"SKIP","floor":6},{"not_picked":["vexMod:TrainingStrike","Heavy Blade"],"picked":"vexMod:StrikeStorm","floor":8},{"not_picked":["Twin Strike","Iron Wave"],"picked":"Rage","floor":11},{"not_picked":["hubris:ReadiedAction","Heavy Blade"],"picked":"vexMod:CrumblingCrash","floor":13}],"player_experience":1293515,"relics_obtained":[{"floor":6,"key":"Chameleon Ring"},{"floor":14,"key":"Tiny Chest"}],"event_choices":[{"damage_healed":0,"gold_gain":0,"player_choice":"Grow","damage_taken":0,"max_hp_gain":0,"max_hp_loss":0,"event_name":"Living Wall","floor":5,"gold_loss":0,"cards_upgraded":["Infernal Blade"]},{"damage_healed":0,"gold_gain":0,"player_choice":"Entered Light","damage_taken":18,"max_hp_gain":0,"max_hp_loss":0,"event_name":"Shining Light","floor":10,"gold_loss":0,"cards_upgraded":["Strike_R","Strike_R"]}],"is_beta":false,"boss_relics":[],"items_purged_floors":[2],"is_endless":false,"potions_floor_spawned":[1,6],"killed_by":"The Guardian","ascension_level":0}