{"gold_per_floor":[11,28,128,148,164,192,192,207,231,265,265,301,301,320,320,439,439,463,486,10,25,25,364,463,463,537,537,561,148,148,171,171,302,302,327,347,347,166,499,534,148,165,218,237,262,276,301,317,317,317,317,317,45,75,75],"floor_reached":56,"playtime":4389,"items_purged":["Strike_R+1","Strike_R+1","Strike_R+1","Strike_R+1"],"score":1354,"play_id":"7c8f6c72-9e50-4d6e-9402-4c01cee4236e","local_time":"20190107180955","is_ascension_mode":false,"campfire_choices":[{"data":"True Grit","floor":7,"key":"SMITH"},{"data":"Havoc","floor":13,"key":"SMITH"},{"data":"True Grit","floor":15,"key":"SMITH"},{"data":"Master of Strategy","floor":27,"key":"SMITH"},{"data":"Body Slam","floor":30,"key":"SMITH"},{"data":"Intimidate","floor":32,"key":"SMITH"},{"floor":49,"key":"RECALL"},{"data":"Offering","floor":52,"key":"SMITH"}],"neow_cost":"NO_GOLD","seed_source_timestamp":767555110401007,"circlet_count":0,"master_deck":["Strike_R+1","Defend_R+1","Defend_R+1","Defend_R+1","Defend_R+1","Bash","Twin Strike","Iron Wave","True Grit+1","True Grit+1","Intimidate+1","Havoc+1","Reckless Charge","Armaments+1","Perfected Strike","Feed","Sentinel","Shrug It Off","Master of Strategy+1","Rage+1","Feel No Pain+1","Body Slam+1","Headbutt+1","Inflame","Shrug It Off","Barricade","Feel No Pain+1","Offering+1","Flame Barrier+1","Injury","Flame Barrier","Feel No Pain+1","Ghostly Armor+1","Dark Embrace+1","Disarm","Metallicize+1"],"relics":["Burning Blood","Dead Branch","Bag of Preparation","Smiling Mask","Bronze Scales","War Paint","Philosopher\u0027s Stone","Charon\u0027s Ashes","Old Coin","Kunai","Torii","Cursed Key","Boot","DollysMirror","Regal Pillow","Frozen Egg 2","Pocketwatch"],"potions_floor_usage":[6,12,16,16,23,33,40,42,47,55,55],"damage_taken":[{"damage":0,"enemies":"Small Slimes","floor":1,"turns":3},{"damage":1,"enemies":"Cultist","floor":2,"turns":3},{"damage":0,"enemies":"2 Louse","floor":4,"turns":3},{"damage":5,"enemies":"Exordium Wildlife","floor":5,"turns":5},{"damage":30,"enemies":"Lagavulin","floor":6,"turns":5},{"damage":0,"enemies":"3 Louse","floor":8,"turns":2},{"damage":9,"enemies":"3 Sentries","floor":10,"turns":5},{"damage":18,"enemies":"Lagavulin","floor":12,"turns":5},{"damage":0,"enemies":"Looter","floor":14,"turns":2},{"damage":26,"enemies":"Hexaghost","floor":16,"turns":8},{"damage":3,"enemies":"Spheric Guardian","floor":18,"turns":3},{"damage":6,"enemies":"Chosen","floor":19,"turns":4},{"damage":3,"enemies":"3 Cultists","floor":21,"turns":4},{"damage":10,"enemies":"Gremlin Leader","floor":23,"turns":5},{"damage":16,"enemies":"Centurion and Healer","floor":28,"turns":6},{"damage":0,"enemies":"Snake Plant","floor":31,"turns":2},{"damage":70,"enemies":"Champ","floor":33,"turns":12},{"damage":1,"enemies":"Orb Walker","floor":35,"turns":3},{"damage":0,"enemies":"3 Shapes","floor":36,"turns":2},{"damage":5,"enemies":"Reptomancer","floor":40,"turns":7},{"damage":7,"enemies":"Transient","floor":42,"turns":5},{"damage":0,"enemies":"Maw","floor":44,"turns":6},{"damage":6,"enemies":"Giant Head","floor":45,"turns":7},{"damage":18,"enemies":"Jaw Worm Horde","floor":46,"turns":4},{"damage":6,"enemies":"Reptomancer","floor":47,"turns":5},{"damage":0,"enemies":"4 Shapes","floor":48,"turns":4},{"damage":13,"enemies":"Time Eater","floor":50,"turns":16},{"damage":30,"enemies":"Shield and Spear","floor":54,"turns":6},{"damage":22,"enemies":"The Heart","floor":55,"turns":8}],"seed_played":"-8734670495593123980","potions_obtained":[{"floor":1,"key":"GamblersBrew"},{"floor":5,"key":"AttackPotion"},{"floor":6,"key":"SkillPotion"},{"floor":10,"key":"LiquidBronze"},{"floor":16,"key":"AttackPotion"},{"floor":31,"key":"EssenceOfSteel"},{"floor":33,"key":"LiquidBronze"},{"floor":36,"key":"Fire Potion"},{"floor":40,"key":"SteroidPotion"},{"floor":46,"key":"Swift Potion"},{"floor":47,"key":"EssenceOfSteel"}],"is_trial":false,"path_per_floor":["M","M","?","M","M","E","R","M","T","E","?","E","R","M","R","B",null,"M","M","$","M","?","E","?","?","T","R","M","$","R","M","R","B",null,"M","M","?","$","?","E","$","M","T","M","E","M","E","M","R","B",null,"R","$","E","B",null],"character_chosen":"IRONCLAD","items_purchased":["Charon\u0027s Ashes","Master of Strategy","Torii","Body Slam","Inflame","Shrug It Off","DollysMirror","Offering","Dark Embrace+1","Disarm"],"campfire_rested":0,"item_purchase_floors":[20,20,29,29,38,38,41,41,53,53],"current_hp_per_floor":[80,80,80,80,80,56,56,62,62,59,59,47,47,53,53,33,74,74,77,77,80,80,76,76,76,76,76,70,70,70,79,79,15,87,87,87,87,87,87,87,87,86,86,87,87,75,75,84,84,77,90,90,90,69,53],"gold":75,"neow_bonus":"ONE_RARE_RELIC","is_prod":false,"is_daily":false,"chose_seed":false,"campfire_upgraded":7,"win_rate":0,"timestamp":1546884595,"path_taken":["M","M","?","?","M","E","R","M","T","E","?","E","R","M","R","BOSS","M","M","$","M","?","E","?","?","T","R","M","?","R","M","R","BOSS","M","M","?","$","?","E","$","?","T","M","E","M","E","M","R","BOSS","R","$","E","BOSS"],"build_version":"2019-01-03v4","purchased_purges":4,"victory":true,"max_hp_per_floor":[80,80,80,80,80,80,80,80,80,80,74,74,74,74,74,74,74,74,77,77,80,80,80,80,80,80,80,84,84,84,87,87,87,87,87,87,87,87,87,87,87,87,87,87,87,87,87,90,90,90,90,90,90,93,93],"card_choices":[{"not_picked":["Blood for Blood","Headbutt"],"picked":"Twin Strike","floor":1},{"not_picked":["Fire Breathing","Searing Blow"],"picked":"Iron Wave","floor":2},{"not_picked":["Fire Breathing","Havoc"],"picked":"True Grit","floor":4},{"not_picked":["Havoc","Clash"],"picked":"True Grit","floor":5},{"not_picked":["Limit Break","Shrug It Off"],"picked":"Intimidate","floor":6},{"not_picked":["Armaments","Rupture"],"picked":"Havoc","floor":8},{"not_picked":["Reaper","Burning Pact"],"picked":"Reckless Charge","floor":10},{"not_picked":["Heavy Blade","Limit Break"],"picked":"Armaments","floor":12},{"not_picked":["Whirlwind","Armaments"],"picked":"Perfected Strike","floor":14},{"not_picked":["Juggernaut","Double Tap"],"picked":"Feed","floor":16},{"not_picked":["Clothesline","Wild Strike+1"],"picked":"Sentinel","floor":18},{"not_picked":["Anger+1","Armaments"],"picked":"Shrug It Off","floor":19},{"not_picked":["Ghostly Armor","Whirlwind"],"picked":"Rage+1","floor":21},{"not_picked":["Whirlwind","Combust","Body Slam"],"picked":"SKIP","floor":23},{"not_picked":["Anger","Uppercut"],"picked":"Feel No Pain+1","floor":28},{"not_picked":["Flex","Clash","Armaments"],"picked":"SKIP","floor":31},{"not_picked":["Whirlwind+1","Body Slam"],"picked":"Headbutt+1","floor":35},{"not_picked":["Heavy Blade","Sentinel","Anger"],"picked":"SKIP","floor":36},{"not_picked":["Rupture+1","Wild Strike"],"picked":"Barricade","floor":40},{"not_picked":["Perfected Strike+1","Body Slam"],"picked":"Flame Barrier+1","floor":42},{"not_picked":["Sword Boomerang+1","Anger"],"picked":"Flame Barrier","floor":44},{"not_picked":["Burning Pact","True Grit+1"],"picked":"Feel No Pain+1","floor":45},{"not_picked":["Armaments+1","Perfected Strike","Anger"],"picked":"SKIP","floor":46},{"not_picked":["Thunderclap","Cleave+1"],"picked":"Ghostly Armor+1","floor":47},{"not_picked":["Flex","Whirlwind+1","Perfected Strike+1"],"picked":"SKIP","floor":48},{"not_picked":["Rupture+1","Infernal Blade"],"picked":"Metallicize+1","floor":54}],"player_experience":739298,"relics_obtained":[{"floor":6,"key":"Bag of Preparation"},{"floor":9,"key":"Smiling Mask"},{"floor":10,"key":"Bronze Scales"},{"floor":12,"key":"War Paint"},{"floor":23,"key":"Old Coin"},{"floor":26,"key":"Kunai"},{"floor":40,"key":"Boot"},{"floor":45,"key":"Regal Pillow"},{"floor":47,"key":"Frozen Egg 2"},{"floor":54,"key":"Pocketwatch"}],"event_choices":[{"damage_healed":0,"gold_gain":100,"player_choice":"Pray","damage_taken":0,"max_hp_gain":0,"max_hp_loss":0,"event_name":"Golden Shrine","floor":3,"gold_loss":0},{"damage_healed":0,"gold_gain":0,"player_choice":"Lose Max HP","damage_taken":0,"relics_obtained":["Golden Idol"],"max_hp_gain":0,"max_hp_loss":6,"event_name":"Golden Idol","floor":11,"gold_loss":0},{"damage_healed":0,"gold_gain":0,"player_choice":"Ignored","damage_taken":0,"max_hp_gain":0,"max_hp_loss":0,"event_name":"Ghosts","floor":22,"gold_loss":0},{"damage_healed":0,"gold_gain":99,"player_choice":"Stole From Cult","damage_taken":0,"max_hp_gain":0,"max_hp_loss":0,"event_name":"Nest","floor":24,"gold_loss":0},{"damage_healed":0,"gold_gain":0,"player_choice":"Simplicity","damage_taken":0,"max_hp_gain":0,"max_hp_loss":0,"event_name":"Back to Basics","floor":25,"gold_loss":0,"cards_upgraded":["Strike_R","Strike_R","Strike_R","Strike_R","Strike_R","Defend_R","Defend_R","Defend_R"]},{"damage_healed":0,"gold_gain":0,"player_choice":"Ignored","damage_taken":0,"max_hp_gain":0,"max_hp_loss":0,"event_name":"Tomb of Lord Red Mask","floor":37,"gold_loss":0},{"damage_healed":0,"gold_gain":333,"player_choice":"Gave Idol","damage_taken":0,"max_hp_gain":0,"max_hp_loss":0,"event_name":"The Moai Head","floor":39,"relics_lost":["Golden Idol"],"gold_loss":0}],"is_beta":true,"boss_relics":[{"not_picked":["Black Star","Mark of Pain"],"picked":"Philosopher\u0027s Stone"},{"not_picked":["Runic Pyramid","Busted Crown"],"picked":"Cursed Key"}],"items_purged_floors":[29,38,41,53],"is_endless":false,"potions_floor_spawned":[1,5,6,10,16,31,33,36,40,46,47],"ascension_level":0}