{"gold_per_floor":[119,138,138,158,178,178,198,97,97,97,110,110,121,131,131,228,228,168,168,168,182,195,195,213,213,239,253,253,253,267,283,283,386,386,403,313,323,76,88,88,188,188,212,35,35,48,59,74,74,74],"floor_reached":51,"playtime":2892,"items_purged":["Strike_R","Strike_R","True Grit"],"score":695,"play_id":"47ad9c8d-5351-4f39-8498-b18b2de64f16","local_time":"20190514161008","is_ascension_mode":false,"campfire_choices":[{"data":"True Grit","floor":6,"key":"SMITH"},{"data":"Shrug It Off","floor":12,"key":"SMITH"},{"data":"Body Slam","floor":15,"key":"SMITH"},{"data":"Shrug It Off","floor":23,"key":"SMITH"},{"floor":25,"key":"REST"},{"floor":29,"key":"REST"},{"data":"Body Slam","floor":32,"key":"SMITH"},{"data":"Shrug It Off","floor":40,"key":"SMITH"},{"floor":42,"key":"REST"},{"floor":45,"key":"REST"},{"data":"Defend_R","floor":49,"key":"SMITH"}],"neow_cost":"NONE","seed_source_timestamp":182067295474812,"circlet_count":0,"master_deck":["Strike_R","Defend_R+1","Defend_R","Defend_R","Defend_R","Bash+1","Pommel Strike","True Grit+1","Shrug It Off+1","Pommel Strike","Body Slam+1","Shrug It Off+1","Body Slam+1","Shrug It Off+1","Shrug It Off+1"],"relics":["Black Blood","FossilizedHelix","Mercury Hourglass","MutagenicStrength","Vajra","Orrery","Pen Nib","Unceasing Top","Orichalcum"],"potions_floor_usage":[7,27,30,30,33,33,50],"damage_taken":[{"damage":11,"enemies":"Jaw Worm","floor":1,"turns":2},{"damage":0,"enemies":"2 Louse","floor":2,"turns":3},{"damage":5,"enemies":"Small Slimes","floor":4,"turns":5},{"damage":6,"enemies":"3 Louse","floor":5,"turns":5},{"damage":15,"enemies":"Exordium Thugs","floor":7,"turns":5},{"damage":8,"enemies":"Gremlin Gang","floor":11,"turns":6},{"damage":0,"enemies":"Large Slime","floor":13,"turns":5},{"damage":0,"enemies":"Red Slaver","floor":14,"turns":5},{"damage":14,"enemies":"Slime Boss","floor":16,"turns":13},{"damage":20,"enemies":"2 Thieves","floor":18,"turns":4},{"damage":18,"enemies":"Chosen","floor":21,"turns":7},{"damage":6,"enemies":"Shelled Parasite and Fungi","floor":22,"turns":13},{"damage":42,"enemies":"Snake Plant","floor":24,"turns":9},{"damage":0,"enemies":"Snecko","floor":27,"turns":5},{"damage":27,"enemies":"Chosen and Byrds","floor":30,"turns":5},{"damage":0,"enemies":"Cultist and Chosen","floor":31,"turns":7},{"damage":66,"enemies":"Automaton","floor":33,"turns":12},{"damage":2,"enemies":"Orb Walker","floor":35,"turns":4},{"damage":1,"enemies":"3 Darklings","floor":37,"turns":7},{"damage":4,"enemies":"Transient","floor":39,"turns":5},{"damage":0,"enemies":"Mind Bloom Boss Battle","floor":41,"turns":9},{"damage":0,"enemies":"4 Shapes","floor":46,"turns":8},{"damage":11,"enemies":"Maw","floor":47,"turns":9},{"damage":0,"enemies":"3 Darklings","floor":48,"turns":6},{"damage":9,"enemies":"Awakened One","floor":50,"turns":17}],"seed_played":"-623810641397294461","potions_obtained":[{"floor":1,"key":"Explosive Potion"},{"floor":11,"key":"AttackPotion"},{"floor":13,"key":"LiquidBronze"},{"floor":22,"key":"Block Potion"},{"floor":27,"key":"Fire Potion"},{"floor":31,"key":"Fire Potion"},{"floor":33,"key":"GamblersBrew"},{"floor":35,"key":"AttackPotion"}],"is_trial":false,"path_per_floor":["M","M","?","M","M","R","M","$","T","?","M","R","M","M","R","B",null,"M","?","?","M","M","R","M","R","T","M","?","R","M","M","R","B",null,"M","?","M","$","M","R","?","R","T","$","R","M","M","M","R","B",null],"character_chosen":"IRONCLAD","items_purchased":["Shrug It Off","Pen Nib","SpeedPotion"],"campfire_rested":4,"item_purchase_floors":[8,38,44],"current_hp_per_floor":[75,80,85,85,85,85,76,76,76,76,74,74,80,85,85,77,85,75,75,75,67,71,71,39,64,64,74,66,85,68,78,78,22,85,85,85,85,85,85,85,85,85,85,85,85,85,84,85,85,85],"gold":74,"neow_bonus":"UPGRADE_CARD","is_prod":false,"is_daily":false,"chose_seed":false,"campfire_upgraded":7,"win_rate":0,"timestamp":1557864608,"path_taken":["M","M","?","M","M","R","M","$","T","?","M","R","M","M","R","BOSS","M","?","?","?","M","R","?","R","T","M","?","R","M","M","R","BOSS","M","?","M","?","M","R","?","R","T","$","R","M","M","M","R","BOSS"],"build_version":"2019-01-23","purchased_purges":3,"victory":true,"max_hp_per_floor":[80,80,85,85,85,85,85,85,85,85,85,85,85,85,85,85,85,85,85,85,85,85,85,85,85,85,85,85,85,85,85,85,85,85,85,85,85,85,85,85,85,85,85,85,85,85,85,85,85,85],"card_choices":[{"not_picked":["Battle Trance","Corruption"],"picked":"Pommel Strike","floor":1},{"not_picked":["Iron Wave","Flame Barrier"],"picked":"True Grit","floor":2},{"not_picked":["Anger","Disarm","Dropkick"],"picked":"SKIP","floor":4},{"not_picked":["Second Wind","Dual Wield","Whirlwind"],"picked":"SKIP","floor":5},{"not_picked":["Clash","Rage"],"picked":"True Grit","floor":7},{"not_picked":["Thunderclap","Havoc"],"picked":"Pommel Strike","floor":11},{"not_picked":["Corruption","Clash"],"picked":"Body Slam","floor":13},{"not_picked":["Rage","Twin Strike"],"picked":"Shrug It Off","floor":14},{"not_picked":["Seeing Red+1","Havoc+1","Spot Weakness"],"picked":"SKIP","floor":18},{"not_picked":["Havoc","Sword Boomerang","Anger"],"picked":"SKIP","floor":21},{"not_picked":["Iron Wave","Perfected Strike","Fire Breathing+1"],"picked":"SKIP","floor":22},{"not_picked":["Anger","Corruption","Headbutt"],"picked":"SKIP","floor":24},{"not_picked":["Wild Strike","Fiend Fire","Flex"],"picked":"SKIP","floor":27},{"not_picked":["Combust","True Grit"],"picked":"Body Slam","floor":30},{"not_picked":["Twin Strike","Headbutt","Bloodletting"],"picked":"SKIP","floor":31},{"not_picked":["Thunderclap+1","Clash"],"picked":"Shrug It Off","floor":34},{"not_picked":["Thunderclap","Ghostly Armor"],"picked":"Shrug It Off","floor":35},{"not_picked":["Thunderclap+1","Sword Boomerang","True Grit"],"picked":"SKIP","floor":37},{"not_picked":["Second Wind+1","Iron Wave+1","Warcry"],"picked":"SKIP","floor":39},{"not_picked":["Armaments","Metallicize","Reaper"],"picked":"SKIP","floor":46},{"not_picked":["True Grit","Second Wind","Iron Wave+1"],"picked":"SKIP","floor":47},{"not_picked":["Power Through","Spot Weakness","Warcry"],"picked":"SKIP","floor":48}],"player_experience":109931,"relics_obtained":[{"floor":9,"key":"FossilizedHelix"},{"floor":26,"key":"Vajra"},{"floor":41,"key":"Unceasing Top"},{"floor":43,"key":"Orichalcum"}],"event_choices":[{"damage_healed":0,"gold_gain":0,"player_choice":"Donut","damage_taken":0,"max_hp_gain":5,"max_hp_loss":0,"event_name":"Big Fish","floor":3,"gold_loss":0},{"damage_healed":0,"gold_gain":0,"player_choice":"Searched \u00271\u0027 times","damage_taken":0,"relics_obtained":["Mercury Hourglass"],"max_hp_gain":0,"max_hp_loss":0,"event_name":"Dead Adventurer","floor":10,"gold_loss":0},{"damage_healed":0,"gold_gain":0,"player_choice":"Inject Mutagens","damage_taken":0,"relics_obtained":["MutagenicStrength"],"max_hp_gain":0,"max_hp_loss":0,"event_name":"Drug Dealer","floor":19,"gold_loss":0},{"cards_removed":["Strike_R"],"damage_healed":0,"gold_gain":0,"player_choice":"Purged","damage_taken":0,"max_hp_gain":0,"max_hp_loss":0,"event_name":"Purifier","floor":20,"gold_loss":0},{"damage_healed":0,"gold_gain":0,"player_choice":"","damage_taken":8,"max_hp_gain":0,"max_hp_loss":0,"event_name":"Knowing Skull","floor":28,"potions_obtained":[],"gold_loss":0,"cards_obtained":[]},{"cards_removed":["Strike_R"],"damage_healed":0,"gold_gain":0,"player_choice":"Upgrade and Remove","damage_taken":0,"max_hp_gain":0,"max_hp_loss":0,"event_name":"Designer","floor":36,"gold_loss":90,"cards_upgraded":["Shrug It Off"]},{"damage_healed":0,"gold_gain":0,"player_choice":"Fight","damage_taken":0,"max_hp_gain":0,"max_hp_loss":0,"event_name":"MindBloom","floor":41,"gold_loss":0}],"is_beta":false,"boss_relics":[{"not_picked":["Lizard Tail","Sozu"],"picked":"Black Blood"},{"not_picked":["Black Star","Tiny House"],"picked":"Orrery"}],"items_purged_floors":[8,38,44],"is_endless":false,"potions_floor_spawned":[1,11,13,22,27,31,33,35,46,48],"ascension_level":0}