{"gold_per_floor":[113,113,123,123,143,172,172,190,190,190,155,155,184,203,203,305,305,324,339,353,353,353],"floor_reached":22,"playtime":1144,"items_purged":[],"score":206,"play_id":"98b87ddb-f3c8-44e9-9410-fd37a2d600a4","local_time":"20190404111829","is_ascension_mode":true,"campfire_choices":[{"data":"Bouncing Flask","floor":7,"key":"SMITH"},{"floor":10,"key":"REST"},{"data":"Noxious Fumes","floor":15,"key":"SMITH"}],"neow_cost":"NONE","seed_source_timestamp":1036987474456700,"circlet_count":0,"master_deck":["Defend_G","Defend_G+1","Defend_G","Defend_G","Defend_G","Strike_G","Strike_G+1","Strike_G","Strike_G","Survivor","Neutralize","Poisoned Stab","Bouncing Flask+1","Poisoned Stab","Die Die Die","Underhanded Strike","All Out Attack","Adrenaline","Noxious Fumes+1","A Thousand Cuts","Cloak And Dagger","Well Laid Plans+1","PiercingWail"],"relics":["Ring of the Snake","Kunai","Matryoshka","Ornamental Fan","Runic Pyramid"],"potions_floor_usage":[20],"damage_taken":[{"damage":0,"enemies":"Jaw Worm","floor":1,"turns":4},{"damage":0,"enemies":"2 Louse","floor":3,"turns":3},{"damage":2,"enemies":"Small Slimes","floor":5,"turns":3},{"damage":10,"enemies":"Gremlin Nob","floor":6,"turns":4},{"damage":18,"enemies":"Exordium Wildlife","floor":8,"turns":4},{"damage":16,"enemies":"3 Sentries","floor":13,"turns":7},{"damage":3,"enemies":"Gremlin Gang","floor":14,"turns":2},{"damage":15,"enemies":"Slime Boss","floor":16,"turns":8},{"damage":15,"enemies":"Spheric Guardian","floor":18,"turns":4},{"damage":8,"enemies":"Shell Parasite","floor":19,"turns":5},{"damage":22,"enemies":"Centurion and Healer","floor":20,"turns":5},{"damage":17,"enemies":"Colosseum Slavers","floor":21,"turns":5},{"damage":30,"enemies":"Shelled Parasite and Fungi","floor":22,"turns":4}],"seed_played":"-7646595126913400345","potions_obtained":[{"floor":6,"key":"Swift Potion"},{"floor":8,"key":"Regen Potion"},{"floor":14,"key":"Strength Potion"},{"floor":19,"key":"Explosive Potion"},{"floor":20,"key":"Strength Potion"}],"is_trial":false,"path_per_floor":["M","?","M","?","M","E","R","M","T","R","?","?","E","M","R","B",null,"M","M","M","?","M"],"character_chosen":"THE_SILENT","items_purchased":[],"campfire_rested":1,"item_purchase_floors":[],"current_hp_per_floor":[77,62,62,62,60,50,50,32,32,55,74,74,58,55,55,40,77,62,54,32,15,0],"gold":353,"neow_bonus":"TEN_PERCENT_HP_BONUS","is_prod":false,"is_daily":false,"chose_seed":false,"campfire_upgraded":2,"win_rate":0,"timestamp":1554391109,"path_taken":["M","?","M","?","M","E","R","M","T","R","?","?","E","?","R","BOSS","M","M","?","?","M"],"build_version":"2019-01-23","purchased_purges":0,"victory":false,"max_hp_per_floor":[77,77,77,77,77,77,77,77,77,77,77,77,77,77,77,77,77,77,77,77,77,77],"card_choices":[{"not_picked":["Underhanded Strike","Deadly Poison"],"picked":"Poisoned Stab","floor":1},{"not_picked":["Deadly Poison","Blade Dance"],"picked":"Bouncing Flask","floor":3},{"not_picked":["Caltrops","Quick Slash"],"picked":"Poisoned Stab","floor":5},{"not_picked":["Tactician","Slice"],"picked":"Die Die Die","floor":6},{"not_picked":["Quick Slash","All Out Attack"],"picked":"Underhanded Strike","floor":8},{"not_picked":["Sucker Punch","Concentrate"],"picked":"Adrenaline","floor":13},{"not_picked":["Slice","Flechettes"],"picked":"Noxious Fumes","floor":14},{"not_picked":["Grand Finale","Venomology"],"picked":"A Thousand Cuts","floor":16},{"not_picked":["Backstab","Flechettes+1"],"picked":"Cloak And Dagger","floor":18},{"not_picked":["Outmaneuver+1","Flying Knee+1"],"picked":"Well Laid Plans+1","floor":19},{"not_picked":["Flying Knee","Poisoned Stab"],"picked":"PiercingWail","floor":20}],"player_experience":69103,"relics_obtained":[{"floor":6,"key":"Kunai"},{"floor":9,"key":"Matryoshka"},{"floor":13,"key":"Ornamental Fan"}],"event_choices":[{"damage_healed":0,"gold_gain":0,"player_choice":"Entered Light","damage_taken":15,"max_hp_gain":0,"max_hp_loss":0,"event_name":"Shining Light","floor":2,"gold_loss":0,"cards_upgraded":["Defend_G","Strike_G"]},{"damage_healed":0,"gold_gain":0,"player_choice":"Ignored","damage_taken":0,"max_hp_gain":0,"max_hp_loss":0,"event_name":"Liars Game","floor":4,"gold_loss":0},{"damage_healed":19,"gold_gain":0,"player_choice":"Healed","damage_taken":0,"max_hp_gain":0,"max_hp_loss":0,"event_name":"The Cleric","floor":11,"gold_loss":35},{"damage_healed":0,"gold_gain":0,"cards_transformed":["Strike_G"],"player_choice":"Change","damage_taken":0,"max_hp_gain":0,"max_hp_loss":0,"event_name":"Living Wall","floor":12,"gold_loss":0,"cards_obtained":["All Out Attack"]},{"damage_healed":0,"gold_gain":0,"player_choice":"Fight","damage_taken":0,"max_hp_gain":0,"max_hp_loss":0,"event_name":"Colosseum","floor":21,"gold_loss":0},{"damage_healed":0,"gold_gain":0,"player_choice":"Fled From Nobs","damage_taken":0,"max_hp_gain":0,"max_hp_loss":0,"event_name":"Colosseum","floor":21,"gold_loss":0}],"is_beta":false,"boss_relics":[{"not_picked":["Fusion Hammer","Runic Dome"],"picked":"Runic Pyramid"}],"items_purged_floors":[],"is_endless":false,"potions_floor_spawned":[6,8,14,19,20,21],"killed_by":"Shelled Parasite and Fungi","ascension_level":1}