{"gold_per_floor":[112,112,112,130,144,144,187,187,187,221,236,275,275,275,275,401,401,417,41,62,62,81,81,124,124,124,163,163,39,39,52,52,52],"floor_reached":33,"playtime":992,"items_purged":["Defend_B"],"score":451,"play_id":"ee3b0e56-6647-43d5-8aed-6e6de30f3852","local_time":"20190515200816","is_ascension_mode":true,"campfire_choices":[{"data":"Defragment","floor":6.0,"key":"SMITH"},{"data":"Dualcast","floor":8,"key":"SMITH"},{"data":"Defend_B","floor":15,"key":"PURGE"},{"data":"Defragment","floor":23,"key":"SMITH"},{"data":"Buffer","floor":25,"key":"SMITH"},{"data":"Strike_B","floor":28,"key":"PURGE"},{"data":"Defragment","floor":32,"key":"SMITH"}],"neow_cost":"NONE","seed_source_timestamp":12953603188014,"circlet_count":0,"master_deck":["Defend_B+1","Defend_B+1","Zap+1","Dualcast+1","Sweeping Beam","Defragment+1","Reinforced Body","All For One","BootSequence","Conserve Battery","Redo+1","Defragment+1","Ball Lightning","Buffer+1","Electrodynamics","Decay","Leap","Defragment+1"],"special_seed":0,"relics":["Cracked Core","Golden Idol","Dodecahedron","Lantern","Peace Pipe","War Paint","Cursed Key","Medical Kit","Mummified Hand","Shovel","Ornamental Fan"],"potions_floor_usage":[16,16,24,33],"damage_taken":[{"damage":6.0,"enemies":"2 Louse","floor":1.0,"turns":2.0},{"damage":7.0,"enemies":"Small Slimes","floor":4.0,"turns":2.0},{"damage":1.0,"enemies":"Cultist","floor":5.0,"turns":3.0},{"damage":20,"enemies":"Lagavulin","floor":7,"turns":7},{"damage":14,"enemies":"Gremlin Nob","floor":10,"turns":4},{"damage":0,"enemies":"3 Louse","floor":11,"turns":2},{"damage":10,"enemies":"3 Sentries","floor":12,"turns":6},{"damage":0,"enemies":"The Guardian","floor":16,"turns":9},{"damage":2,"enemies":"3 Byrds","floor":18,"turns":4},{"damage":0,"enemies":"Chosen","floor":20,"turns":3},{"damage":10,"enemies":"Snake Plant","floor":22,"turns":3},{"damage":21,"enemies":"Slavers","floor":24,"turns":4},{"damage":0,"enemies":"Gremlin Leader","floor":27,"turns":4},{"damage":4,"enemies":"Shelled Parasite and Fungi","floor":31,"turns":4},{"damage":50,"enemies":"Champ","floor":33,"turns":8}],"seed_played":"-5547026788078997939","potions_obtained":[{"floor":7,"key":"Strength Potion"},{"floor":11,"key":"AttackPotion"},{"floor":12,"key":"Weak Potion"},{"floor":20,"key":"Dexterity Potion"},{"floor":31,"key":"SpeedPotion"}],"is_trial":false,"path_per_floor":["M","?","?","M","M","R","E","R","T","E","M","E","?","?","R","B",null,"M","$","M","?","M","R","E","R","T","E","R","$","?","M","R","B"],"character_chosen":"DEFECT","items_purchased":["Defragment","Medical Kit","Ball Lightning","PowerPotion","Leap"],"campfire_rested":0,"item_purchase_floors":[19,19,19,19,29],"current_hp_per_floor":[69,74,74,67,66,66,46,46,46,32,32,22,22,15,15,15,74,72,72,72,72,62,62,41,41,41,41,41,41,41,37,37,0],"gold":52,"neow_bonus":"UPGRADE_CARD","is_prod":false,"is_daily":false,"chose_seed":false,"campfire_upgraded":5,"win_rate":0,"timestamp":1557943696,"path_taken":["M","?","?","M","M","R","E","R","T","E","M","E","?","?","R","BOSS","M","$","M","?","M","R","E","R","T","E","R","$","?","M","R","BOSS"],"build_version":"2019-01-23","purchased_purges":1,"victory":false,"max_hp_per_floor":[75,80,74,74,74,74,74,74,74,74,74,74,74,74,74,74,74,74,74,74,74,74,74,74,74,74,74,74,74,74,74,74,74],"card_choices":[{"not_picked":["Cold Snap","Consume"],"picked":"Sweeping Beam","floor":1.0},{"not_picked":["Compile Driver","Ball Lightning"],"picked":"Defragment","floor":4.0},{"not_picked":["Compile Driver","Beam Cell","Sweeping Beam"],"picked":"SKIP","floor":5.0},{"not_picked":["Double Energy","Streamline"],"picked":"Reinforced Body","floor":7},{"not_picked":["Compile Driver","Genetic Algorithm"],"picked":"All For One","floor":10},{"not_picked":["Steam","Double Energy"],"picked":"BootSequence","floor":11},{"not_picked":["Compile Driver","Gash"],"picked":"Conserve Battery","floor":12},{"not_picked":["Lockon+1","Rip and Tear"],"picked":"Redo+1","floor":18},{"not_picked":["Ball Lightning","Hologram","Sweeping Beam"],"picked":"SKIP","floor":20},{"not_picked":["Stack","Chill"],"picked":"Buffer","floor":22},{"not_picked":["Darkness","Coolheaded"],"picked":"Electrodynamics","floor":24},{"not_picked":["Sweeping Beam","Gash+1","Barrage"],"picked":"SKIP","floor":27},{"not_picked":["Beam Cell","Cold Snap+1"],"picked":"Defragment","floor":31}],"player_experience":55797,"relics_obtained":[{"floor":7,"key":"Dodecahedron"},{"floor":9,"key":"Lantern"},{"floor":10,"key":"Peace Pipe"},{"floor":12,"key":"War Paint"},{"floor":24,"key":"Mummified Hand"},{"floor":26,"key":"Shovel"},{"floor":27,"key":"Ornamental Fan"}],"event_choices":[{"damage_healed":0.0,"max_hp_gain":5.0,"max_hp_loss":0.0,"gold_gain":0.0,"event_name":"Big Fish","player_choice":"Donut","floor":2.0,"gold_loss":0.0,"damage_taken":0.0},{"damage_healed":0.0,"max_hp_gain":0.0,"max_hp_loss":6.0,"gold_gain":0.0,"event_name":"Golden Idol","player_choice":"Lose Max HP","floor":3.0,"gold_loss":0.0,"damage_taken":0.0,"relics_obtained":["Golden Idol"]},{"cards_removed":["Strike_B"],"damage_healed":0,"gold_gain":0,"player_choice":"Forget","damage_taken":0,"max_hp_gain":0,"max_hp_loss":0,"event_name":"Living Wall","floor":13,"gold_loss":0},{"cards_removed":["Strike_B"],"damage_healed":0,"gold_gain":0,"player_choice":"Card Removal","damage_taken":7,"max_hp_gain":0,"max_hp_loss":0,"event_name":"Golden Wing","floor":14,"gold_loss":0},{"damage_healed":0,"gold_gain":0,"player_choice":"Ignored","damage_taken":0,"max_hp_gain":0,"max_hp_loss":0,"event_name":"Ghosts","floor":21,"gold_loss":0},{"cards_removed":["Strike_B"],"damage_healed":0,"gold_gain":0,"player_choice":"Offered Basic","damage_taken":0,"max_hp_gain":0,"max_hp_loss":0,"event_name":"Bonfire Elementals","floor":30,"gold_loss":0}],"is_beta":false,"boss_relics":[{"not_picked":["Busted Crown","Calling Bell"],"picked":"Cursed Key"}],"items_purged_floors":[29],"is_endless":false,"potions_floor_spawned":[7,11,12,20,22,31],"killed_by":"Champ","ascension_level":4}