{"path_per_floor":["M","?","$","M","M","M","M","R","T","M","M","$","M"],"character_chosen":"THE_SILENT","items_purchased":["Quick Slash","Deadly Poison"],"gold_per_floor":[119,119,17,33,47,62,79,79,79,98,110,85,104,104],"floor_reached":14,"campfire_rested":1,"playtime":1067,"item_purchase_floors":[3,12],"current_hp_per_floor":[35,42,42,38,38,25,22,45,45,34,17,17,15,0],"items_purged":["Regret"],"gold":104,"score":95,"play_id":"a7d50e9c-0f6b-4d05-ab95-42728308e899","local_time":"20180611023503","is_prod":false,"is_daily":false,"chose_seed":false,"is_ascension_mode":true,"campfire_upgraded":0,"win_rate":0,"timestamp":1528695303,"campfire_choices":[{"floor":8,"key":"REST"}],"path_taken":["M","?","$","M","M","M","M","R","T","M","M","?","?","M"],"build_version":"2018-06-07v3","seed_source_timestamp":538913227817529,"purchased_purges":1,"victory":false,"master_deck":["Defend_G","Defend_G","Defend_G","Defend_G","Defend_G","Strike_G","Strike_G","Strike_G","Strike_G","Strike_G","Survivor","Neutralize","After Image","Flying Knee","Quick Slash","Cloak And Dagger","Tools of the Trade","Sucker Punch","Poisoned Stab","All Out Attack","Envenom","Deadly Poison","Bane"],"max_hp_per_floor":[70,77,77,77,77,77,77,77,77,77,77,77,77,77],"relics":["Ring of the Snake","Strawberry","Orichalcum"],"card_choices":[{"not_picked":["Glass Knife","Wraith Form v2"],"picked":"After Image","floor":0},{"not_picked":["Setup","Dodge and Roll"],"picked":"Flying Knee","floor":1},{"not_picked":["PiercingWail","Deflect"],"picked":"Cloak And Dagger","floor":4},{"not_picked":["Eviscerate","Flechettes"],"picked":"Tools of the Trade","floor":5},{"not_picked":["Reflex","Deflect"],"picked":"Sucker Punch","floor":6},{"not_picked":["Dagger Throw","Masterful Stab"],"picked":"Poisoned Stab","floor":7},{"not_picked":["Flying Knee","Sucker Punch"],"picked":"All Out Attack","floor":10},{"not_picked":["PiercingWail","Dash"],"picked":"Envenom","floor":11},{"not_picked":["Underhanded Strike","Dagger Throw"],"picked":"Bane","floor":13}],"player_experience":332650,"potions_floor_usage":[7,7,13],"damage_taken":[{"damage":0,"enemies":"Jaw Worm","floor":1,"turns":7},{"damage":4,"enemies":"Small Slimes","floor":4,"turns":2},{"damage":0,"enemies":"Cultist","floor":5,"turns":4},{"damage":13,"enemies":"Exordium Thugs","floor":6,"turns":6},{"damage":18,"enemies":"Lots of Slimes","floor":7,"turns":7},{"damage":11,"enemies":"3 Louse","floor":10,"turns":4},{"damage":17,"enemies":"Large Slime","floor":11,"turns":5},{"damage":2,"enemies":"Gremlin Gang","floor":13,"turns":4},{"damage":20,"enemies":"Exordium Thugs","floor":14,"turns":3}],"relics_obtained":[{"floor":9,"key":"Orichalcum"}],"event_choices":[{"event_name":"Big Fish","player_choice":"Box","floor":2,"damage_taken":0}],"boss_relics":[],"items_purged_floors":[3],"potions_floor_spawned":[5,6,11,13],"seed_played":"8388945168978143354","killed_by":"Exordium Thugs","ascension_level":2,"potions_obtained":[{"floor":5,"key":"AttackPotion"},{"floor":6,"key":"Regen Potion"},{"floor":11,"key":"Poison Potion"},{"floor":13,"key":"Ancient Potion"}],"is_trial":false}