{"gold_per_floor":[364,147,115,290,290,323,323,351,351,351,351,25,36,46,46,145,145,160,10,10,0,75,75,101,101,101,130,55,55,73,107,107,204,204,220,43,0,0,11,38,38],"floor_reached":41,"playtime":2884,"items_purged":["Strike_G","Strike_G","Strike_G"],"score":738,"play_id":"c630d9fd-c199-4a49-8897-63a64685cd99","local_time":"20190422115942","is_ascension_mode":true,"campfire_choices":[{"floor":7,"key":"REST"},{"data":"Catalyst","floor":15,"key":"SMITH"},{"data":"Bouncing Flask","floor":23,"key":"SMITH"},{"data":"Neutralize","floor":25,"key":"SMITH"},{"data":"Well Laid Plans","floor":32,"key":"SMITH"}],"neow_cost":"PERCENT_DAMAGE","seed_source_timestamp":3602067557147132,"circlet_count":0,"master_deck":["Defend_G","Defend_G","Defend_G","Defend_G","Defend_G","Strike_G","Survivor","Neutralize+1","PiercingWail","Noxious Fumes+1","Bouncing Flask+1","Sucker Punch","Catalyst+1","Infinite Blades","Well Laid Plans+1","Backflip","Dagger Spray","Envenom","Tactician","Ghostly","Ghostly","Ghostly","Ghostly","Ghostly","Footwork","Backflip","Underhanded Strike","Tools of the Trade","Blur+1","Catalyst"],"relics":["Ring of the Serpent","Blood Vial","Juzu Bracelet","Happy Flower","Art of War","Snecko Eye","Shuriken","Calipers","Mercury Hourglass","Gambling Chip","Dream Catcher","Red Mask","Sundial","The Specimen"],"potions_floor_usage":[6,8,16,31,33,41],"damage_taken":[{"damage":0,"enemies":"Jaw Worm","floor":1,"turns":4},{"damage":43,"enemies":"Gremlin Nob","floor":6,"turns":5},{"damage":21,"enemies":"3 Sentries","floor":8,"turns":9},{"damage":0,"enemies":"Small Slimes","floor":13,"turns":4},{"damage":0,"enemies":"Cultist","floor":14,"turns":4},{"damage":0,"enemies":"The Guardian","floor":16,"turns":8},{"damage":0,"enemies":"3 Byrds","floor":18,"turns":3},{"damage":0,"enemies":"2 Thieves","floor":21,"turns":4},{"damage":6,"enemies":"Gremlin Leader","floor":24,"turns":7},{"damage":0,"enemies":"Book of Stabbing","floor":27,"turns":5},{"damage":0,"enemies":"Sentry and Sphere","floor":30,"turns":5},{"damage":0,"enemies":"Slavers","floor":31,"turns":5},{"damage":0,"enemies":"Collector","floor":33,"turns":10},{"damage":0,"enemies":"3 Shapes","floor":35,"turns":7},{"damage":0,"enemies":"3 Darklings","floor":39,"turns":5},{"damage":0,"enemies":"Giant Head","floor":40,"turns":8},{"damage":35,"enemies":"2 Orb Walkers","floor":41,"turns":6}],"seed_played":"-1167441834471460449","potions_obtained":[{"floor":6,"key":"Dexterity Potion"},{"floor":14,"key":"Fire Potion"},{"floor":18,"key":"GamblersBrew"},{"floor":24,"key":"SpeedPotion"},{"floor":31,"key":"Regen Potion"},{"floor":39,"key":"Fire Potion"}],"is_trial":false,"path_per_floor":["M","$","?","?","?","E","R","E","T","?","?","$","M","M","R","B",null,"M","$","?","M","T","R","E","R","T","E","?","$","M","E","R","B",null,"M","$","?","?","M","E","?"],"character_chosen":"THE_SILENT","items_purchased":["Noxious Fumes","Bouncing Flask","Sucker Punch","Poison Potion","Well Laid Plans","Backflip","Art of War","Energy Potion","Dexterity Potion"],"campfire_rested":1,"item_purchase_floors":[2,2,2,2,12,12,12,19,36],"current_hp_per_floor":[49,49,49,49,70,27,48,29,29,29,29,29,31,33,33,35,70,70,70,35,35,35,35,29,29,29,31,31,31,33,35,35,35,35,35,35,35,35,35,35,0],"gold":38,"neow_bonus":"TWO_FIFTY_GOLD","is_prod":false,"is_daily":false,"chose_seed":false,"campfire_upgraded":4,"win_rate":0,"timestamp":1555948782,"path_taken":["M","$","?","?","?","E","R","E","T","?","?","$","M","M","R","BOSS","M","$","?","M","?","R","E","R","T","E","?","?","M","E","R","BOSS","M","$","?","?","M","E","?"],"build_version":"2019-04-21","purchased_purges":3,"victory":false,"max_hp_per_floor":[70,70,70,70,70,70,70,70,70,70,70,70,70,70,70,70,70,70,70,35,35,35,35,35,35,35,35,35,35,35,35,35,35,35,35,35,35,35,35,35,35],"card_choices":[{"not_picked":["Slice","Blade Dance"],"picked":"PiercingWail","floor":1},{"not_picked":["PiercingWail","Predator"],"picked":"Catalyst","floor":6},{"not_picked":["Sucker Punch","Accuracy"],"picked":"Infinite Blades","floor":8},{"not_picked":["Dagger Throw","Distraction"],"picked":"Dagger Spray","floor":13},{"not_picked":["Infinite Blades","Sucker Punch","Eviscerate"],"picked":"SKIP","floor":14},{"not_picked":["Phantasmal Killer","Night Terror"],"picked":"Envenom","floor":16},{"not_picked":["Flying Knee","Escape Plan"],"picked":"Tactician","floor":18},{"not_picked":["Dagger Spray","Slice","Prepared"],"picked":"SKIP","floor":21},{"not_picked":["Deadly Poison","Dagger Spray","Sucker Punch"],"picked":"SKIP","floor":24},{"not_picked":["Unload","Catalyst"],"picked":"Footwork","floor":27},{"not_picked":["Concentrate+1","Flechettes"],"picked":"Backflip","floor":30},{"not_picked":["Escape Plan","Flechettes+1"],"picked":"Underhanded Strike","floor":31},{"not_picked":["Storm of Steel","A Thousand Cuts"],"picked":"Tools of the Trade","floor":33},{"not_picked":["Outmaneuver+1","Cloak And Dagger+1"],"picked":"Blur+1","floor":35},{"not_picked":["Concentrate","Dodge and Roll"],"picked":"Catalyst","floor":39},{"not_picked":["Well Laid Plans+1","Terror+1","Dagger Throw+1"],"picked":"SKIP","floor":40}],"player_experience":5440037,"relics_obtained":[{"floor":6,"key":"Blood Vial"},{"floor":8,"key":"Juzu Bracelet"},{"floor":9,"key":"Happy Flower"},{"floor":22,"key":"Shuriken"},{"floor":24,"key":"Calipers"},{"floor":26,"key":"Mercury Hourglass"},{"floor":27,"key":"Gambling Chip"},{"floor":31,"key":"Dream Catcher"},{"floor":40,"key":"The Specimen"}],"event_choices":[{"damage_healed":0,"gold_gain":0,"player_choice":"Left Gold","damage_taken":0,"max_hp_gain":0,"max_hp_loss":0,"event_name":"World of Goop","floor":3,"gold_loss":32},{"damage_healed":0,"gold_gain":175,"player_choice":"AGREE","damage_taken":0,"max_hp_gain":0,"max_hp_loss":0,"event_name":"Liars Game","floor":4,"gold_loss":0,"cards_obtained":["Doubt"]},{"damage_healed":23,"gold_gain":0,"player_choice":"Banana","damage_taken":0,"max_hp_gain":0,"max_hp_loss":0,"event_name":"Big Fish","floor":5,"gold_loss":0},{"cards_removed":["Doubt"],"damage_healed":0,"gold_gain":0,"player_choice":"Purged","damage_taken":0,"max_hp_gain":0,"max_hp_loss":0,"event_name":"Purifier","floor":10,"gold_loss":0},{"damage_healed":0,"gold_gain":0,"player_choice":"Grow","damage_taken":0,"max_hp_gain":0,"max_hp_loss":0,"event_name":"Living Wall","floor":11,"gold_loss":0,"cards_upgraded":["Noxious Fumes"]},{"damage_healed":0,"gold_gain":0,"player_choice":"Became a Ghost","damage_taken":0,"max_hp_gain":0,"max_hp_loss":35,"event_name":"Ghosts","floor":20,"gold_loss":0,"cards_obtained":["Ghostly","Ghostly","Ghostly","Ghostly","Ghostly"]},{"cards_removed":["Strike_G"],"damage_healed":0,"gold_gain":0,"player_choice":"Gave Gold","damage_taken":0,"max_hp_gain":0,"max_hp_loss":0,"event_name":"Beggar","floor":28,"gold_loss":75},{"damage_healed":0,"gold_gain":0,"player_choice":"Paid","damage_taken":0,"relics_obtained":["Red Mask"],"max_hp_gain":0,"max_hp_loss":0,"event_name":"Tomb of Lord Red Mask","floor":37,"gold_loss":43},{"damage_healed":0,"gold_gain":0,"player_choice":"Gave Potion","damage_taken":0,"relics_obtained":["Sundial"],"max_hp_gain":0,"max_hp_loss":0,"event_name":"WeMeetAgain","floor":38,"gold_loss":0},{"damage_healed":0,"gold_gain":0,"player_choice":"Fight","damage_taken":0,"max_hp_gain":0,"max_hp_loss":0,"event_name":"Mysterious Sphere","floor":41,"gold_loss":0}],"is_beta":true,"boss_relics":[{"not_picked":["Lizard Tail","Tiny House"],"picked":"Snecko Eye"},{"not_picked":["WristBlade","Black Star"],"picked":"Ring of the Serpent"}],"items_purged_floors":[12,19,36],"is_endless":false,"potions_floor_spawned":[6,14,18,24,30,31,39],"killed_by":"2 Orb Walkers","ascension_level":1}