{"gold_per_floor":[113,113,123,136,136,136,157,177,177,213,213,213,213,226,226,226],"floor_reached":16,"playtime":610,"items_purged":[],"score":152,"play_id":"7191f86e-90d9-4234-b30f-2522b3c4dcb7","local_time":"20190328154633","is_ascension_mode":false,"campfire_choices":[{"data":"Anger","floor":6,"key":"SMITH"},{"data":"Thunderclap","floor":11,"key":"SMITH"},{"floor":15,"key":"REST"}],"neow_cost":"NONE","seed_source_timestamp":453799670187200,"circlet_count":0,"master_deck":["Strike_R","Strike_R","Strike_R","Strike_R","Strike_R","Defend_R","Defend_R","Defend_R","Defend_R","Bash","Feed+1","Headbutt","Anger+1","Sword Boomerang","Anger","Thunderclap+1","Dark Embrace","Shrug It Off"],"relics":["Burning Blood","Golden Idol","Kunai","Pear","Juzu Bracelet"],"potions_floor_usage":[10,16,16,16],"damage_taken":[{"damage":9,"enemies":"2 Louse","floor":1,"turns":4},{"damage":5,"enemies":"Small Slimes","floor":3,"turns":3},{"damage":6,"enemies":"Jaw Worm","floor":4,"turns":4},{"damage":48,"enemies":"Gremlin Gang","floor":7,"turns":6},{"damage":7,"enemies":"Lots of Slimes","floor":8,"turns":4},{"damage":10,"enemies":"3 Sentries","floor":10,"turns":6},{"damage":10,"enemies":"3 Louse","floor":14,"turns":3},{"damage":87,"enemies":"The Guardian","floor":16,"turns":10}],"seed_played":"3650347121174566503","potions_obtained":[{"floor":1,"key":"FearPotion"},{"floor":8,"key":"Fire Potion"},{"floor":10,"key":"Fire Potion"},{"floor":14,"key":"Dexterity Potion"}],"is_trial":false,"path_per_floor":["M","?","M","M","?","R","M","M","T","E","R","?","?","M","R","B"],"character_chosen":"IRONCLAD","items_purchased":[],"campfire_rested":1,"item_purchase_floors":[],"current_hp_per_floor":[80,80,85,89,84,84,46,49,49,59,59,52,57,53,86,0],"gold":226,"neow_bonus":"ONE_RANDOM_RARE_CARD","is_prod":false,"is_daily":false,"chose_seed":false,"campfire_upgraded":2,"win_rate":0.0,"timestamp":1553802393,"path_taken":["M","?","M","M","?","R","M","M","T","E","R","?","?","M","R","BOSS"],"build_version":"2019-01-23","purchased_purges":0,"victory":false,"max_hp_per_floor":[83,83,87,91,84,84,88,92,92,106,106,106,111,111,111,111],"card_choices":[{"not_picked":["Flex","Pummel"],"picked":"Headbutt","floor":1},{"not_picked":["Heavy Blade","Spot Weakness"],"picked":"Anger","floor":3},{"not_picked":["Perfected Strike","Rage"],"picked":"Sword Boomerang","floor":4},{"not_picked":["Warcry","True Grit"],"picked":"Anger","floor":7},{"not_picked":["Perfected Strike","Heavy Blade"],"picked":"Thunderclap","floor":8},{"not_picked":["Body Slam","Whirlwind"],"picked":"Dark Embrace","floor":10},{"not_picked":["Perfected Strike","Iron Wave"],"picked":"Shrug It Off","floor":14}],"player_experience":23943,"relics_obtained":[{"floor":9,"key":"Kunai"},{"floor":10,"key":"Pear"}],"event_choices":[{"damage_healed":0,"gold_gain":0,"player_choice":"Grow","damage_taken":0,"max_hp_gain":0,"max_hp_loss":0,"event_name":"Living Wall","floor":2,"gold_loss":0,"cards_upgraded":["Feed"]},{"damage_healed":0,"gold_gain":0,"player_choice":"Lose Max HP","damage_taken":0,"relics_obtained":["Golden Idol"],"max_hp_gain":0,"max_hp_loss":7,"event_name":"Golden Idol","floor":5,"gold_loss":0},{"damage_healed":0,"gold_gain":0,"player_choice":"Success","damage_taken":7,"relics_obtained":["Juzu Bracelet"],"max_hp_gain":0,"max_hp_loss":0,"event_name":"Scrap Ooze","floor":12,"gold_loss":0},{"damage_healed":0,"gold_gain":0,"player_choice":"Donut","damage_taken":0,"max_hp_gain":5,"max_hp_loss":0,"event_name":"Big Fish","floor":13,"gold_loss":0}],"is_beta":false,"boss_relics":[],"items_purged_floors":[],"is_endless":false,"potions_floor_spawned":[1,8,10,14],"killed_by":"The Guardian","ascension_level":0}