{"gold_per_floor":[115,115,115,40,51,51,3,33,33,67,82,92,92,106,106,207,207,220,220,220,220,233,233,251,262,292,66,66],"floor_reached":28,"playtime":699,"items_purged":["Regret"],"score":392,"play_id":"461867fe-d7c2-4e9d-a385-2a2f002359b1","local_time":"20190223034730","is_ascension_mode":true,"campfire_choices":[{"data":"Backstab","floor":6,"key":"SMITH"},{"floor":15,"key":"REST"},{"floor":23,"key":"REST"}],"neow_cost":"NONE","seed_source_timestamp":742077562628795,"circlet_count":0,"master_deck":["AscendersBane","Defend_G","Defend_G","Defend_G","Defend_G","Defend_G","Strike_G","Strike_G","Strike_G","Strike_G","Survivor","Neutralize","Poisoned Stab","Backstab+1","Poisoned Stab","Catalyst","Dash","Deadly Poison","Infinite Blades","Slice","A Thousand Cuts","Endless Agony","Poisoned Stab","Dodge and Roll+1","Caltrops","Masterful Stab"],"relics":["Ring of the Snake","NeowsBlessing","Kunai","Bag of Marbles","Happy Flower","Ancient Tea Set","WristBlade","MutagenicStrength","Enchiridion","Tiny Chest","Pen Nib"],"potions_floor_usage":[10,16,16,28],"damage_taken":[{"damage":0,"enemies":"2 Louse","floor":1,"turns":1},{"damage":0,"enemies":"Jaw Worm","floor":5,"turns":1},{"damage":0,"enemies":"Gremlin Nob","floor":8,"turns":1},{"damage":6,"enemies":"Lagavulin","floor":10,"turns":5},{"damage":0,"enemies":"Small Slimes","floor":11,"turns":2},{"damage":4,"enemies":"2 Fungi Beasts","floor":12,"turns":3},{"damage":0,"enemies":"Large Slime","floor":14,"turns":5},{"damage":35,"enemies":"Slime Boss","floor":16,"turns":13},{"damage":17,"enemies":"Spheric Guardian","floor":18,"turns":4},{"damage":0,"enemies":"Chosen","floor":22,"turns":2},{"damage":0,"enemies":"Snake Plant","floor":24,"turns":1},{"damage":18,"enemies":"Chosen and Byrds","floor":25,"turns":4},{"damage":28,"enemies":"Masked Bandits","floor":28,"turns":3}],"seed_played":"2337493401323869189","potions_obtained":[{"floor":5,"key":"GhostInAJar"},{"floor":10,"key":"Weak Potion"},{"floor":11,"key":"Fire Potion"},{"floor":18,"key":"SteroidPotion"},{"floor":22,"key":"Strength Potion"}],"is_trial":false,"path_per_floor":["M","?","?","$","M","R","$","E","T","E","M","M","?","M","R","B",null,"M","?","?","?","M","R","M","M","T","$","?"],"character_chosen":"THE_SILENT","items_purchased":["Poisoned Stab","Masterful Stab","Pen Nib"],"campfire_rested":2,"item_purchase_floors":[7,27,27],"current_hp_per_floor":[63,56,56,56,56,56,56,56,56,50,50,46,28,28,49,14,56,39,39,23,10,10,32,32,14,14,14,0],"gold":66,"neow_bonus":"THREE_ENEMY_KILL","is_prod":false,"is_daily":false,"chose_seed":false,"campfire_upgraded":1,"win_rate":0,"timestamp":1550904450,"path_taken":["M","?","?","$","M","R","$","E","T","E","M","?","?","M","R","BOSS","M","?","?","?","M","R","M","M","T","$","?"],"build_version":"2019-01-23","purchased_purges":1,"victory":false,"max_hp_per_floor":[70,70,70,70,70,70,70,70,70,70,70,70,70,70,70,70,70,70,70,70,75,75,75,75,75,75,75,75],"card_choices":[{"not_picked":["Eviscerate","Bane"],"picked":"Poisoned Stab","floor":1},{"not_picked":["PiercingWail","Sucker Punch"],"picked":"Backstab","floor":5},{"not_picked":["Deflect","Setup"],"picked":"Catalyst","floor":8},{"not_picked":["Sucker Punch","Tools of the Trade"],"picked":"Dash","floor":10},{"not_picked":["Reflex","Terror"],"picked":"Deadly Poison","floor":11},{"not_picked":["Outmaneuver","Acrobatics"],"picked":"Infinite Blades","floor":12},{"not_picked":["Bane","Quick Slash"],"picked":"Slice","floor":14},{"not_picked":["Bullet Time","Tools of the Trade"],"picked":"A Thousand Cuts","floor":16},{"not_picked":["Underhanded Strike","Deflect"],"picked":"Endless Agony","floor":18},{"not_picked":["Flying Knee","Underhanded Strike"],"picked":"Poisoned Stab","floor":22},{"not_picked":["Quick Slash","Deadly Poison"],"picked":"Dodge and Roll+1","floor":24},{"not_picked":["Prepared+1","Acrobatics"],"picked":"Caltrops","floor":25}],"player_experience":831738,"relics_obtained":[{"floor":8,"key":"Bag of Marbles"},{"floor":10,"key":"Happy Flower"},{"floor":20,"key":"Enchiridion"},{"floor":26,"key":"Tiny Chest"}],"event_choices":[{"cards_removed":["Strike_G"],"damage_healed":0,"gold_gain":0,"player_choice":"Card Removal","damage_taken":7,"max_hp_gain":0,"max_hp_loss":0,"event_name":"Golden Wing","floor":2,"gold_loss":0},{"damage_healed":0,"gold_gain":0,"player_choice":"Box","damage_taken":0,"relics_obtained":["Kunai"],"max_hp_gain":0,"max_hp_loss":0,"event_name":"Big Fish","floor":3,"gold_loss":0,"cards_obtained":["Regret"]},{"damage_healed":0,"gold_gain":0,"player_choice":"Success","damage_taken":18,"relics_obtained":["Ancient Tea Set"],"max_hp_gain":0,"max_hp_loss":0,"event_name":"Scrap Ooze","floor":13,"gold_loss":0},{"damage_healed":0,"gold_gain":0,"player_choice":"Inject Mutagens","damage_taken":0,"relics_obtained":["MutagenicStrength"],"max_hp_gain":0,"max_hp_loss":0,"event_name":"Drug Dealer","floor":19,"gold_loss":0},{"damage_healed":0,"gold_gain":0,"player_choice":"Obtained Book","damage_taken":16,"max_hp_gain":0,"max_hp_loss":0,"event_name":"Cursed Tome","floor":20,"gold_loss":0},{"damage_healed":0,"gold_gain":0,"player_choice":"Shed Blood","damage_taken":18,"max_hp_gain":5,"max_hp_loss":0,"event_name":"Forgotten Altar","floor":21,"gold_loss":0},{"damage_healed":0,"gold_gain":0,"player_choice":"Fought Bandits","damage_taken":0,"max_hp_gain":0,"max_hp_loss":0,"event_name":"Masked Bandits","floor":28,"gold_loss":0}],"is_beta":false,"boss_relics":[{"not_picked":["Coffee Dripper","Astrolabe"],"picked":"WristBlade"}],"items_purged_floors":[4],"is_endless":false,"potions_floor_spawned":[5,10,11,12,18,22],"killed_by":"Masked Bandits","ascension_level":11}