{"gold_per_floor":[366,19,94,94,104,133,144,144,192,221,236,236,236,236,236,332,332,348,41,41,54,254,254,282,282,282,292,292,311,108,122,122,221,221,235,254,354,370,385,385,385,414,414,444,444,444,464,29,29,29],"floor_reached":51,"playtime":2503,"items_purged":["Parasite","Pain"],"score":833,"play_id":"7901d912-b510-42f5-b372-5575c01433e4","local_time":"20190510203113","is_ascension_mode":false,"campfire_choices":[{"data":"Immolate","floor":8,"key":"SMITH"},{"data":"Bash","floor":12,"key":"SMITH"},{"data":"Thunderclap","floor":15,"key":"SMITH"},{"data":"Whirlwind","floor":23,"key":"SMITH"},{"data":"Disarm","floor":25,"key":"SMITH"},{"data":"Burning Pact","floor":28,"key":"SMITH"},{"data":"True Grit","floor":32,"key":"SMITH"},{"data":"Bloodletting","floor":40,"key":"SMITH"},{"floor":46,"key":"REST"},{"data":"Brutality","floor":49,"key":"SMITH"}],"neow_cost":"CURSE","seed_source_timestamp":1068825288033810,"circlet_count":0,"master_deck":["Bash+1","Headbutt+1","Battle Trance+1","Immolate+1","Thunderclap+1","Shrug It Off","Offering","Burning Pact+1","Brutality+1","Evolve","Second Wind+1","Feed","Iron Wave","Rage","Sword Boomerang+1","Disarm+1","Infernal Blade+1","Whirlwind+1","Rupture+1","True Grit+1","Impervious","Pommel Strike+1","Dark Embrace+1","Shrug It Off+1","Bloodletting+1","Madness","Madness","Warcry+1","Pommel Strike+1","Rupture+1"],"relics":["Burning Blood","Tiny Chest","Bag of Marbles","Kunai","Pocketwatch","Art of War","Gremlin Horn","WarpedTongs","Pandora\u0027s Box","Sling","Frozen Egg 2","Whetstone","Champion Belt","War Paint","Mark of Pain","Prayer Wheel","Blood Vial","Bottled Flame","Bronze Scales","DollysMirror","Centennial Puzzle"],"potions_floor_usage":[6,6,42,42,50],"damage_taken":[{"damage":6,"enemies":"Jaw Worm","floor":1,"turns":6},{"damage":0,"enemies":"Small Slimes","floor":5,"turns":4},{"damage":15,"enemies":"Lagavulin","floor":6,"turns":6},{"damage":0,"enemies":"Cultist","floor":7,"turns":2},{"damage":9,"enemies":"3 Sentries","floor":10,"turns":3},{"damage":1,"enemies":"Large Slime","floor":11,"turns":3},{"damage":11,"enemies":"Slime Boss","floor":16,"turns":5},{"damage":6,"enemies":"2 Thieves","floor":18,"turns":1},{"damage":5,"enemies":"Spheric Guardian","floor":21,"turns":3},{"damage":7,"enemies":"Gremlin Leader","floor":24,"turns":2},{"damage":16,"enemies":"Snake Plant","floor":27,"turns":2},{"damage":9,"enemies":"Snecko","floor":29,"turns":3},{"damage":5,"enemies":"Centurion and Healer","floor":31,"turns":3},{"damage":23,"enemies":"Champ","floor":33,"turns":8},{"damage":6,"enemies":"Orb Walker","floor":35,"turns":2},{"damage":4,"enemies":"3 Shapes","floor":36,"turns":5},{"damage":19,"enemies":"Mind Bloom Boss Battle","floor":37,"turns":6},{"damage":3,"enemies":"Sphere and 2 Shapes","floor":38,"turns":4},{"damage":17,"enemies":"Spire Growth","floor":39,"turns":4},{"damage":10,"enemies":"Nemesis","floor":42,"turns":3},{"damage":27,"enemies":"Giant Head","floor":44,"turns":4},{"damage":11,"enemies":"Writhing Mass","floor":47,"turns":3},{"damage":37,"enemies":"Time Eater","floor":50,"turns":10}],"seed_played":"-6766180554030842398","potions_obtained":[{"floor":1,"key":"SteroidPotion"},{"floor":5,"key":"PowerPotion"},{"floor":7,"key":"Poison Potion"},{"floor":18,"key":"BloodPotion"},{"floor":24,"key":"FairyPotion"},{"floor":27,"key":"EssenceOfSteel"},{"floor":33,"key":"PowerPotion"},{"floor":35,"key":"Energy Potion"},{"floor":44,"key":"SpeedPotion"}],"is_trial":false,"path_per_floor":["M","$","?","T","M","E","M","R","T","E","M","R","?","?","R","B",null,"M","$","T","M","?","R","E","R","T","M","R","M","$","M","R","B",null,"M","M","?","M","M","R","?","E","T","E","?","R","M","$","R","B",null],"character_chosen":"IRONCLAD","items_purchased":["Tiny Chest","Bag of Marbles","Sling","True Grit","War Paint","DollysMirror","Rupture+1","Centennial Puzzle"],"campfire_rested":1,"item_purchase_floors":[2,2,19,30,30,48,48,48],"current_hp_per_floor":[80,77,66,66,72,63,69,69,69,66,71,71,71,71,71,66,77,77,77,77,77,77,77,79,79,79,72,72,69,69,73,73,56,86,86,90,81,87,76,76,76,75,75,59,46,76,77,77,77,48],"gold":29,"neow_bonus":"TWO_FIFTY_GOLD","is_prod":false,"is_daily":false,"chose_seed":false,"campfire_upgraded":9,"win_rate":0,"timestamp":1557516673,"path_taken":["M","$","?","?","M","E","M","R","T","E","M","R","?","?","R","BOSS","M","$","?","M","?","R","E","R","T","M","R","?","$","M","R","BOSS","M","?","?","M","M","R","?","E","T","E","?","R","M","$","R","BOSS"],"build_version":"2019-05-07","purchased_purges":2,"victory":true,"max_hp_per_floor":[80,77,77,77,77,77,77,77,77,77,77,77,77,77,77,77,77,77,77,77,77,77,77,80,80,80,83,83,83,83,86,86,86,86,86,90,94,97,97,97,97,100,100,103,103,103,107,107,107,107],"card_choices":[{"not_picked":["Rage","Armaments"],"picked":"Headbutt","floor":1},{"not_picked":["Carnage","Flex"],"picked":"Battle Trance","floor":5},{"not_picked":["Pommel Strike","Warcry"],"picked":"Immolate","floor":6},{"not_picked":["Perfected Strike","Warcry","Cleave"],"picked":"SKIP","floor":7},{"not_picked":["Limit Break","Clash"],"picked":"Thunderclap","floor":10},{"not_picked":["Heavy Blade","Dual Wield"],"picked":"Shrug It Off","floor":11},{"not_picked":["Exhume","Feed"],"picked":"Offering","floor":16},{"not_picked":["Hemokinesis","Perfected Strike"],"picked":"Infernal Blade+1","floor":18},{"not_picked":["Clash","Intimidate"],"picked":"Whirlwind","floor":21},{"not_picked":["Second Wind","Headbutt+1"],"picked":"Rupture+1","floor":24},{"not_picked":["Iron Wave","Wild Strike","Sentinel"],"picked":"SKIP","floor":27},{"not_picked":["Sword Boomerang","Heavy Blade","Perfected Strike+1"],"picked":"SKIP","floor":29},{"not_picked":["Sword Boomerang","Rage","Sever Soul+1"],"picked":"SKIP","floor":31},{"not_picked":["Offering","Immolate"],"picked":"Impervious","floor":33},{"not_picked":["Clash","Armaments+1","Wild Strike+1"],"picked":"SKIP","floor":35},{"not_picked":["Thunderclap+1","Wild Strike+1"],"picked":"Pommel Strike+1","floor":36},{"not_picked":["Second Wind","Body Slam"],"picked":"Dark Embrace+1","floor":37},{"not_picked":["Fire Breathing+1","Perfected Strike+1"],"picked":"Shrug It Off+1","floor":38},{"not_picked":["Clothesline","Body Slam+1","Corruption+1"],"picked":"SKIP","floor":38},{"not_picked":["Hemokinesis","Uppercut"],"picked":"Bloodletting","floor":39},{"not_picked":["Pummel","Fire Breathing+1","Armaments"],"picked":"SKIP","floor":39},{"not_picked":["Flex","Searing Blow","Armaments"],"picked":"SKIP","floor":42},{"not_picked":["Armaments","Evolve+1","Dark Embrace+1"],"picked":"SKIP","floor":44},{"not_picked":["Thunderclap+1","Wild Strike+1"],"picked":"Warcry+1","floor":47},{"not_picked":["Thunderclap","Iron Wave","Sword Boomerang+1"],"picked":"SKIP","floor":47}],"player_experience":1369667,"relics_obtained":[{"floor":4,"key":"Kunai"},{"floor":6,"key":"Pocketwatch"},{"floor":9,"key":"Art of War"},{"floor":10,"key":"Gremlin Horn"},{"floor":20,"key":"Frozen Egg 2"},{"floor":24,"key":"Whetstone"},{"floor":26,"key":"Champion Belt"},{"floor":37,"key":"Prayer Wheel"},{"floor":42,"key":"Blood Vial"},{"floor":43,"key":"Bottled Flame"},{"floor":44,"key":"Bronze Scales"}],"event_choices":[{"damage_healed":0,"gold_gain":75,"player_choice":"Gather Gold","damage_taken":11,"max_hp_gain":0,"max_hp_loss":0,"event_name":"World of Goop","floor":3,"gold_loss":0},{"damage_healed":0,"gold_gain":0,"player_choice":"Ignored","damage_taken":0,"max_hp_gain":0,"max_hp_loss":0,"event_name":"Liars Game","floor":13,"gold_loss":0},{"damage_healed":0,"gold_gain":0,"player_choice":"Rummage","damage_taken":0,"relics_obtained":["WarpedTongs"],"max_hp_gain":0,"max_hp_loss":0,"event_name":"Accursed Blacksmith","floor":14,"gold_loss":0,"cards_obtained":["Pain"]},{"damage_healed":0,"gold_gain":250,"player_choice":"Bet on Owner","damage_taken":0,"max_hp_gain":0,"max_hp_loss":0,"event_name":"The Joust","floor":22,"gold_loss":50},{"damage_healed":0,"gold_gain":0,"player_choice":"Fight","damage_taken":0,"max_hp_gain":0,"max_hp_loss":0,"event_name":"MindBloom","floor":37,"gold_loss":0},{"damage_healed":0,"gold_gain":0,"player_choice":"Ignored","damage_taken":0,"max_hp_gain":0,"max_hp_loss":0,"event_name":"Tomb of Lord Red Mask","floor":41,"gold_loss":0},{"damage_healed":0,"gold_gain":0,"player_choice":"Embrace Madness","damage_taken":13,"max_hp_gain":0,"max_hp_loss":0,"event_name":"Winding Halls","floor":45,"gold_loss":0,"cards_obtained":["Madness","Madness"]}],"is_beta":true,"boss_relics":[{"not_picked":["Lizard Tail","Tiny House"],"picked":"Pandora\u0027s Box"},{"not_picked":["Snecko Eye","Astrolabe"],"picked":"Mark of Pain"}],"items_purged_floors":[2,19],"is_endless":false,"potions_floor_spawned":[1,5,7,18,24,27,33,35,36,44],"ascension_level":0}