{"gold_per_floor":[111,111,73,89,89,89,124,124,124,124,124,183,183],"floor_reached":13,"playtime":239,"items_purged":[],"score":146,"play_id":"850996b4-a48d-4a03-b794-361739659105","local_time":"20190219230648","is_ascension_mode":true,"campfire_choices":[{"data":"Armaments","floor":6,"key":"SMITH"},{"data":"Whirlwind","floor":8,"key":"SMITH"}],"neow_cost":"NONE","seed_source_timestamp":466478848154479,"circlet_count":0,"master_deck":["Strike_R","Strike_R","Strike_R","Strike_R","Strike_R","Defend_R+1","Defend_R","Defend_R","Defend_R","Bash","Armaments+1","Dropkick+1","Whirlwind+1","Shrug It Off+1","Regret","Perfected Strike"],"relics":["Burning Blood","NeowsBlessing","Singing Bowl","Shovel","War Paint","Mercury Hourglass"],"potions_floor_usage":[13],"damage_taken":[{"damage":0,"enemies":"Small Slimes","floor":1,"turns":1},{"damage":0,"enemies":"2 Louse","floor":4,"turns":1},{"damage":0,"enemies":"3 Sentries","floor":7,"turns":1},{"damage":45,"enemies":"3 Sentries","floor":12,"turns":6},{"damage":40,"enemies":"Lagavulin","floor":13,"turns":4}],"seed_played":"6891242259881828052","potions_obtained":[{"floor":7,"key":"AttackPotion"}],"is_trial":false,"path_per_floor":["M","?","$","M","?","R","E","R","T","?","?","?","E"],"character_chosen":"IRONCLAD","items_purchased":["Dropkick"],"campfire_rested":0,"item_purchase_floors":[3],"current_hp_per_floor":[78,66,66,72,72,72,78,78,78,78,78,39,0],"gold":183,"neow_bonus":"THREE_ENEMY_KILL","is_prod":false,"is_daily":false,"chose_seed":false,"campfire_upgraded":2,"win_rate":0,"timestamp":1550628408,"path_taken":["M","?","$","M","?","R","E","R","T","?","?","?","E"],"build_version":"2019-01-23","purchased_purges":0,"victory":false,"max_hp_per_floor":[80,80,80,80,80,80,80,80,80,80,80,80,80],"card_choices":[{"not_picked":["Perfected Strike","Clothesline"],"picked":"Armaments","floor":1},{"not_picked":["Feel No Pain","Evolve"],"picked":"Whirlwind","floor":4},{"not_picked":["Havoc","Thunderclap"],"picked":"Shrug It Off","floor":7},{"not_picked":["Hemokinesis","Shrug It Off"],"picked":"Perfected Strike","floor":12}],"player_experience":811060,"relics_obtained":[{"floor":7,"key":"Shovel"},{"floor":12,"key":"Mercury Hourglass"}],"event_choices":[{"damage_healed":0,"gold_gain":0,"player_choice":"Success","damage_taken":12,"relics_obtained":["Singing Bowl"],"max_hp_gain":0,"max_hp_loss":0,"event_name":"Scrap Ooze","floor":2,"gold_loss":0},{"damage_healed":0,"gold_gain":0,"player_choice":"Leave","damage_taken":0,"max_hp_gain":0,"max_hp_loss":0,"event_name":"The Cleric","floor":5,"gold_loss":0},{"damage_healed":0,"gold_gain":0,"player_choice":"Grow","damage_taken":0,"max_hp_gain":0,"max_hp_loss":0,"event_name":"Living Wall","floor":10,"gold_loss":0,"cards_upgraded":["Dropkick"]},{"damage_healed":0,"gold_gain":0,"player_choice":"Box","damage_taken":0,"relics_obtained":["War Paint"],"max_hp_gain":0,"max_hp_loss":0,"event_name":"Big Fish","floor":11,"gold_loss":0,"cards_obtained":["Regret"]},{"damage_healed":0,"gold_gain":0,"player_choice":"Searched \u00272\u0027 times","damage_taken":0,"max_hp_gain":0,"max_hp_loss":0,"event_name":"Dead Adventurer","floor":12,"gold_loss":0}],"is_beta":false,"boss_relics":[],"items_purged_floors":[],"is_endless":false,"potions_floor_spawned":[7],"killed_by":"Lagavulin","ascension_level":8}