{"gold_per_floor":[114,126,126,96,108,142,142,177,225,225,288,9,36,51,51,128,128,140,140,140,156,173,173,88,45,113,113,113,139,139,139],"floor_reached":31,"playtime":2553,"items_purged":[],"score":583,"play_id":"6af4ca77-cbd8-44c2-9f67-2a981cf32bcb","local_time":"20190410173847","is_ascension_mode":true,"campfire_choices":[{"data":"Zap","floor":7,"key":"SMITH"},{"floor":10,"key":"REST"},{"data":"Loop","floor":15,"key":"SMITH"},{"data":"Defragment","floor":23,"key":"SMITH"},{"data":"Static Discharge","floor":27,"key":"SMITH"}],"neow_cost":"NONE","seed_source_timestamp":15527484488981,"circlet_count":0,"master_deck":["AscendersBane","Strike_B","Strike_B","Strike_B","Strike_B","Defend_B","Defend_B","Defend_B","Defend_B","Zap+1","Dualcast","Ball Lightning","Glacier","FTL","Cold Snap","Compile Driver","Loop+1","Echo Form","Sweeping Beam","Defragment+1","Static Discharge+1","Heatsinks","Reinforced Body+1"],"relics":["Cracked Core","Question Card","Blood Vial","Mummified Hand","Lantern","Tiny Chest","Ornamental Fan","Singing Bowl","Coffee Dripper","Juzu Bracelet","Toxic Egg 2","The Courier"],"potions_floor_usage":[4,8,21,31],"damage_taken":[{"damage":12,"enemies":"Small Slimes","floor":1,"turns":3},{"damage":2,"enemies":"Jaw Worm","floor":2,"turns":3},{"damage":0,"enemies":"Cultist","floor":5,"turns":3},{"damage":28,"enemies":"3 Sentries","floor":6,"turns":12},{"damage":5,"enemies":"Gremlin Nob","floor":8,"turns":4},{"damage":5,"enemies":"3 Sentries","floor":11,"turns":9},{"damage":15,"enemies":"Lagavulin","floor":13,"turns":6},{"damage":1,"enemies":"2 Fungi Beasts","floor":14,"turns":3},{"damage":21,"enemies":"The Guardian","floor":16,"turns":14},{"damage":0,"enemies":"Spheric Guardian","floor":18,"turns":3},{"damage":4,"enemies":"2 Thieves","floor":21,"turns":4},{"damage":16,"enemies":"Chosen and Byrds","floor":22,"turns":7},{"damage":28,"enemies":"Book of Stabbing","floor":29,"turns":4},{"damage":31,"enemies":"Slavers","floor":31,"turns":3}],"seed_played":"-8335073746525268303","potions_obtained":[{"floor":1,"key":"Fruit Juice"},{"floor":4,"key":"FairyPotion"},{"floor":4,"key":"Weak Potion"},{"floor":11,"key":"FairyPotion"},{"floor":14,"key":"Swift Potion"},{"floor":16,"key":"Block Potion"},{"floor":18,"key":"FocusPotion"},{"floor":29,"key":"PowerPotion"}],"is_trial":false,"path_per_floor":["M","M","?","?","M","E","R","E","T","R","E","$","E","M","R","B",null,"M","?","?","M","M","R","?","$","T","R","?","E","?","E"],"character_chosen":"DEFECT","items_purchased":["Ornamental Fan","Heatsinks"],"campfire_rested":1,"item_purchase_floors":[12,25],"current_hp_per_floor":[59,57,52,57,57,29,29,26,26,50,47,47,34,35,35,16,66,68,68,93,91,77,77,77,77,77,77,49,23,23,0],"gold":139,"neow_bonus":"TEN_PERCENT_HP_BONUS","is_prod":false,"is_daily":false,"chose_seed":false,"campfire_upgraded":4,"win_rate":0,"timestamp":1554932327,"path_taken":["M","M","?","?","?","E","R","E","T","R","E","$","E","M","R","BOSS","M","?","?","M","?","R","?","?","T","R","?","E","?","E"],"build_version":"2019-01-23","purchased_purges":0,"victory":false,"max_hp_per_floor":[78,78,78,83,83,83,83,83,83,83,83,83,83,83,83,83,83,83,83,93,95,95,95,95,95,95,95,100,100,100,100],"card_choices":[{"not_picked":["Redo","Steam"],"picked":"Ball Lightning","floor":1},{"not_picked":["Redo","Stack"],"picked":"Glacier","floor":2},{"not_picked":["Turbo","Barrage","Rebound","BootSequence"],"picked":"SKIP","floor":5},{"not_picked":["Sweeping Beam","Loop","Scrape"],"picked":"FTL","floor":6},{"not_picked":["Blizzard","Amplify","Rip and Tear"],"picked":"Cold Snap","floor":8},{"not_picked":["Steam","Aggregate","Leap"],"picked":"Compile Driver","floor":11},{"not_picked":["Turbo","Coolheaded","Lockon"],"picked":"All For One","floor":13},{"not_picked":["Self Repair","Double Energy","Tempest"],"picked":"Loop","floor":14},{"not_picked":["Multi-Cast","Rainbow","Biased Cognition"],"picked":"Echo Form","floor":16},{"not_picked":["Turbo","Redo","Steam"],"picked":"Sweeping Beam","floor":18},{"not_picked":["Streamline","Leap","Fusion+1","Turbo+1"],"picked":"Singing Bowl","floor":21},{"not_picked":["Coolheaded","Glacier","Steam"],"picked":"Static Discharge","floor":22},{"not_picked":["Chaos+1","Hologram+1","Beam Cell"],"picked":"Reinforced Body+1","floor":29}],"player_experience":1253444,"relics_obtained":[{"floor":6,"key":"Blood Vial"},{"floor":8,"key":"Mummified Hand"},{"floor":9,"key":"Lantern"},{"floor":11,"key":"Tiny Chest"},{"floor":13,"key":"Singing Bowl"},{"floor":26,"key":"Toxic Egg 2"},{"floor":29,"key":"The Courier"}],"event_choices":[{"damage_healed":0,"gold_gain":0,"player_choice":"Success","damage_taken":5,"relics_obtained":["Question Card"],"max_hp_gain":0,"max_hp_loss":0,"event_name":"Scrap Ooze","floor":3,"gold_loss":0},{"damage_healed":0,"gold_gain":0,"player_choice":"Bought 2 Potions","damage_taken":0,"max_hp_gain":0,"max_hp_loss":0,"event_name":"The Woman in Blue","floor":4,"gold_loss":0},{"damage_healed":0,"gold_gain":0,"player_choice":"Read","damage_taken":0,"max_hp_gain":0,"max_hp_loss":0,"event_name":"The Library","floor":19,"gold_loss":0,"cards_obtained":["Defragment"]},{"cards_removed":["All For One"],"damage_healed":15,"gold_gain":0,"player_choice":"Offered Rare","damage_taken":0,"max_hp_gain":10,"max_hp_loss":0,"event_name":"Bonfire Elementals","floor":20,"gold_loss":0},{"damage_healed":0,"gold_gain":0,"player_choice":"Obtained Relic","damage_taken":0,"relics_obtained":["Juzu Bracelet"],"max_hp_gain":0,"max_hp_loss":0,"event_name":"Addict","floor":24,"gold_loss":85},{"damage_healed":0,"gold_gain":0,"player_choice":"Shed Blood","damage_taken":33,"max_hp_gain":5,"max_hp_loss":0,"event_name":"Forgotten Altar","floor":28,"gold_loss":0},{"damage_healed":0,"gold_gain":0,"player_choice":"Ignored","damage_taken":0,"max_hp_gain":0,"max_hp_loss":0,"event_name":"Cursed Tome","floor":30,"gold_loss":0}],"is_beta":false,"boss_relics":[{"not_picked":["Velvet Choker","Lizard Tail"],"picked":"Coffee Dripper"}],"items_purged_floors":[],"is_endless":false,"potions_floor_spawned":[1,6,11,14,16,18,29],"killed_by":"Slavers","ascension_level":20}