{"gold_per_floor":[110,110,122,154,166,206,218,258,270,298,342,370,382,412,424,535,547,569,680,872,904,509,535,549,575,575,606,625,33,60,78,78,175,175,189,234,244,23,23,23,57,76,76,103,116,146,160,178,178,178,178,178,8,39,39],"floor_reached":56,"playtime":3579,"items_purged":["Strike_B","Strike_B"],"score":1629,"play_id":"e1c64654-796a-40ef-9b1c-fad9fe0668c1","local_time":"20190324170009","is_ascension_mode":true,"campfire_choices":[{"data":"Biased Cognition","floor":7,"key":"SMITH"},{"data":"Zap","floor":13,"key":"SMITH"},{"data":"Coolheaded","floor":15,"key":"SMITH"},{"data":"Rainbow","floor":32,"key":"SMITH"},{"floor":40,"key":"RECALL"},{"data":"Coolheaded","floor":49,"key":"SMITH"},{"data":"Coolheaded","floor":52,"key":"SMITH"}],"neow_cost":"TEN_PERCENT_HP_LOSS","seed_source_timestamp":1113787791277076,"circlet_count":0,"master_deck":["Strike_B","Strike_B+1","Defend_B","Defend_B","Defend_B","Defend_B","Zap+1","Dualcast","Biased Cognition+1","Undo","Coolheaded+1","Leap","Core Surge+1","Coolheaded+1","Glacier","Ball Lightning","Self Repair+1","Rainbow+1","Stack+1","Defragment+1","Chill","Ball Lightning","Conserve Battery+1","Defragment+1","Loop+1","Leap+1","Electrodynamics+1","BootSequence","Machine Learning+1","Leap+1","Compile Driver","Defragment+1","Coolheaded+1","Flash of Steel","Mayhem+1","Good Instincts+1","Undo+1","Capacitor+1","Skim"],"relics":["Cracked Core","MawBank","Lantern","Singing Bowl","Frozen Egg 2","Kunai","Dream Catcher","Coffee Dripper","Oddly Smooth Stone","Turnip","Vajra","Mercury Hourglass","Runic Capacitor","Dodecahedron","Anchor","Busted Crown","Pocketwatch","DollysMirror","Whetstone","Shuriken","The Courier","War Paint","Bag of Preparation"],"potions_floor_usage":[8,16,23,25,36,46,55,55,55],"damage_taken":[{"damage":0,"enemies":"2 Louse","floor":1,"turns":2},{"damage":0,"enemies":"Small Slimes","floor":4,"turns":2},{"damage":22,"enemies":"3 Sentries","floor":6,"turns":18},{"damage":1,"enemies":"Lagavulin","floor":8,"turns":8},{"damage":1,"enemies":"Jaw Worm","floor":10,"turns":3},{"damage":0,"enemies":"3 Sentries","floor":11,"turns":11},{"damage":0,"enemies":"Exordium Wildlife","floor":12,"turns":2},{"damage":0,"enemies":"Red Slaver","floor":14,"turns":3},{"damage":0,"enemies":"The Guardian","floor":16,"turns":9},{"damage":3,"enemies":"Shell Parasite","floor":18,"turns":5},{"damage":4,"enemies":"Spheric Guardian","floor":21,"turns":4},{"damage":11,"enemies":"Slavers","floor":23,"turns":6},{"damage":0,"enemies":"Shelled Parasite and Fungi","floor":24,"turns":7},{"damage":3,"enemies":"Gremlin Leader","floor":25,"turns":8},{"damage":2,"enemies":"Slavers","floor":27,"turns":8},{"damage":0,"enemies":"Centurion and Healer","floor":28,"turns":6},{"damage":0,"enemies":"Cultist and Chosen","floor":31,"turns":3},{"damage":16,"enemies":"Champ","floor":33,"turns":7},{"damage":0,"enemies":"3 Darklings","floor":35,"turns":4},{"damage":11,"enemies":"2 Orb Walkers","floor":36,"turns":3},{"damage":0,"enemies":"Orb Walker","floor":37,"turns":4},{"damage":16,"enemies":"Reptomancer","floor":41,"turns":4},{"damage":0,"enemies":"Writhing Mass","floor":42,"turns":5},{"damage":0,"enemies":"Nemesis","floor":44,"turns":7},{"damage":0,"enemies":"Sphere and 2 Shapes","floor":45,"turns":5},{"damage":9,"enemies":"Reptomancer","floor":46,"turns":5},{"damage":0,"enemies":"Jaw Worm Horde","floor":47,"turns":3},{"damage":0,"enemies":"Transient","floor":48,"turns":5},{"damage":0,"enemies":"Time Eater","floor":50,"turns":10},{"damage":1,"enemies":"Shield and Spear","floor":54,"turns":5},{"damage":0,"enemies":"The Heart","floor":55,"turns":10}],"seed_played":"8406042470515480680","potions_obtained":[{"floor":1,"key":"FearPotion"},{"floor":6,"key":"Block Potion"},{"floor":8,"key":"Ancient Potion"},{"floor":12,"key":"SteroidPotion"},{"floor":16,"key":"SkillPotion"},{"floor":25,"key":"SneckoOil"},{"floor":27,"key":"LiquidBronze"},{"floor":31,"key":"Poison Potion"},{"floor":33,"key":"Swift Potion"},{"floor":41,"key":"GamblersBrew"},{"floor":46,"key":"SteroidPotion"},{"floor":47,"key":"Dexterity Potion"}],"is_trial":false,"path_per_floor":["M","?","?","M","T","E","R","E","T","M","E","M","R","M","R","B",null,"M","?","?","M","$","E","M","E","T","E","M","$","T","M","R","B",null,"M","?","M","$","?","R","E","M","T","E","M","E","M","M","R","B",null,"R","$","E","B",null],"character_chosen":"DEFECT","items_purchased":["Oddly Smooth Stone","Chill","Ball Lightning","Fire Potion","Runic Capacitor","Electrodynamics+1","Dodecahedron","DollysMirror","Coolheaded","Capacitor+1","Skim"],"campfire_rested":0,"item_purchase_floors":[22,22,22,22,29,29,29,38,38,53,53],"current_hp_per_floor":[68,43,65,65,65,43,43,42,42,41,41,41,41,41,41,41,68,68,68,50,56,56,55,65,68,68,70,70,70,70,70,70,64,70,70,71,72,72,62,62,58,70,70,76,78,71,73,84,84,84,84,84,84,86,86],"gold":39,"neow_bonus":"THREE_RARE_CARDS","is_prod":false,"is_daily":false,"chose_seed":false,"campfire_upgraded":6,"win_rate":0,"timestamp":1553461209,"path_taken":["M","?","?","M","?","E","R","E","T","M","E","M","R","?","R","BOSS","M","?","?","?","$","E","M","E","T","E","M","$","?","M","R","BOSS","M","?","M","$","?","R","E","M","T","E","M","E","M","M","R","BOSS","R","$","E","BOSS"],"build_version":"2019-03-15","purchased_purges":2,"victory":true,"max_hp_per_floor":[68,68,68,68,68,68,68,68,68,68,68,68,68,68,68,68,68,68,68,68,68,68,68,68,68,68,70,70,70,70,70,70,70,70,70,72,72,72,72,72,74,76,76,76,78,80,82,84,84,84,84,84,84,86,86],"card_choices":[{"not_picked":["Amplify","Core Surge"],"picked":"Biased Cognition","floor":0},{"not_picked":["Force Field","Compile Driver"],"picked":"Undo","floor":1},{"not_picked":["Streamline","Rebound"],"picked":"Coolheaded","floor":4},{"not_picked":["Reprogram","Biased Cognition"],"picked":"Leap","floor":6},{"not_picked":["Reinforced Body","Cold Snap"],"picked":"Core Surge","floor":8},{"not_picked":["Leap","Steam"],"picked":"Coolheaded","floor":10},{"not_picked":["Rebound","Tempest"],"picked":"Glacier","floor":11},{"not_picked":["Leap","Aggregate"],"picked":"Ball Lightning","floor":12},{"not_picked":["Leap","Hologram"],"picked":"Self Repair+1","floor":14},{"not_picked":["Amplify","Reboot"],"picked":"Rainbow","floor":16},{"not_picked":["Doom and Gloom","Sweeping Beam"],"picked":"Stack+1","floor":18},{"not_picked":["Barrage","Redo"],"picked":"Defragment+1","floor":21},{"not_picked":["Undo","Stack"],"picked":"Conserve Battery","floor":23},{"not_picked":["Consume","Barrage"],"picked":"Defragment+1","floor":24},{"not_picked":["Steam Power","Buffer+1"],"picked":"Loop+1","floor":25},{"not_picked":["Cold Snap","Gash","Hello World+1"],"picked":"Singing Bowl","floor":27},{"not_picked":["Beam Cell","Steam"],"picked":"Leap+1","floor":28},{"not_picked":["Self Repair+1","Barrage"],"picked":"BootSequence","floor":31},{"not_picked":["Multi-Cast","Meteor Strike"],"picked":"Machine Learning+1","floor":33},{"not_picked":[],"picked":"Leap+1","floor":35},{"not_picked":["Gash+1"],"picked":"Singing Bowl","floor":36},{"not_picked":[],"picked":"Compile Driver","floor":37},{"not_picked":[],"picked":"Flash of Steel","floor":39},{"not_picked":[],"picked":"Mayhem+1","floor":39},{"not_picked":[],"picked":"Good Instincts","floor":39},{"not_picked":["Cold Snap"],"picked":"Singing Bowl","floor":41},{"not_picked":["Gash"],"picked":"Singing Bowl","floor":42},{"not_picked":[],"picked":"Undo+1","floor":44},{"not_picked":["Conserve Battery"],"picked":"Singing Bowl","floor":45},{"not_picked":["Turbo+1"],"picked":"Singing Bowl","floor":46},{"not_picked":["Hello World+1"],"picked":"Singing Bowl","floor":47},{"not_picked":["Stack+1"],"picked":"Singing Bowl","floor":48},{"not_picked":["Scrape+1"],"picked":"Singing Bowl","floor":54}],"player_experience":5013098,"relics_obtained":[{"floor":5,"key":"Lantern"},{"floor":6,"key":"Singing Bowl"},{"floor":8,"key":"Frozen Egg 2"},{"floor":9,"key":"Kunai"},{"floor":11,"key":"Dream Catcher"},{"floor":23,"key":"Turnip"},{"floor":25,"key":"Vajra"},{"floor":27,"key":"Mercury Hourglass"},{"floor":30,"key":"Anchor"},{"floor":36,"key":"Pocketwatch"},{"floor":41,"key":"Whetstone"},{"floor":43,"key":"Shuriken"},{"floor":44,"key":"The Courier"},{"floor":46,"key":"War Paint"},{"floor":54,"key":"Bag of Preparation"}],"event_choices":[{"damage_healed":0,"gold_gain":0,"player_choice":"Success","damage_taken":25,"relics_obtained":["MawBank"],"max_hp_gain":0,"max_hp_loss":0,"event_name":"Scrap Ooze","floor":2,"gold_loss":0},{"damage_healed":22,"gold_gain":0,"player_choice":"Banana","damage_taken":0,"max_hp_gain":0,"max_hp_loss":0,"event_name":"Big Fish","floor":3,"gold_loss":0},{"damage_healed":0,"gold_gain":99,"player_choice":"Stole From Cult","damage_taken":0,"max_hp_gain":0,"max_hp_loss":0,"event_name":"Nest","floor":19,"gold_loss":0},{"damage_healed":0,"gold_gain":180,"player_choice":"GOLD GOLD ","damage_taken":18,"max_hp_gain":0,"max_hp_loss":0,"event_name":"Knowing Skull","floor":20,"potions_obtained":[],"gold_loss":0,"cards_obtained":[]},{"damage_healed":0,"gold_gain":0,"player_choice":"Fight","damage_taken":0,"max_hp_gain":0,"max_hp_loss":0,"event_name":"Mysterious Sphere","floor":36,"gold_loss":0},{"damage_healed":0,"gold_gain":0,"player_choice":"Memory 3","damage_taken":10,"max_hp_gain":0,"max_hp_loss":0,"event_name":"SensoryStone","floor":39,"gold_loss":0}],"is_beta":true,"boss_relics":[{"not_picked":["Empty Cage","Fusion Hammer"],"picked":"Coffee Dripper"},{"not_picked":["Orrery","Lizard Tail"],"picked":"Busted Crown"}],"items_purged_floors":[22,53],"is_endless":false,"potions_floor_spawned":[1,6,8,12,16,18,25,27,31,33,41,44,46,47],"ascension_level":1}