{"gold_per_floor":[360,435,435,452,469,469,500,517,566,579,609,609,641,641,641,739,739,754,679,88,105,120,145,145,60,87,114,127,127,147,47,47,144,144,160,160,178,188,198,198,231,231,310,341,355,5,5,32,32,32,32,32,32,60,60],"floor_reached":56,"playtime":4090,"items_purged":["Grand Finale+1","Defend_G","Pain"],"score":1737,"play_id":"387558c8-c7e5-460e-98eb-d27347e206a5","local_time":"20190407191356","is_ascension_mode":true,"campfire_choices":[{"data":"Deadly Poison","floor":6,"key":"SMITH"},{"data":"Noxious Fumes","floor":12,"key":"SMITH"},{"data":"Catalyst","floor":15,"key":"SMITH"},{"data":"Neutralize","floor":24,"key":"SMITH"},{"data":"Discovery","floor":32,"key":"SMITH"},{"floor":40,"key":"RECALL"},{"data":"After Image","floor":42,"key":"SMITH"},{"data":"Well Laid Plans","floor":47,"key":"SMITH"},{"data":"Night Terror","floor":49,"key":"SMITH"},{"data":"Bouncing Flask","floor":52,"key":"SMITH"}],"neow_cost":"TEN_PERCENT_HP_LOSS","seed_source_timestamp":2330896026234516,"circlet_count":0,"master_deck":["Defend_G","Defend_G","Defend_G","Survivor","Neutralize+1","Flying Knee","Backflip","Deadly Poison+1","Expertise","Escape Plan","Noxious Fumes+1","Catalyst+1","Corpse Explosion","Dagger Throw+1","Die Die Die+1","Poisoned Stab+1","Deflect","Discovery+1","Dash","Bouncing Flask+1","Deflect+1","Dagger Spray+1","Crippling Poison","Heel Hook","Backflip","Deflect","After Image+1","Expertise+1","Deflect","Deflect","Sucker Punch+1","Backflip+1","Night Terror+1","Well Laid Plans+1","Cloak And Dagger+1","A Thousand Cuts"],"relics":["Ring of the Snake","Meat on the Bone","Anchor","Bag of Marbles","Mercury Hourglass","Blood Vial","Astrolabe","Thread and Needle","Sundial","Turnip","Bag of Preparation","Coffee Dripper","WarpedTongs","Pocketwatch","Ornamental Fan","Omamori","Art of War","Paper Crane","Vajra"],"potions_floor_usage":[7,11,23,27,41,55,55,55],"damage_taken":[{"damage":0,"enemies":"Small Slimes","floor":1,"turns":4},{"damage":4,"enemies":"Jaw Worm","floor":4,"turns":5},{"damage":0,"enemies":"2 Louse","floor":5,"turns":3},{"damage":36,"enemies":"3 Sentries","floor":7,"turns":12},{"damage":0,"enemies":"Exordium Wildlife","floor":8,"turns":5},{"damage":0,"enemies":"2 Fungi Beasts","floor":10,"turns":2},{"damage":0,"enemies":"Lagavulin","floor":11,"turns":8},{"damage":7,"enemies":"3 Sentries","floor":13,"turns":5},{"damage":0,"enemies":"Hexaghost","floor":16,"turns":8},{"damage":0,"enemies":"Spheric Guardian","floor":18,"turns":3},{"damage":0,"enemies":"Shell Parasite","floor":21,"turns":3},{"damage":0,"enemies":"Snake Plant","floor":22,"turns":3},{"damage":0,"enemies":"Gremlin Leader","floor":23,"turns":5},{"damage":0,"enemies":"Slavers","floor":27,"turns":3},{"damage":0,"enemies":"Centurion and Healer","floor":28,"turns":4},{"damage":3,"enemies":"Chosen and Byrds","floor":30,"turns":5},{"damage":9,"enemies":"Collector","floor":33,"turns":6},{"damage":0,"enemies":"3 Shapes","floor":35,"turns":1},{"damage":2,"enemies":"Orb Walker","floor":37,"turns":3},{"damage":1,"enemies":"Maw","floor":38,"turns":5},{"damage":6,"enemies":"Transient","floor":39,"turns":5},{"damage":10,"enemies":"Reptomancer","floor":41,"turns":6},{"damage":2,"enemies":"Giant Head","floor":44,"turns":8},{"damage":4,"enemies":"Spire Growth","floor":45,"turns":5},{"damage":0,"enemies":"Reptomancer","floor":48,"turns":7},{"damage":0,"enemies":"Awakened One","floor":50,"turns":14},{"damage":0,"enemies":"Shield and Spear","floor":54,"turns":5},{"damage":0,"enemies":"The Heart","floor":55,"turns":9}],"seed_played":"-3046667084827393137","potions_obtained":[{"floor":5,"key":"EssenceOfSteel"},{"floor":7,"key":"Dexterity Potion"},{"floor":10,"key":"GhostInAJar"},{"floor":22,"key":"AttackPotion"},{"floor":23,"key":"Dexterity Potion"},{"floor":30,"key":"SteroidPotion"},{"floor":35,"key":"Explosive Potion"},{"floor":41,"key":"Weak Potion"},{"floor":44,"key":"AttackPotion"}],"is_trial":false,"path_per_floor":["M","?","?","M","M","R","E","M","T","M","E","R","E","?","R","B",null,"M","?","$","M","M","E","R","?","T","E","M","?","M","$","R","B",null,"M","?","M","M","M","R","E","R","T","E","M","$","R","E","R","B",null,"R","$","E","B",null],"character_chosen":"THE_SILENT","items_purchased":["Thread and Needle","Deflect","Discovery","AttackPotion","Swift Potion","Well Laid Plans","Art of War"],"campfire_rested":0,"item_purchase_floors":[20,20,20,20,20,46,46],"current_hp_per_floor":[63,52,34,42,42,42,18,30,30,42,42,42,35,28,28,42,63,63,63,63,63,63,63,63,63,63,63,63,63,60,60,60,53,63,63,63,61,62,57,57,49,49,49,49,47,47,47,49,49,51,63,63,63,63,63],"gold":60,"neow_bonus":"TWO_FIFTY_GOLD","is_prod":false,"is_daily":false,"chose_seed":false,"campfire_upgraded":9,"win_rate":0,"timestamp":1554678836,"path_taken":["M","?","?","M","M","R","E","?","T","M","E","R","E","?","R","BOSS","M","?","$","M","M","E","R","?","T","E","M","?","?","?","R","BOSS","M","?","M","M","M","R","E","R","T","E","?","?","R","E","R","BOSS","R","$","E","BOSS"],"build_version":"2019-04-04","purchased_purges":3,"victory":true,"max_hp_per_floor":[63,63,63,63,63,63,63,63,63,63,63,63,63,63,63,63,63,63,63,63,63,63,63,63,63,63,63,63,63,63,63,63,63,63,63,63,63,63,63,63,63,63,63,63,63,63,63,63,63,63,63,63,63,63,63],"card_choices":[{"not_picked":["Deflect","Accuracy"],"picked":"Flying Knee","floor":1},{"not_picked":["Dagger Throw","Skewer"],"picked":"Backflip","floor":4},{"not_picked":["Backflip","Flying Knee"],"picked":"Deadly Poison","floor":5},{"not_picked":["Skewer","Outmaneuver"],"picked":"Expertise","floor":7},{"not_picked":["Blade Dance","Quick Slash"],"picked":"Prepared","floor":8},{"not_picked":["Terror","Dagger Throw"],"picked":"Escape Plan","floor":10},{"not_picked":["Escape Plan","Bouncing Flask"],"picked":"Noxious Fumes","floor":11},{"not_picked":["Escape Plan","Choke"],"picked":"Catalyst","floor":13},{"not_picked":["Adrenaline","Unload"],"picked":"Corpse Explosion","floor":16},{"not_picked":["Quick Slash","All Out Attack+1"],"picked":"Poisoned Stab+1","floor":18},{"not_picked":["Bane","Deflect"],"picked":"Dash","floor":21},{"not_picked":["Die Die Die","Accuracy"],"picked":"Bouncing Flask","floor":22},{"not_picked":["Blade Dance+1","Infinite Blades"],"picked":"Deflect+1","floor":23},{"not_picked":["Dash","Choke"],"picked":"Dagger Spray+1","floor":27},{"not_picked":["Cloak And Dagger","Prepared"],"picked":"Crippling Poison","floor":28},{"not_picked":["Deadly Poison","Dagger Throw"],"picked":"Deflect","floor":30},{"not_picked":["Phantasmal Killer","Bullet Time"],"picked":"After Image","floor":33},{"not_picked":["Flying Knee","All Out Attack+1"],"picked":"Expertise+1","floor":35},{"not_picked":["Masterful Stab","Poisoned Stab","Calculated Gamble"],"picked":"SKIP","floor":37},{"not_picked":["Caltrops+1","Expertise+1"],"picked":"Deflect","floor":38},{"not_picked":["Poisoned Stab","Bouncing Flask"],"picked":"Deflect","floor":39},{"not_picked":["Dagger Throw","Deflect"],"picked":"Sucker Punch+1","floor":41},{"not_picked":["Grand Finale","Flying Knee"],"picked":"Backflip+1","floor":44},{"not_picked":["Flying Knee+1","Underhanded Strike"],"picked":"Night Terror","floor":45},{"not_picked":["Cloak And Dagger+1","Dagger Throw+1","Choke"],"picked":"SKIP","floor":48},{"not_picked":["Cloak And Dagger+1","Dagger Throw+1","Choke"],"picked":"SKIP","floor":48},{"not_picked":["Dagger Throw+1","Choke"],"picked":"Cloak And Dagger+1","floor":48},{"not_picked":["Dagger Spray+1","Eviscerate+1"],"picked":"A Thousand Cuts","floor":54}],"player_experience":5197499,"relics_obtained":[{"floor":7,"key":"Anchor"},{"floor":9,"key":"Bag of Marbles"},{"floor":11,"key":"Mercury Hourglass"},{"floor":13,"key":"Blood Vial"},{"floor":23,"key":"Sundial"},{"floor":27,"key":"Bag of Preparation"},{"floor":41,"key":"Pocketwatch"},{"floor":43,"key":"Ornamental Fan"},{"floor":44,"key":"Omamori"},{"floor":48,"key":"Paper Crane"},{"floor":54,"key":"Vajra"}],"event_choices":[{"damage_healed":0,"gold_gain":75,"player_choice":"Gather Gold","damage_taken":11,"max_hp_gain":0,"max_hp_loss":0,"event_name":"World of Goop","floor":2,"gold_loss":0},{"damage_healed":0,"gold_gain":0,"player_choice":"Success","damage_taken":18,"relics_obtained":["Meat on the Bone"],"max_hp_gain":0,"max_hp_loss":0,"event_name":"Scrap Ooze","floor":3,"gold_loss":0},{"cards_removed":["Strike_G"],"damage_healed":0,"gold_gain":0,"player_choice":"Card Removal","damage_taken":7,"max_hp_gain":0,"max_hp_loss":0,"event_name":"Golden Wing","floor":14,"gold_loss":0},{"cards_removed":["Strike_G"],"damage_healed":0,"gold_gain":0,"player_choice":"Gave Gold","damage_taken":0,"max_hp_gain":0,"max_hp_loss":0,"event_name":"Beggar","floor":19,"gold_loss":75},{"damage_healed":0,"gold_gain":0,"player_choice":"Obtained Relic","damage_taken":0,"relics_obtained":["Turnip"],"max_hp_gain":0,"max_hp_loss":0,"event_name":"Addict","floor":25,"gold_loss":85},{"damage_healed":0,"gold_gain":0,"cards_transformed":["Prepared","Defend_G"],"player_choice":"Became Test Subject","damage_taken":0,"max_hp_gain":0,"max_hp_loss":0,"event_name":"Drug Dealer","floor":29,"gold_loss":0,"cards_obtained":["Heel Hook","Backflip"]},{"damage_healed":0,"gold_gain":0,"player_choice":"Rummage","damage_taken":0,"relics_obtained":["WarpedTongs"],"max_hp_gain":0,"max_hp_loss":0,"event_name":"Accursed Blacksmith","floor":36,"gold_loss":0,"cards_obtained":["Pain"]}],"is_beta":true,"boss_relics":[{"not_picked":["Tiny House","Pandora\u0027s Box"],"picked":"Astrolabe"},{"not_picked":["Busted Crown","Orrery"],"picked":"Coffee Dripper"}],"items_purged_floors":[20,31,46],"is_endless":false,"potions_floor_spawned":[5,7,10,22,23,30,35,41,44,45,48],"ascension_level":1}