{"gold_per_floor":[114,114,183,195,39,65,65,94,94,125,142,142,153,171,171,271,271,271,9,9,9,9,9,9,9,9,9,9,9,9,9,9,9,9,9,9,9,9,9,9,9,9,9,9,9,9,9,9,9,9,9,9,9,9,9],"floor_reached":56,"playtime":4602,"items_purged":["Strike_B"],"score":1707,"play_id":"10684f92-4893-46a5-b523-811ec90b4c8b","local_time":"20190417195527","is_ascension_mode":true,"campfire_choices":[{"data":"Go for the Eyes","floor":7,"key":"SMITH"},{"data":"Zap","floor":12,"key":"SMITH"},{"data":"Hologram","floor":15,"key":"SMITH"},{"data":"Rainbow","floor":24,"key":"SMITH"},{"data":"Coolheaded","floor":30,"key":"SMITH"},{"data":"Darkness","floor":32,"key":"SMITH"},{"floor":46,"key":"RECALL"},{"data":"Fission","floor":49,"key":"SMITH"},{"data":"Biased Cognition","floor":52,"key":"SMITH"}],"neow_cost":"NONE","seed_source_timestamp":3196873847686089,"circlet_count":0,"master_deck":["Strike_B+1","Strike_B+1","Strike_B+1","Defend_B+1","Defend_B+1","Defend_B+1","Defend_B+1","Zap+1","Dualcast","Loop+1","Go for the Eyes+1","Undo+1","Streamline","Hologram+1","FTL","Doom and Gloom","Meteor Strike","Cold Snap","Steam","Rainbow+1","FTL","Coolheaded+1","Loop+1","Biased Cognition+1","Ghostly","Ghostly+1","Ghostly","Ghostly","Ghostly","Stack","Redo+1","Darkness+1","Echo Form","Defragment+1","Consume+1","Stack","BootSequence+1","Force Field","Cold Snap","Turbo","Chill+1","Coolheaded+1","Fission+1","Turbo"],"relics":["Cracked Core","NeowsBlessing","Pantograph","Anchor","Dead Branch","Ice Cream","Darkstone Periapt","Ectoplasm","Red Mask","Cables","MawBank","Bronze Scales","War Paint","Inserter","Thread and Needle","Mango","StoneCalendar","Bag of Preparation","Bottled Tornado","Juzu Bracelet","Sundial"],"potions_floor_usage":[16,22,40,41,41,41,55,55,55],"damage_taken":[{"damage":0,"enemies":"Small Slimes","floor":1,"turns":1},{"damage":0,"enemies":"Jaw Worm","floor":4,"turns":1},{"damage":0,"enemies":"3 Sentries","floor":6,"turns":2},{"damage":6,"enemies":"Lagavulin","floor":8,"turns":6},{"damage":18,"enemies":"Gremlin Nob","floor":10,"turns":5},{"damage":0,"enemies":"Cultist","floor":11,"turns":3},{"damage":1,"enemies":"Gremlin Gang","floor":13,"turns":3},{"damage":1,"enemies":"Exordium Thugs","floor":14,"turns":4},{"damage":0,"enemies":"Slime Boss","floor":16,"turns":6},{"damage":0,"enemies":"Shell Parasite","floor":18,"turns":6},{"damage":0,"enemies":"Spheric Guardian","floor":20,"turns":3},{"damage":10,"enemies":"Masked Bandits","floor":22,"turns":3},{"damage":0,"enemies":"Gremlin Leader","floor":23,"turns":6},{"damage":15,"enemies":"Slavers","floor":25,"turns":6},{"damage":0,"enemies":"Cultist and Chosen","floor":28,"turns":4},{"damage":1,"enemies":"Snecko","floor":29,"turns":3},{"damage":3,"enemies":"Book of Stabbing","floor":31,"turns":5},{"damage":0,"enemies":"Automaton","floor":33,"turns":8},{"damage":6,"enemies":"3 Shapes","floor":35,"turns":6},{"damage":0,"enemies":"Orb Walker","floor":36,"turns":3},{"damage":8,"enemies":"4 Shapes","floor":37,"turns":5},{"damage":0,"enemies":"Writhing Mass","floor":38,"turns":4},{"damage":0,"enemies":"Mind Bloom Boss Battle","floor":39,"turns":7},{"damage":0,"enemies":"Reptomancer","floor":40,"turns":7},{"damage":0,"enemies":"2 Orb Walkers","floor":41,"turns":6},{"damage":0,"enemies":"3 Darklings","floor":42,"turns":7},{"damage":0,"enemies":"Nemesis","floor":44,"turns":9},{"damage":0,"enemies":"4 Shapes","floor":45,"turns":5},{"damage":15,"enemies":"Reptomancer","floor":47,"turns":6},{"damage":0,"enemies":"Awakened One","floor":50,"turns":10},{"damage":0,"enemies":"Shield and Spear","floor":54,"turns":7},{"damage":0,"enemies":"The Heart","floor":55,"turns":7}],"seed_played":"-1863719024013478768","potions_obtained":[{"floor":6,"key":"Explosive Potion"},{"floor":13,"key":"GamblersBrew"},{"floor":14,"key":"EntropicBrew"},{"floor":16,"key":"AttackPotion"},{"floor":22,"key":"GamblersBrew"},{"floor":25,"key":"Explosive Potion"},{"floor":35,"key":"Weak Potion"},{"floor":41,"key":"PowerPotion"},{"floor":54,"key":"PowerPotion"}],"is_trial":false,"path_per_floor":["M","?","T","M","$","E","R","E","T","E","M","R","M","M","R","B",null,"M","$","M","?","?","E","R","E","T","?","M","M","R","E","R","B",null,"M","M","M","M","?","E","?","M","T","E","M","R","E","?","R","B",null,"R","$","E","B",null],"character_chosen":"DEFECT","items_purchased":["Anchor","Steam","Rainbow"],"campfire_rested":0,"item_purchase_floors":[5,19,19],"current_hp_per_floor":[75,75,75,75,75,75,75,69,69,51,58,58,64,70,70,75,75,75,75,75,75,65,65,65,57,57,37,37,36,36,37,37,37,37,37,37,37,37,37,51,51,51,51,51,51,51,43,43,43,51,51,51,51,51,51],"gold":9,"neow_bonus":"THREE_ENEMY_KILL","is_prod":false,"is_daily":false,"chose_seed":false,"campfire_upgraded":8,"win_rate":0,"timestamp":1555545327,"path_taken":["M","?","?","M","?","E","R","E","T","E","?","R","M","M","R","BOSS","M","$","?","?","?","E","R","E","T","?","M","M","R","E","R","BOSS","M","M","M","M","?","E","?","M","T","E","M","R","E","?","R","BOSS","R","$","E","BOSS"],"build_version":"2019-04-04","purchased_purges":1,"victory":true,"max_hp_per_floor":[75,75,75,75,75,75,75,75,75,75,75,75,75,75,75,75,75,75,75,75,75,75,75,75,75,75,37,37,37,37,37,37,37,37,37,37,37,37,37,51,51,51,51,51,51,51,51,51,51,51,51,51,51,51,51],"card_choices":[{"not_picked":["Cold Snap","Storm"],"picked":"Loop","floor":1},{"not_picked":["Genetic Algorithm","Reprogram"],"picked":"Go for the Eyes","floor":4},{"not_picked":["Force Field","Leap"],"picked":"Undo","floor":6},{"not_picked":["Barrage","Skim"],"picked":"Streamline","floor":8},{"not_picked":["Rebound","Lockon"],"picked":"Self Repair","floor":10},{"not_picked":["Streamline","Blizzard"],"picked":"Hologram","floor":11},{"not_picked":["Stack","Redo"],"picked":"FTL","floor":13},{"not_picked":["Rebound","FTL"],"picked":"Doom and Gloom","floor":14},{"not_picked":["All For One","Amplify"],"picked":"Meteor Strike","floor":16},{"not_picked":["Doom and Gloom","Rebound"],"picked":"Cold Snap","floor":18},{"not_picked":["Streamline","Sweeping Beam"],"picked":"FTL","floor":20},{"not_picked":["Go for the Eyes","Reinforced Body"],"picked":"Coolheaded","floor":22},{"not_picked":["Undo","Reprogram"],"picked":"Loop+1","floor":23},{"not_picked":["Stack","Fission"],"picked":"Biased Cognition","floor":25},{"not_picked":["Streamline","Stack","Gash"],"picked":"SKIP","floor":28},{"not_picked":["Streamline","Gash"],"picked":"Stack","floor":28},{"not_picked":["Coolheaded","Cold Snap"],"picked":"Redo+1","floor":29},{"not_picked":["Meteor Strike","Ball Lightning+1"],"picked":"Darkness","floor":31},{"not_picked":["Core Surge","Machine Learning"],"picked":"Echo Form","floor":33},{"not_picked":["Glacier","Beam Cell+1"],"picked":"Defragment+1","floor":35},{"not_picked":["Conserve Battery","Melter+1"],"picked":"Consume+1","floor":36},{"not_picked":["Go for the Eyes","Steam"],"picked":"Stack","floor":37},{"not_picked":["Tempest+1","Ball Lightning"],"picked":"BootSequence+1","floor":38},{"not_picked":["Capacitor+1","Rebound"],"picked":"Force Field","floor":39},{"not_picked":["BootSequence+1","Static Discharge","Rebound+1"],"picked":"SKIP","floor":40},{"not_picked":["Rebound","Redo"],"picked":"Cold Snap","floor":41},{"not_picked":["Rainbow","Sunder+1"],"picked":"Turbo","floor":42},{"not_picked":["BootSequence","Steam Power+1"],"picked":"Chill+1","floor":44},{"not_picked":["BootSequence+1","Skim"],"picked":"Coolheaded+1","floor":45},{"not_picked":["Stack+1","FTL+1"],"picked":"Fission","floor":47},{"not_picked":["Beam Cell","Heatsinks"],"picked":"Turbo","floor":54}],"player_experience":5375984,"relics_obtained":[{"floor":3,"key":"Pantograph"},{"floor":6,"key":"Dead Branch"},{"floor":8,"key":"Ice Cream"},{"floor":10,"key":"Darkstone Periapt"},{"floor":22,"key":"Red Mask"},{"floor":23,"key":"Cables"},{"floor":25,"key":"MawBank"},{"floor":26,"key":"Bronze Scales"},{"floor":31,"key":"War Paint"},{"floor":39,"key":"Thread and Needle"},{"floor":40,"key":"Mango"},{"floor":41,"key":"StoneCalendar"},{"floor":43,"key":"Bag of Preparation"},{"floor":44,"key":"Bottled Tornado"},{"floor":47,"key":"Juzu Bracelet"},{"floor":54,"key":"Sundial"}],"event_choices":[{"damage_healed":0,"gold_gain":0,"player_choice":"Grow","damage_taken":0,"max_hp_gain":0,"max_hp_loss":0,"event_name":"Living Wall","floor":2,"gold_loss":0,"cards_upgraded":["Loop"]},{"damage_healed":0,"gold_gain":0,"player_choice":"Simplicity","damage_taken":0,"max_hp_gain":0,"max_hp_loss":0,"event_name":"Back to Basics","floor":21,"gold_loss":0,"cards_upgraded":["Strike_B","Strike_B","Strike_B","Defend_B","Defend_B","Defend_B","Defend_B"]},{"damage_healed":0,"gold_gain":0,"player_choice":"Fought Bandits","damage_taken":0,"max_hp_gain":0,"max_hp_loss":0,"event_name":"Masked Bandits","floor":22,"gold_loss":0},{"damage_healed":0,"gold_gain":0,"player_choice":"Became a Ghost","damage_taken":0,"max_hp_gain":0,"max_hp_loss":38,"event_name":"Ghosts","floor":27,"gold_loss":0,"cards_obtained":["Ghostly","Ghostly","Ghostly","Ghostly","Ghostly"]},{"damage_healed":0,"gold_gain":0,"player_choice":"Fight","damage_taken":0,"max_hp_gain":0,"max_hp_loss":0,"event_name":"MindBloom","floor":39,"gold_loss":0},{"damage_healed":0,"gold_gain":0,"player_choice":"Fight","damage_taken":0,"max_hp_gain":0,"max_hp_loss":0,"event_name":"Mysterious Sphere","floor":41,"gold_loss":0},{"cards_removed":["Self Repair"],"damage_healed":0,"gold_gain":0,"player_choice":"Removed Power","damage_taken":0,"max_hp_gain":0,"max_hp_loss":0,"event_name":"Falling","floor":48,"gold_loss":0}],"is_beta":true,"boss_relics":[{"not_picked":["Sozu","Fusion Hammer"],"picked":"Ectoplasm"},{"not_picked":["White Beast Statue","Calling Bell"],"picked":"Inserter"}],"items_purged_floors":[19],"is_endless":false,"potions_floor_spawned":[6,13,14,16,22,25,28,31,35,36,37,41,42,54],"ascension_level":1}