{"gold_per_floor":[115,128,138,138,157,187,187,218,218,218,393,393,406,406,406,508,508,519,519,519],"floor_reached":20,"playtime":2250,"items_purged":[],"score":209,"play_id":"645fa5b0-8ce5-4056-80f0-54f712aa2f51","local_time":"20180712110839","is_ascension_mode":true,"campfire_choices":[{"floor":7,"key":"REST"},{"data":"Envenom","floor":10,"key":"SMITH"},{"data":"Skewer","floor":12,"key":"SMITH"},{"data":"Neutralize","floor":15,"key":"SMITH"}],"neow_cost":"NONE","seed_source_timestamp":1008167843525397,"circlet_count":0,"master_deck":["Defend_G","Defend_G","Defend_G","Defend_G","Defend_G","Strike_G","Strike_G","Strike_G","Strike_G","Strike_G","Survivor","Neutralize+1","Skewer+1","Backflip","Envenom+1","Dagger Throw","Jack Of All Trades","Well Laid Plans","Flying Knee+1","Doubt","Flechettes+1","Regret","Bullet Time"],"relics":["Ring of the Snake","Oddly Smooth Stone","Molten Egg 2","Art of War","Mummified Hand","Paper Crane","Black Star"],"potions_floor_usage":[8],"damage_taken":[{"damage":0,"enemies":"Small Slimes","floor":1,"turns":3},{"damage":0,"enemies":"Cultist","floor":2,"turns":5},{"damage":0,"enemies":"Jaw Worm","floor":3,"turns":5},{"damage":9,"enemies":"Exordium Wildlife","floor":5,"turns":7},{"damage":21,"enemies":"3 Sentries","floor":6,"turns":9},{"damage":4,"enemies":"Lagavulin","floor":8,"turns":7},{"damage":14,"enemies":"Exordium Thugs","floor":13,"turns":5},{"damage":27,"enemies":"The Guardian","floor":16,"turns":9},{"damage":34,"enemies":"Shell Parasite","floor":18,"turns":6},{"damage":37,"enemies":"3 Byrds","floor":20,"turns":3}],"seed_played":"-2505057720425064026","potions_obtained":[{"floor":1,"key":"Energy Potion"},{"floor":3,"key":"PowerPotion"},{"floor":6,"key":"Strength Potion"}],"is_trial":false,"path_per_floor":["M","M","M","?","M","E","R","E","T","R","?","R","M","?","R","B",null,"M","?"],"character_chosen":"THE_SILENT","items_purchased":[],"campfire_rested":1,"item_purchase_floors":[],"current_hp_per_floor":[70,70,70,70,61,40,61,57,57,57,57,57,43,43,43,16,70,36,23,0],"gold":519,"neow_bonus":"RANDOM_COMMON_RELIC","is_prod":false,"is_daily":false,"chose_seed":false,"campfire_upgraded":3,"win_rate":0,"timestamp":1531404519,"path_taken":["M","M","M","?","M","E","R","E","T","R","?","R","M","?","R","BOSS","M","?","M"],"build_version":"2018-07-05","purchased_purges":0,"victory":false,"max_hp_per_floor":[70,70,70,70,70,70,70,70,70,70,70,70,70,70,70,70,70,70,75,75],"card_choices":[{"not_picked":["Choke","Bane"],"picked":"Skewer","floor":1},{"not_picked":["PiercingWail","Dagger Spray"],"picked":"Backflip","floor":2},{"not_picked":["Deflect","Prepared"],"picked":"Envenom","floor":3},{"not_picked":["Sucker Punch","Slice","Dagger Throw"],"picked":"SKIP","floor":5},{"not_picked":["Slice","Sucker Punch"],"picked":"Well Laid Plans","floor":6},{"not_picked":["Poisoned Stab+1","Grand Finale+1"],"picked":"Flying Knee+1","floor":8},{"not_picked":["Deadly Poison","Deflect"],"picked":"Flechettes+1","floor":13},{"not_picked":["Glass Knife+1","Envenom"],"picked":"Bullet Time","floor":16},{"not_picked":["Quick Slash+1","Flying Knee+1","Slice+1"],"picked":"SKIP","floor":18}],"player_experience":428021,"relics_obtained":[{"floor":6,"key":"Molten Egg 2"},{"floor":8,"key":"Art of War"},{"floor":9,"key":"Mummified Hand"}],"event_choices":[{"event_name":"Match and Keep!","player_choice":"2 cards matched","floor":4,"damage_taken":0},{"event_name":"Liars Game","player_choice":"agreed","floor":11,"damage_taken":0},{"event_name":"Big Fish","player_choice":"Box","floor":14,"damage_taken":0},{"event_name":"Forgotten Altar","player_choice":"Shed Blood","floor":19,"damage_taken":0}],"boss_relics":[{"not_picked":["Eternal Feather","Snecko Eye"],"picked":"Black Star"}],"items_purged_floors":[],"is_endless":false,"potions_floor_spawned":[1,3,6],"killed_by":"3 Byrds","ascension_level":3}