{"gold_per_floor":[112,132,132,44,62,87,87,106,106,140,155,170,13,39,39,138,138,152,77,2,17,17,48,58,87,111,142,17,31,45,105,105,207,207,220,220,43,55,102,133,158,184,184,184,28,58,58,90,90,90,90,90,39,69,69],"floor_reached":56,"playtime":4232,"items_purged":["Strike_G","Strike_G"],"score":1997,"play_id":"41bc2c97-02b5-4855-b937-ed217ff14793","local_time":"20190413052845","is_ascension_mode":true,"campfire_choices":[{"data":"Noxious Fumes","floor":7,"key":"SMITH"},{"data":"Bouncing Flask","floor":15,"key":"SMITH"},{"floor":32,"key":"RECALL"},{"floor":49,"key":"REST"},{"floor":52,"key":"REST"}],"neow_cost":"PERCENT_DAMAGE","seed_source_timestamp":2799644477237822,"circlet_count":0,"master_deck":["Defend_G","Defend_G","Defend_G","Defend_G+1","Survivor","Neutralize","Dash","Leg Sweep+1","Noxious Fumes+1","Poisoned Stab","Calculated Gamble","Die Die Die","Predator","Deflect","Bouncing Flask+1","PiercingWail","Corpse Explosion","Backflip","Cloak And Dagger","Necronomicurse","Poisoned Stab+1","Dash","Backflip+1","Infinite Blades","Backflip","PiercingWail","Well Laid Plans+1","A Thousand Cuts","Dodge and Roll+1","Bullet Time","Setup+1","Heel Hook+1","Backflip+1","Flying Knee","Blur+1"],"relics":["Ring of the Snake","FossilizedHelix","Bag of Marbles","War Paint","Kunai","Lantern","Vajra","Fusion Hammer","Necronomicon","Strawberry","Regal Pillow","Art of War","Ornamental Fan","Tiny Chest","Empty Cage","WingedGreaves","Turnip","Darkstone Periapt","Bottled Flame","Oddly Smooth Stone","Letter Opener","PreservedInsect","Bronze Scales"],"potions_floor_usage":[6,14,23,39,41,50,55],"damage_taken":[{"damage":0,"enemies":"2 Louse","floor":1,"turns":4},{"damage":0,"enemies":"Cultist","floor":2,"turns":4},{"damage":0,"enemies":"Small Slimes","floor":5,"turns":3},{"damage":0,"enemies":"Gremlin Nob","floor":6,"turns":4},{"damage":0,"enemies":"2 Fungi Beasts","floor":8,"turns":3},{"damage":0,"enemies":"Lagavulin","floor":10,"turns":5},{"damage":0,"enemies":"Exordium Wildlife","floor":11,"turns":5},{"damage":0,"enemies":"Large Slime","floor":12,"turns":8},{"damage":0,"enemies":"Gremlin Nob","floor":14,"turns":4},{"damage":0,"enemies":"Hexaghost","floor":16,"turns":7},{"damage":0,"enemies":"2 Thieves","floor":18,"turns":2},{"damage":0,"enemies":"Shell Parasite","floor":21,"turns":3},{"damage":0,"enemies":"Gremlin Leader","floor":23,"turns":6},{"damage":0,"enemies":"Cultist and Chosen","floor":24,"turns":5},{"damage":0,"enemies":"Book of Stabbing","floor":25,"turns":4},{"damage":0,"enemies":"Gremlin Leader","floor":27,"turns":5},{"damage":0,"enemies":"Chosen and Byrds","floor":29,"turns":5},{"damage":0,"enemies":"3 Cultists","floor":30,"turns":3},{"damage":0,"enemies":"Book of Stabbing","floor":31,"turns":5},{"damage":0,"enemies":"Champ","floor":33,"turns":12},{"damage":0,"enemies":"3 Darklings","floor":35,"turns":3},{"damage":0,"enemies":"3 Shapes","floor":38,"turns":3},{"damage":0,"enemies":"2 Orb Walkers","floor":39,"turns":3},{"damage":0,"enemies":"Reptomancer","floor":40,"turns":7},{"damage":0,"enemies":"Nemesis","floor":41,"turns":7},{"damage":0,"enemies":"Giant Head","floor":42,"turns":9},{"damage":0,"enemies":"Reptomancer","floor":46,"turns":6},{"damage":0,"enemies":"Nemesis","floor":48,"turns":5},{"damage":0,"enemies":"Time Eater","floor":50,"turns":13},{"damage":0,"enemies":"Shield and Spear","floor":54,"turns":6},{"damage":0,"enemies":"The Heart","floor":55,"turns":11}],"seed_played":"-6450160020943320957","potions_obtained":[{"floor":1,"key":"GamblersBrew"},{"floor":8,"key":"EssenceOfSteel"},{"floor":14,"key":"Regen Potion"},{"floor":16,"key":"Explosive Potion"},{"floor":18,"key":"GamblersBrew"},{"floor":21,"key":"Block Potion"},{"floor":23,"key":"Block Potion"},{"floor":33,"key":"Swift Potion"},{"floor":40,"key":"Dexterity Potion"},{"floor":42,"key":"SkillPotion"},{"floor":54,"key":"GamblersBrew"}],"is_trial":false,"path_per_floor":["M","M","?","$","M","E","R","M","T","E","M","M","$","E","R","B",null,"M","?","$","M","?","E","M","E","T","E","$","M","M","E","R","B",null,"M","?","$","M","?","E","E","E","T","?","$","E","?","E","R","B",null,"R","$","E","B",null],"character_chosen":"THE_SILENT","items_purchased":["Noxious Fumes","Poisoned Stab","Lantern","Infinite Blades","Backflip","GhostInAJar","Oddly Smooth Stone","Dexterity Potion"],"campfire_rested":2,"item_purchase_floors":[4,4,13,28,28,37,45,53],"current_hp_per_floor":[49,49,49,49,49,49,49,49,49,49,49,49,49,49,49,49,70,70,70,70,70,54,61,61,61,61,61,61,61,61,61,61,61,77,77,77,77,77,77,77,77,77,77,77,77,77,73,73,73,73,73,73,73,73,73],"gold":69,"neow_bonus":"ONE_RARE_RELIC","is_prod":false,"is_daily":false,"chose_seed":false,"campfire_upgraded":2,"win_rate":0,"timestamp":1555147725,"path_taken":["M","M","?","?","?","E","R","M","T","E","M","M","$","E","R","BOSS","M","?","$","M","?","E","M","E","T","E","?","M","M","E","R","BOSS","M","?","$","M","?","E","E","E","T","?","?","E","?","E","R","BOSS","R","$","E","BOSS"],"build_version":"2019-04-04","purchased_purges":2,"victory":true,"max_hp_per_floor":[70,70,70,70,70,70,70,70,70,70,70,70,70,70,70,70,70,70,70,70,70,70,77,77,77,77,77,77,77,77,77,77,77,77,77,77,77,77,77,77,77,77,77,77,77,77,73,73,73,73,73,73,73,73,73],"card_choices":[{"not_picked":["Predator","Slice"],"picked":"Dash","floor":1},{"not_picked":["Choke","Underhanded Strike"],"picked":"Leg Sweep","floor":2},{"not_picked":["Dagger Throw","Concentrate"],"picked":"Calculated Gamble","floor":5},{"not_picked":["Calculated Gamble","Flying Knee"],"picked":"Die Die Die","floor":6},{"not_picked":["Choke","Outmaneuver"],"picked":"Predator","floor":8},{"not_picked":["Bane","Grand Finale"],"picked":"Deflect","floor":10},{"not_picked":["Blade Dance","Concentrate","Slice"],"picked":"SKIP","floor":11},{"not_picked":["All Out Attack","Deflect"],"picked":"Bouncing Flask","floor":12},{"not_picked":["Blade Dance","Cloak And Dagger"],"picked":"PiercingWail","floor":14},{"not_picked":["Malaise","Glass Knife"],"picked":"Corpse Explosion","floor":16},{"not_picked":["Cloak And Dagger","Acrobatics"],"picked":"Backflip","floor":18},{"not_picked":["Reflex","Dodge and Roll"],"picked":"Cloak And Dagger","floor":21},{"not_picked":["Blade Dance","Caltrops+1"],"picked":"Poisoned Stab+1","floor":23},{"not_picked":["Bane","Deadly Poison"],"picked":"Dash","floor":24},{"not_picked":["Storm of Steel","Deflect+1"],"picked":"Footwork","floor":25},{"not_picked":["Blur","Prepared+1"],"picked":"Backflip+1","floor":27},{"not_picked":["Noxious Fumes","Poisoned Stab"],"picked":"PiercingWail","floor":29},{"not_picked":["Slice","Dagger Throw+1","Prepared"],"picked":"SKIP","floor":30},{"not_picked":["Underhanded Strike","Poisoned Stab"],"picked":"Well Laid Plans+1","floor":31},{"not_picked":["Phantasmal Killer","Night Terror"],"picked":"A Thousand Cuts","floor":33},{"not_picked":["Well Laid Plans+1","Blade Dance"],"picked":"Dodge and Roll+1","floor":35},{"not_picked":["Dodge and Roll+1","Choke","Outmaneuver+1"],"picked":"SKIP","floor":38},{"not_picked":["Acrobatics+1","Sucker Punch"],"picked":"Bullet Time","floor":39},{"not_picked":["Underhanded Strike","Calculated Gamble"],"picked":"Setup+1","floor":40},{"not_picked":["Finisher+1","All Out Attack+1"],"picked":"Heel Hook+1","floor":41},{"not_picked":["Prepared","Outmaneuver"],"picked":"Backflip+1","floor":42},{"not_picked":["All Out Attack","Underhanded Strike"],"picked":"Flying Knee","floor":46},{"not_picked":["Quick Slash","Skewer+1","Accuracy"],"picked":"SKIP","floor":48},{"not_picked":["Noxious Fumes+1","Well Laid Plans+1"],"picked":"Blur+1","floor":54}],"player_experience":5299229,"relics_obtained":[{"floor":6,"key":"Bag of Marbles"},{"floor":9,"key":"War Paint"},{"floor":10,"key":"Kunai"},{"floor":14,"key":"Vajra"},{"floor":22,"key":"Necronomicon"},{"floor":23,"key":"Strawberry"},{"floor":25,"key":"Regal Pillow"},{"floor":26,"key":"Art of War"},{"floor":27,"key":"Ornamental Fan"},{"floor":31,"key":"Tiny Chest"},{"floor":39,"key":"WingedGreaves"},{"floor":40,"key":"Turnip"},{"floor":41,"key":"Darkstone Periapt"},{"floor":42,"key":"Bottled Flame"},{"floor":46,"key":"Letter Opener"},{"floor":48,"key":"PreservedInsect"},{"floor":54,"key":"Bronze Scales"}],"event_choices":[{"cards_removed":["Defend_G"],"damage_healed":0,"gold_gain":0,"player_choice":"Purged","damage_taken":0,"max_hp_gain":0,"max_hp_loss":0,"event_name":"Purifier","floor":3,"gold_loss":0},{"cards_removed":["Strike_G"],"damage_healed":0,"gold_gain":0,"player_choice":"Gave Gold","damage_taken":0,"max_hp_gain":0,"max_hp_loss":0,"event_name":"Beggar","floor":19,"gold_loss":75},{"damage_healed":0,"gold_gain":0,"player_choice":"Obtained Book","damage_taken":16,"max_hp_gain":0,"max_hp_loss":0,"event_name":"Cursed Tome","floor":22,"gold_loss":0},{"cards_removed":["Footwork"],"damage_healed":0,"gold_gain":0,"player_choice":"Removed Power","damage_taken":0,"max_hp_gain":0,"max_hp_loss":0,"event_name":"Falling","floor":36,"gold_loss":0},{"damage_healed":0,"gold_gain":0,"player_choice":"Fight","damage_taken":0,"max_hp_gain":0,"max_hp_loss":0,"event_name":"Mysterious Sphere","floor":39,"gold_loss":0},{"damage_healed":0,"gold_gain":0,"player_choice":"Ignored","damage_taken":0,"max_hp_gain":0,"max_hp_loss":0,"event_name":"Tomb of Lord Red Mask","floor":44,"gold_loss":0},{"damage_healed":0,"gold_gain":0,"player_choice":"Max HP","damage_taken":0,"max_hp_gain":0,"max_hp_loss":4,"event_name":"Winding Halls","floor":47,"gold_loss":0}],"is_beta":true,"boss_relics":[{"not_picked":["Philosopher\u0027s Stone","Black Star"],"picked":"Fusion Hammer"},{"not_picked":["Ring of the Serpent","Runic Pyramid"],"picked":"Empty Cage"}],"items_purged_floors":[20,37],"is_endless":false,"potions_floor_spawned":[1,8,14,16,18,21,23,33,38,40,42,48,54],"ascension_level":1}