{"gold_per_floor":[118,118,138,148,163,190,190,216,286,286,251,251,251,8,8,105,105,118,41,59,19,39,39,39,39],"floor_reached":25,"playtime":1468,"items_purged":[],"score":251,"play_id":"4c323ba3-e6fc-4d57-a3b9-8377aa409022","local_time":"20180623042306","is_ascension_mode":true,"campfire_choices":[{"data":"Disarm","floor":7,"key":"SMITH"},{"floor":10,"key":"REST"},{"floor":13,"key":"REST"},{"data":"Armaments","floor":15,"key":"SMITH"},{"floor":23,"key":"REST"}],"neow_cost":"CURSE","seed_source_timestamp":109292916192171,"circlet_count":0,"master_deck":["Strike_R","Strike_R+1","Strike_R","Strike_R","Defend_R","Defend_R","Defend_R","Bash","Parasite","Feel No Pain","Shrug It Off+1","Flex","Disarm+1","Uppercut","Iron Wave","Shrug It Off","Cleave","Armaments+1","Limit Break","Body Slam","J.A.X.","Headbutt+1","Dropkick","Entrench"],"relics":["Burning Blood","Anchor","Du-Vu Doll","Darkstone Periapt","Kunai","Philosopher\u0027s Stone","Bottled Flame"],"potions_floor_usage":[6,22,25,25],"damage_taken":[{"damage":1,"enemies":"Cultist","floor":1,"turns":4},{"damage":6,"enemies":"2 Louse","floor":3,"turns":3},{"damage":5,"enemies":"Jaw Worm","floor":4,"turns":5},{"damage":0,"enemies":"Red Slaver","floor":5,"turns":5},{"damage":30,"enemies":"Gremlin Nob","floor":6,"turns":5},{"damage":43,"enemies":"Lagavulin","floor":8,"turns":8},{"damage":29,"enemies":"Hexaghost","floor":16,"turns":11},{"damage":4,"enemies":"Shell Parasite","floor":18,"turns":5},{"damage":40,"enemies":"3 Byrds","floor":20,"turns":5},{"damage":18,"enemies":"3 Cultists","floor":22,"turns":5},{"damage":65,"enemies":"Gremlin Leader","floor":25,"turns":7}],"seed_played":"-6093572443069367075","potions_obtained":[{"floor":3,"key":"BloodPotion"},{"floor":4,"key":"Ancient Potion"},{"floor":16,"key":"Energy Potion"},{"floor":20,"key":"Energy Potion"},{"floor":22,"key":"Dexterity Potion"}],"is_trial":false,"path_per_floor":["M","?","M","M","M","E","R","E","T","R","?","?","R","$","R","B",null,"M","?","M","$","M","R","T"],"character_chosen":"IRONCLAD","items_purchased":["Kunai","Dropkick"],"campfire_rested":3,"item_purchase_floors":[14,21],"current_hp_per_floor":[80,80,80,80,80,64,64,27,27,51,71,55,79,79,79,56,80,80,80,46,46,34,58,58,0],"gold":39,"neow_bonus":"TRANSFORM_TWO_CARDS","is_prod":false,"is_daily":false,"chose_seed":false,"campfire_upgraded":2,"win_rate":0,"timestamp":1529738586,"path_taken":["M","?","M","M","M","E","R","E","T","R","?","?","R","$","R","BOSS","M","?","?","$","M","R","?","E"],"build_version":"2018-06-21v2","purchased_purges":0,"victory":false,"max_hp_per_floor":[80,80,80,80,80,80,80,80,80,80,80,80,80,80,80,80,80,80,80,80,80,80,80,80,80],"card_choices":[{"not_picked":["Twin Strike","Heavy Blade"],"picked":"Flex","floor":1},{"not_picked":["Second Wind","True Grit"],"picked":"Uppercut","floor":3},{"not_picked":["Intimidate","Sentinel"],"picked":"Iron Wave","floor":4},{"not_picked":["Clash","Warcry"],"picked":"Shrug It Off","floor":5},{"not_picked":["Power Through","Combust"],"picked":"Cleave","floor":6},{"not_picked":["Pommel Strike","Perfected Strike"],"picked":"Armaments","floor":8},{"not_picked":["Dark Embrace","Brutality"],"picked":"Limit Break","floor":16},{"not_picked":["Combust","Sentinel"],"picked":"Body Slam","floor":18},{"not_picked":["Sword Boomerang","Perfected Strike"],"picked":"Headbutt+1","floor":20},{"not_picked":["Warcry","Iron Wave"],"picked":"Entrench","floor":22}],"player_experience":387420,"relics_obtained":[{"floor":6,"key":"Anchor"},{"floor":8,"key":"Du-Vu Doll"},{"floor":9,"key":"Darkstone Periapt"},{"floor":24,"key":"Bottled Flame"}],"event_choices":[{"event_name":"Match and Keep!","player_choice":"1 cards matched","floor":2,"damage_taken":0},{"event_name":"The Cleric","player_choice":"Healed","floor":11,"damage_taken":0},{"event_name":"Shining Light","player_choice":"Entered Light","floor":12,"damage_taken":0},{"event_name":"Drug Dealer","player_choice":"Got JAXXED","floor":19,"damage_taken":0}],"boss_relics":[{"not_picked":["Velvet Choker","Pandora\u0027s Box"],"picked":"Philosopher\u0027s Stone"}],"items_purged_floors":[],"is_endless":false,"potions_floor_spawned":[3,4,16,20,22],"killed_by":"Gremlin Leader","ascension_level":4}