{"gold_per_floor":[117,117,67,67,82,82,101,101,128,49,49,49,49,67,67,191,191,210,57,57,80,103,103,146,146,146,167,167,190,115,135,135,259,259,275,298,122,122,143,143],"floor_reached":40,"playtime":1757,"items_purged":["Writhe","Injury"],"score":571,"play_id":"028bbbd7-e1ff-400b-b631-6a68ed0b30d0","local_time":"20190311003455","is_ascension_mode":true,"campfire_choices":[{"data":"Dualcast","floor":6,"key":"SMITH"},{"data":"Glacier","floor":8,"key":"SMITH"},{"data":"Consume","floor":12,"key":"SMITH"},{"floor":15,"key":"RECALL"},{"data":"Rainbow","floor":23,"key":"SMITH"},{"floor":25,"key":"REST"},{"data":"Glacier","floor":32,"key":"SMITH"}],"neow_cost":"NONE","seed_source_timestamp":2111972482841619,"circlet_count":0,"master_deck":["Strike_B","Strike_B","Strike_B","Defend_B","Defend_B","Defend_B","Defend_B","Zap+1","Dualcast+1","Glacier+1","Beam Cell","Consume+1","Meteor Strike","Rainbow+1","RitualDagger","Doom and Gloom","Writhe","Undo+1","Glacier+1","Thunder Strike","Capacitor"],"relics":["Busted Crown","Golden Idol","Bronze Scales","Cursed Key","Bottled Lightning","Pantograph","Strawberry","Happy Flower","Nuclear Battery"],"potions_floor_usage":[5,16,16,33],"damage_taken":[{"damage":0,"enemies":"2 Louse","floor":1,"turns":2},{"damage":8,"enemies":"Small Slimes","floor":5,"turns":5},{"damage":2,"enemies":"Jaw Worm","floor":7,"turns":4},{"damage":0,"enemies":"Looter","floor":14,"turns":4},{"damage":23,"enemies":"Hexaghost","floor":16,"turns":12},{"damage":1,"enemies":"Shell Parasite","floor":18,"turns":4},{"damage":7,"enemies":"Chosen","floor":21,"turns":4},{"damage":8,"enemies":"Snecko","floor":22,"turns":5},{"damage":9,"enemies":"Book of Stabbing","floor":24,"turns":5},{"damage":10,"enemies":"Shelled Parasite and Fungi","floor":27,"turns":6},{"damage":2,"enemies":"Snake Plant","floor":31,"turns":4},{"damage":8,"enemies":"Automaton","floor":33,"turns":14},{"damage":1,"enemies":"Orb Walker","floor":35,"turns":4},{"damage":9,"enemies":"3 Darklings","floor":36,"turns":7},{"damage":13,"enemies":"Sphere and 2 Shapes","floor":39,"turns":7},{"damage":69,"enemies":"Nemesis","floor":40,"turns":16}],"seed_played":"-2094992824700817436","potions_obtained":[{"floor":1,"key":"EntropicBrew"},{"floor":7,"key":"Strength Potion"},{"floor":18,"key":"Fire Potion"},{"floor":21,"key":"SteroidPotion"},{"floor":22,"key":"Poison Potion"},{"floor":27,"key":"PowerPotion"},{"floor":36,"key":"Explosive Potion"}],"is_trial":false,"path_per_floor":["M","?","?","$","M","R","M","R","T","$","?","R","T","M","R","B",null,"M","$","?","M","M","R","E","R","T","M","?","T","$","M","R","B",null,"M","M","$","?","M","E"],"character_chosen":"DEFECT","items_purchased":["Consume","Rainbow","Capacitor"],"campfire_rested":1,"item_purchase_floors":[10,19,37],"current_hp_per_floor":[68,68,68,68,60,60,58,58,58,58,58,58,58,58,58,35,65,64,64,58,51,43,43,34,56,56,46,53,53,53,51,51,68,79,78,69,69,69,56,0],"gold":143,"neow_bonus":"BOSS_RELIC","is_prod":false,"is_daily":false,"chose_seed":false,"campfire_upgraded":5,"win_rate":0,"timestamp":1552275295,"path_taken":["M","?","?","$","M","R","M","R","T","?","?","R","?","M","R","BOSS","M","$","?","M","M","R","E","R","T","M","?","?","$","M","R","BOSS","M","?","$","?","M","E"],"build_version":"2019-01-23","purchased_purges":2,"victory":false,"max_hp_per_floor":[75,75,75,75,75,75,75,75,75,75,75,75,75,75,75,75,75,75,75,75,75,75,75,75,75,75,75,82,82,82,82,82,82,82,82,82,82,82,82,82],"card_choices":[{"not_picked":[],"picked":"Glacier","floor":1},{"not_picked":[],"picked":"Beam Cell","floor":5},{"not_picked":["Turbo"],"picked":"SKIP","floor":7},{"not_picked":["Turbo"],"picked":"SKIP","floor":14},{"not_picked":[],"picked":"Meteor Strike","floor":16},{"not_picked":["Sweeping Beam"],"picked":"SKIP","floor":18},{"not_picked":["Leap"],"picked":"SKIP","floor":21},{"not_picked":["Steam"],"picked":"SKIP","floor":22},{"not_picked":[],"picked":"Doom and Gloom","floor":24},{"not_picked":[],"picked":"Undo+1","floor":27},{"not_picked":[],"picked":"Glacier","floor":31},{"not_picked":[],"picked":"Thunder Strike","floor":33},{"not_picked":[],"picked":"Hologram+1","floor":35},{"not_picked":["Streamline+1"],"picked":"SKIP","floor":36},{"not_picked":["Gash"],"picked":"SKIP","floor":39}],"player_experience":904332,"relics_obtained":[{"floor":13,"key":"Bronze Scales"},{"floor":24,"key":"Bottled Lightning"},{"floor":26,"key":"Pantograph"},{"floor":29,"key":"Happy Flower"}],"event_choices":[{"damage_healed":0,"gold_gain":0,"player_choice":"Grow","damage_taken":0,"max_hp_gain":0,"max_hp_loss":0,"event_name":"Living Wall","floor":2,"gold_loss":0,"cards_upgraded":["Zap"]},{"cards_removed":["Strike_B"],"damage_healed":0,"gold_gain":0,"player_choice":"Card Removal","damage_taken":0,"max_hp_gain":0,"max_hp_loss":0,"event_name":"The Cleric","floor":3,"gold_loss":50},{"damage_healed":0,"gold_gain":0,"player_choice":"Take Wound","damage_taken":0,"relics_obtained":["Golden Idol"],"max_hp_gain":0,"max_hp_loss":0,"event_name":"Golden Idol","floor":11,"gold_loss":0,"cards_obtained":["Injury"]},{"damage_healed":0,"gold_gain":0,"player_choice":"Joined the Cult","damage_taken":6,"max_hp_gain":0,"max_hp_loss":0,"event_name":"Nest","floor":20,"gold_loss":0,"cards_obtained":["RitualDagger"]},{"damage_healed":0,"gold_gain":0,"player_choice":"Opened","damage_taken":0,"relics_obtained":["Strawberry"],"max_hp_gain":0,"max_hp_loss":0,"event_name":"The Mausoleum","floor":28,"gold_loss":0},{"cards_removed":["Hologram"],"damage_healed":0,"gold_gain":0,"player_choice":"Removed Skill","damage_taken":0,"max_hp_gain":0,"max_hp_loss":0,"event_name":"Falling","floor":38,"gold_loss":0}],"is_beta":false,"boss_relics":[{"not_picked":["Lizard Tail","Empty Cage"],"picked":"Cursed Key"},{"not_picked":["Eternal Feather","Runic Dome"],"picked":"Nuclear Battery"}],"items_purged_floors":[30,37],"is_endless":false,"potions_floor_spawned":[1,7,18,21,22,27,36],"killed_by":"Nemesis","ascension_level":9}