{"gold_per_floor":[114,114,114,114,127,171,171,202,225,268,283,302,302,327,327,450,450,465,465,3,21,21,56,56,87,133,168,188,211,211,225,225,354,354,368,245,259,278,47,47,91,0,0,25,25,44,44,469,469,469,469,469,30,68,68],"floor_reached":56,"playtime":2691,"items_purged":[],"score":1454,"play_id":"a1c9a8fc-e71e-4faf-975f-6143fdf21bf0","local_time":"20190427165624","is_ascension_mode":true,"campfire_choices":[{"floor":7,"key":"REST"},{"data":"Perfected Strike","floor":13,"key":"SMITH"},{"data":"Disarm","floor":15,"key":"SMITH"},{"data":"Bludgeon","floor":24,"key":"SMITH"},{"data":"Bludgeon","floor":30,"key":"SMITH"},{"data":"Immolate","floor":32,"key":"SMITH"},{"floor":40,"key":"RECALL"},{"data":"1","floor":49,"key":"LIFT"},{"data":"2","floor":52,"key":"LIFT"}],"neow_cost":"NONE","seed_source_timestamp":4052043961503673,"circlet_count":0,"master_deck":["Strike_R","Strike_R","Strike_R","Strike_R+1","Defend_R","Defend_R","Defend_R","Defend_R","Bash+1","Evolve+1","Offering","Wild Strike","Ghostly Armor","Thunderclap","Disarm+1","Perfected Strike+1","Carnage+1","Wild Strike","Shrug It Off","Iron Wave","Bludgeon+1","Shockwave","Ghostly Armor","Bludgeon+1","Battle Trance","Shrug It Off+1","Headbutt","Pommel Strike","Power Through","Second Wind","Twin Strike","Immolate+1","Feel No Pain+1","Second Wind","Barricade","Perfected Strike+1","Sentinel","Clothesline","Perfected Strike","Battle Trance+1","Twin Strike+1","Pommel Strike","Shrug It Off","Fiend Fire","Entrench+1","Shrug It Off+1","Armaments+1","Immolate","Flame Barrier","Dual Wield","Perfected Strike"],"relics":["Burning Blood","Golden Idol","Blood Vial","Orichalcum","Bag of Preparation","Prayer Wheel","Snecko Eye","Whetstone","Centennial Puzzle","Blue Candle","Strawberry","Mummified Hand","Fusion Hammer","PreservedInsect","Paper Frog","Red Mask","Girya","Pear","Old Coin","Art of War","Oddly Smooth Stone","Vajra"],"potions_floor_usage":[33,33,55,55,55],"damage_taken":[{"damage":5,"enemies":"Small Slimes","floor":1,"turns":3},{"damage":6,"enemies":"2 Louse","floor":5,"turns":3},{"damage":23,"enemies":"3 Sentries","floor":6,"turns":9},{"damage":27,"enemies":"Lagavulin","floor":8,"turns":5},{"damage":6,"enemies":"Gremlin Nob","floor":10,"turns":3},{"damage":0,"enemies":"Cultist","floor":11,"turns":3},{"damage":3,"enemies":"2 Fungi Beasts","floor":12,"turns":3},{"damage":0,"enemies":"Exordium Thugs","floor":14,"turns":4},{"damage":21,"enemies":"Hexaghost","floor":16,"turns":8},{"damage":16,"enemies":"Shell Parasite","floor":18,"turns":5},{"damage":6,"enemies":"3 Byrds","floor":21,"turns":3},{"damage":21,"enemies":"Gremlin Leader","floor":23,"turns":4},{"damage":0,"enemies":"Slavers","floor":25,"turns":3},{"damage":11,"enemies":"Gremlin Leader","floor":27,"turns":3},{"damage":0,"enemies":"Centurion and Healer","floor":28,"turns":2},{"damage":0,"enemies":"Snake Plant","floor":29,"turns":3},{"damage":0,"enemies":"Cultist and Chosen","floor":31,"turns":3},{"damage":33,"enemies":"Collector","floor":33,"turns":8},{"damage":11,"enemies":"3 Shapes","floor":35,"turns":2},{"damage":6,"enemies":"Orb Walker","floor":37,"turns":2},{"damage":8,"enemies":"Jaw Worm Horde","floor":38,"turns":3},{"damage":15,"enemies":"Nemesis","floor":41,"turns":3},{"damage":0,"enemies":"3 Darklings","floor":44,"turns":3},{"damage":6,"enemies":"Writhing Mass","floor":46,"turns":1},{"damage":4,"enemies":"Mind Bloom Boss Battle","floor":48,"turns":4},{"damage":41,"enemies":"Awakened One","floor":50,"turns":10},{"damage":24,"enemies":"Shield and Spear","floor":54,"turns":3},{"damage":58,"enemies":"The Heart","floor":55,"turns":5}],"seed_played":"1830932013227149617","potions_obtained":[{"floor":8,"key":"PowerPotion"},{"floor":10,"key":"SmokeBomb"},{"floor":12,"key":"Dexterity Potion"},{"floor":16,"key":"LiquidBronze"},{"floor":23,"key":"PowerPotion"},{"floor":31,"key":"Energy Potion"},{"floor":33,"key":"Dexterity Potion"},{"floor":35,"key":"SkillPotion"},{"floor":41,"key":"Energy Potion"}],"is_trial":false,"path_per_floor":["M","?","?","?","M","E","R","E","T","E","M","M","R","M","R","B",null,"M","?","$","M","$","E","R","E","T","E","M","M","R","M","R","B",null,"M","$","M","M","$","R","E","?","T","M","?","M","T","?","R","B",null,"R","$","E","B",null],"character_chosen":"IRONCLAD","items_purchased":["Bludgeon","Whetstone","Centennial Puzzle","Sentinel","Clothesline","PreservedInsect","Pommel Strike","Shrug It Off","Flame Barrier","Dual Wield","Art of War","Oddly Smooth Stone"],"campfire_rested":1,"item_purchase_floors":[20,20,20,36,36,39,39,39,53,53,53,53],"current_hp_per_floor":[80,60,60,60,60,43,67,48,48,50,58,63,63,71,71,58,80,70,80,80,80,80,65,65,80,80,77,85,87,87,87,87,60,87,82,82,84,84,84,84,77,77,77,85,83,83,93,93,93,58,93,93,93,75,25],"gold":68,"neow_bonus":"UPGRADE_CARD","is_prod":false,"is_daily":false,"chose_seed":false,"campfire_upgraded":5,"win_rate":0,"timestamp":1556398584,"path_taken":["M","?","?","?","M","E","R","E","T","E","M","M","R","?","R","BOSS","M","?","?","M","$","E","R","E","T","E","M","M","R","?","R","BOSS","M","$","M","M","$","R","E","?","T","M","?","M","?","?","R","BOSS","R","$","E","BOSS"],"build_version":"2019-04-23","purchased_purges":0,"victory":true,"max_hp_per_floor":[80,80,80,80,80,80,80,80,80,80,80,80,80,80,80,80,80,80,80,80,80,80,80,80,87,87,87,87,87,87,87,87,87,87,87,87,87,87,87,87,87,87,87,87,83,83,93,93,93,93,93,93,93,93,93],"card_choices":[{"not_picked":["Headbutt","Body Slam"],"picked":"Evolve","floor":1},{"not_picked":["Reckless Charge","Pommel Strike"],"picked":"Wild Strike","floor":5},{"not_picked":["Fire Breathing","Rupture"],"picked":"Ghostly Armor","floor":6},{"not_picked":["Warcry","Twin Strike"],"picked":"Thunderclap","floor":8},{"not_picked":["Twin Strike","True Grit"],"picked":"Disarm","floor":10},{"not_picked":["Heavy Blade","Shrug It Off"],"picked":"Perfected Strike","floor":11},{"not_picked":["Iron Wave","Feel No Pain"],"picked":"Carnage","floor":11},{"not_picked":["Evolve","True Grit"],"picked":"Wild Strike","floor":12},{"not_picked":["Rupture","Bloodletting"],"picked":"Rage","floor":12},{"not_picked":["Reaper","Fire Breathing"],"picked":"Shrug It Off","floor":14},{"not_picked":["Searing Blow","Whirlwind"],"picked":"Iron Wave","floor":14},{"not_picked":["Feed","Juggernaut"],"picked":"Bludgeon","floor":16},{"not_picked":["Dropkick","Rage+1"],"picked":"Shockwave","floor":18},{"not_picked":["Warcry+1","Rampage"],"picked":"Ghostly Armor","floor":18},{"not_picked":["Heavy Blade","Anger"],"picked":"Battle Trance","floor":21},{"not_picked":["Iron Wave+1","Havoc"],"picked":"Shrug It Off+1","floor":21},{"not_picked":["Juggernaut","Entrench"],"picked":"Headbutt","floor":23},{"not_picked":["Flex","Shrug It Off","Intimidate"],"picked":"SKIP","floor":25},{"not_picked":["Iron Wave+1","Searing Blow+1"],"picked":"Pommel Strike","floor":27},{"not_picked":["Clothesline","Wild Strike"],"picked":"Power Through","floor":28},{"not_picked":["Reckless Charge","Thunderclap"],"picked":"Second Wind","floor":28},{"not_picked":["Headbutt","Armaments"],"picked":"Twin Strike","floor":29},{"not_picked":["Twin Strike+1","Battle Trance+1"],"picked":"Immolate","floor":29},{"not_picked":["Battle Trance","Sword Boomerang"],"picked":"Feel No Pain+1","floor":31},{"not_picked":["Body Slam","Searing Blow"],"picked":"Second Wind","floor":31},{"not_picked":["Juggernaut","Dark Embrace"],"picked":"Barricade","floor":33},{"not_picked":["Metallicize+1","Sentinel+1"],"picked":"Perfected Strike+1","floor":35},{"not_picked":["True Grit","Searing Blow+1","Sword Boomerang"],"picked":"SKIP","floor":35},{"not_picked":["Warcry","Anger+1"],"picked":"Perfected Strike","floor":37},{"not_picked":["Thunderclap","Rupture+1"],"picked":"Battle Trance+1","floor":37},{"not_picked":["Shrug It Off+1","Havoc+1"],"picked":"Twin Strike+1","floor":38},{"not_picked":["Warcry","Dropkick","Sword Boomerang+1"],"picked":"SKIP","floor":38},{"not_picked":["Dropkick+1","Warcry"],"picked":"Fiend Fire","floor":41},{"not_picked":["Havoc","Blood for Blood"],"picked":"Entrench+1","floor":44},{"not_picked":["Cleave+1","Fire Breathing"],"picked":"Shrug It Off+1","floor":44},{"not_picked":["Fire Breathing","Heavy Blade"],"picked":"Armaments+1","floor":46},{"not_picked":["Feel No Pain","Anger+1","Flex"],"picked":"SKIP","floor":46},{"not_picked":["True Grit+1","Seeing Red"],"picked":"Immolate","floor":48},{"not_picked":["Battle Trance","Clothesline"],"picked":"Perfected Strike","floor":54}],"player_experience":5517481,"relics_obtained":[{"floor":6,"key":"Blood Vial"},{"floor":8,"key":"Orichalcum"},{"floor":9,"key":"Bag of Preparation"},{"floor":10,"key":"Prayer Wheel"},{"floor":23,"key":"Blue Candle"},{"floor":25,"key":"Strawberry"},{"floor":27,"key":"Mummified Hand"},{"floor":41,"key":"Paper Frog"},{"floor":43,"key":"Girya"},{"floor":47,"key":"Pear"},{"floor":48,"key":"Old Coin"},{"floor":54,"key":"Vajra"}],"event_choices":[{"damage_healed":0,"gold_gain":0,"player_choice":"Take Damage","damage_taken":20,"relics_obtained":["Golden Idol"],"max_hp_gain":0,"max_hp_loss":0,"event_name":"Golden Idol","floor":2,"gold_loss":0},{"damage_healed":0,"gold_gain":0,"player_choice":"Grow","damage_taken":0,"max_hp_gain":0,"max_hp_loss":0,"event_name":"Living Wall","floor":3,"gold_loss":0,"cards_upgraded":["Evolve"]},{"damage_healed":0,"gold_gain":0,"cards_transformed":["Strike_R"],"player_choice":"Transformed","damage_taken":0,"max_hp_gain":0,"max_hp_loss":0,"event_name":"Transmorgrifier","floor":4,"gold_loss":0,"cards_obtained":["Offering"]},{"cards_removed":["Rage"],"damage_healed":10,"gold_gain":0,"player_choice":"Offered Uncommon","damage_taken":0,"max_hp_gain":0,"max_hp_loss":0,"event_name":"Bonfire Elementals","floor":19,"gold_loss":0},{"damage_healed":0,"gold_gain":0,"player_choice":"Paid","damage_taken":0,"relics_obtained":["Red Mask"],"max_hp_gain":0,"max_hp_loss":0,"event_name":"Tomb of Lord Red Mask","floor":42,"gold_loss":91},{"damage_healed":0,"gold_gain":0,"player_choice":"Max HP","damage_taken":0,"max_hp_gain":0,"max_hp_loss":4,"event_name":"Winding Halls","floor":45,"gold_loss":0},{"damage_healed":0,"gold_gain":0,"player_choice":"Fight","damage_taken":0,"max_hp_gain":0,"max_hp_loss":0,"event_name":"MindBloom","floor":48,"gold_loss":0}],"is_beta":true,"boss_relics":[{"not_picked":["Mark of Pain","Ectoplasm"],"picked":"Snecko Eye"},{"not_picked":["Black Blood","Velvet Choker"],"picked":"Fusion Hammer"}],"items_purged_floors":[],"is_endless":false,"potions_floor_spawned":[8,10,12,16,18,23,31,33,35,41,44],"ascension_level":1}