{"gold_per_floor":[116,116,17,28,103,103,133,153,235,252,266,266,297,313,313,313],"floor_reached":16,"playtime":485,"items_purged":["Strike_G"],"score":267,"play_id":"db9ee881-8771-4d42-b030-69373263a8c3","local_time":"20190302145906","is_ascension_mode":true,"campfire_choices":[{"data":"Dagger Spray","floor":6,"key":"SMITH"},{"floor":15,"key":"REST"}],"neow_cost":"NONE","seed_source_timestamp":370523385504300,"circlet_count":0,"master_deck":["AscendersBane","Defend_G","Defend_G","Defend_G","Defend_G","Defend_G","Strike_G","Strike_G","Strike_G","Survivor","Neutralize","Dagger Spray+1","Quick Slash","Flying Knee","Bane","Deadly Poison","Crippling Poison","Deflect","PiercingWail+1","Glass Knife","Deflect+1"],"relics":["Ring of the Snake","NeowsBlessing","Dream Catcher","Bottled Lightning","Golden Idol","Toxic Egg 2"],"potions_floor_usage":[16,16],"damage_taken":[{"damage":0,"enemies":"2 Louse","floor":1,"turns":1},{"damage":0,"enemies":"Cultist","floor":4,"turns":1},{"damage":0,"enemies":"Lagavulin","floor":7,"turns":1},{"damage":0,"enemies":"Small Slimes","floor":8,"turns":1},{"damage":4,"enemies":"3 Louse","floor":10,"turns":2},{"damage":1,"enemies":"Exordium Thugs","floor":11,"turns":3},{"damage":24,"enemies":"3 Sentries","floor":13,"turns":9},{"damage":0,"enemies":"2 Fungi Beasts","floor":14,"turns":3},{"damage":40,"enemies":"Slime Boss","floor":16,"turns":8}],"seed_played":"3582892715266702650","potions_obtained":[{"floor":8,"key":"Dexterity Potion"},{"floor":10,"key":"Block Potion"},{"floor":11,"key":"PowerPotion"}],"is_trial":false,"path_per_floor":["M","?","$","M","?","R","E","M","T","M","M","?","E","M","R","B"],"character_chosen":"THE_SILENT","items_purchased":["Flying Knee"],"campfire_rested":1,"item_purchase_floors":[3],"current_hp_per_floor":[59,59,59,59,48,48,48,48,48,44,43,43,19,19,37,0],"gold":313,"neow_bonus":"THREE_ENEMY_KILL","is_prod":false,"is_daily":false,"chose_seed":false,"campfire_upgraded":1,"win_rate":0,"timestamp":1551535146,"path_taken":["M","?","$","?","?","R","E","M","T","M","M","?","E","M","R","BOSS"],"build_version":"2019-01-23","purchased_purges":1,"victory":false,"max_hp_per_floor":[66,66,66,66,66,66,66,66,66,66,66,60,60,60,60,60],"card_choices":[{"not_picked":["Backflip","Deflect"],"picked":"Dagger Spray","floor":1},{"not_picked":["Underhanded Strike","Acrobatics"],"picked":"Bane","floor":4},{"not_picked":["Skewer","Poisoned Stab"],"picked":"Deadly Poison","floor":7},{"not_picked":["Slice","Dagger Throw","Acrobatics"],"picked":"SKIP","floor":8},{"not_picked":["Slice","Blade Dance"],"picked":"Crippling Poison","floor":10},{"not_picked":["Eviscerate","All Out Attack"],"picked":"Deflect","floor":11},{"not_picked":["Acrobatics","Dagger Spray"],"picked":"PiercingWail","floor":13},{"not_picked":["Choke","Slice"],"picked":"Glass Knife","floor":14},{"not_picked":["Dagger Spray","Poisoned Stab"],"picked":"Deflect+1","floor":15}],"player_experience":532197,"relics_obtained":[{"floor":7,"key":"Dream Catcher"},{"floor":9,"key":"Bottled Lightning"},{"floor":13,"key":"Toxic Egg 2"}],"event_choices":[{"damage_healed":0,"gold_gain":0,"cards_transformed":["Strike_G"],"player_choice":"Transformed","damage_taken":0,"max_hp_gain":0,"max_hp_loss":0,"event_name":"Transmorgrifier","floor":2,"gold_loss":0,"cards_obtained":["Quick Slash"]},{"damage_healed":0,"gold_gain":75,"player_choice":"Gather Gold","damage_taken":11,"max_hp_gain":0,"max_hp_loss":0,"event_name":"World of Goop","floor":5,"gold_loss":0},{"damage_healed":0,"gold_gain":0,"player_choice":"Lose Max HP","damage_taken":0,"relics_obtained":["Golden Idol"],"max_hp_gain":0,"max_hp_loss":6,"event_name":"Golden Idol","floor":12,"gold_loss":0}],"is_beta":false,"boss_relics":[],"items_purged_floors":[3],"is_endless":false,"potions_floor_spawned":[8,10,11,13,14],"killed_by":"Slime Boss","ascension_level":19}