{"gold_per_floor":[119,132,151,6,6,31,13,42,97,97,107,282,46,76,76,180,180,194,211,171,35,35,63,63,79,79,79,113,128,128,3,3,3],"floor_reached":33,"playtime":1535,"items_purged":["Doubt","Strike_R","Strike_R"],"score":303,"play_id":"41dbf1ce-8b6b-4e26-ba37-7713719df36a","local_time":"20190315005835","is_ascension_mode":false,"campfire_choices":[{"floor":10,"key":"REST"},{"data":"True Grit","floor":15,"key":"SMITH"},{"data":"Limit Break","floor":24,"key":"SMITH"},{"data":"Battle Trance","floor":27,"key":"SMITH"},{"floor":32,"key":"REST"}],"neow_cost":"NONE","seed_source_timestamp":142566118683212,"circlet_count":0,"master_deck":["Strike_R","Strike_R","Strike_R","Defend_R","Defend_R","Defend_R","Defend_R","Bash","Juggernaut","Combust","Flame Barrier","Rampage","Body Slam","Inflame+1","True Grit+1","Limit Break+1","Seeing Red","Barricade+1","Rage+1","Pummel","Battle Trance+1","Flex+1","Armaments+1","Headbutt","Offering"],"relics":["Burning Blood","PreservedInsect","WingedGreaves","Frozen Egg 2","Regal Pillow","Vajra","Cursed Key","Nilry\u0027s Codex","Dream Catcher","Red Skull"],"potions_floor_usage":[8,14,18,23,23,23,29,33],"damage_taken":[{"damage":3,"enemies":"Cultist","floor":1,"turns":5},{"damage":5,"enemies":"Small Slimes","floor":2,"turns":4},{"damage":3,"enemies":"2 Louse","floor":3,"turns":2},{"damage":40,"enemies":"3 Sentries","floor":6,"turns":8},{"damage":10,"enemies":"Exordium Thugs","floor":7,"turns":4},{"damage":31,"enemies":"Gremlin Nob","floor":8,"turns":4},{"damage":6,"enemies":"3 Louse","floor":11,"turns":5},{"damage":9,"enemies":"3 Sentries","floor":14,"turns":5},{"damage":27,"enemies":"Slime Boss","floor":16,"turns":6},{"damage":20,"enemies":"2 Thieves","floor":18,"turns":4},{"damage":5,"enemies":"Chosen","floor":19,"turns":5},{"damage":45,"enemies":"Gremlin Leader","floor":23,"turns":12},{"damage":19,"enemies":"3 Cultists","floor":25,"turns":4},{"damage":18,"enemies":"Book of Stabbing","floor":28,"turns":3},{"damage":10,"enemies":"Chosen and Byrds","floor":29,"turns":7},{"damage":89,"enemies":"Collector","floor":33,"turns":7}],"seed_played":"-7982036560559622674","potions_obtained":[{"floor":1,"key":"Ancient Potion"},{"floor":3,"key":"Ancient Potion"},{"floor":7,"key":"Dexterity Potion"},{"floor":8,"key":"Fruit Juice"},{"floor":16,"key":"Fire Potion"},{"floor":20,"key":"Regen Potion"},{"floor":20,"key":"Regen Potion"},{"floor":20,"key":"Energy Potion"},{"floor":23,"key":"Ancient Potion"},{"floor":25,"key":"Weak Potion"},{"floor":29,"key":"Poison Potion"}],"is_trial":false,"path_per_floor":["M","M","M","$","?","E","M","E","T","R","M","?","$","E","R","B",null,"M","M","?","$","?","E","R","M","T","R","E","M","?","$","R","B"],"character_chosen":"IRONCLAD","items_purchased":["PreservedInsect","Limit Break","Battle Trance"],"campfire_rested":2,"item_purchase_floors":[4,13,21],"current_hp_per_floor":[80,80,80,80,85,51,47,27,27,69,69,69,69,66,66,45,90,76,77,77,77,61,76,76,63,63,63,51,47,47,47,89,0],"gold":3,"neow_bonus":"ONE_RANDOM_RARE_CARD","is_prod":false,"is_daily":false,"chose_seed":false,"campfire_upgraded":3,"win_rate":0,"timestamp":1552611515,"path_taken":["M","?","M","$","?","E","M","E","T","R","M","?","$","E","R","BOSS","M","M","?","?","?","E","R","M","T","R","E","M","?","$","R","BOSS"],"build_version":"2019-02-06","purchased_purges":3,"victory":false,"max_hp_per_floor":[80,80,80,80,85,85,85,90,90,90,90,90,90,90,90,90,90,90,90,90,90,90,90,90,90,90,90,90,90,90,90,90,90],"card_choices":[{"not_picked":["Sever Soul","Thunderclap"],"picked":"Combust","floor":1},{"not_picked":["Seeing Red","Shockwave"],"picked":"Flame Barrier","floor":2},{"not_picked":["Twin Strike","Perfected Strike"],"picked":"Rampage","floor":3},{"not_picked":["Flex","Sever Soul","Heavy Blade"],"picked":"SKIP","floor":6},{"not_picked":["Iron Wave","Headbutt"],"picked":"Body Slam","floor":7},{"not_picked":["Entrench","Anger"],"picked":"Inflame","floor":8},{"not_picked":["Body Slam","Perfected Strike"],"picked":"True Grit","floor":11},{"not_picked":["Perfected Strike","Dark Embrace+1"],"picked":"Seeing Red","floor":14},{"not_picked":["Offering","Juggernaut+1"],"picked":"Barricade+1","floor":16},{"not_picked":["Twin Strike","Clash+1"],"picked":"Rage+1","floor":18},{"not_picked":["Searing Blow","Power Through"],"picked":"Pummel","floor":19},{"not_picked":["Heavy Blade+1","Havoc"],"picked":"Flex+1","floor":23},{"not_picked":["Perfected Strike","Double Tap"],"picked":"Armaments+1","floor":25},{"not_picked":["Shrug It Off","Heavy Blade"],"picked":"Headbutt","floor":28},{"not_picked":["Power Through","True Grit","Intimidate"],"picked":"SKIP","floor":29},{"not_picked":["Second Wind","Corruption+1"],"picked":"Offering","floor":32}],"player_experience":1091246,"relics_obtained":[{"floor":6,"key":"WingedGreaves"},{"floor":8,"key":"Frozen Egg 2"},{"floor":9,"key":"Regal Pillow"},{"floor":14,"key":"Vajra"},{"floor":22,"key":"Nilry\u0027s Codex"},{"floor":23,"key":"Dream Catcher"},{"floor":28,"key":"Red Skull"}],"event_choices":[{"damage_healed":0,"gold_gain":0,"player_choice":"Donut","damage_taken":0,"max_hp_gain":5,"max_hp_loss":0,"event_name":"Big Fish","floor":5,"gold_loss":0},{"damage_healed":0,"gold_gain":175,"player_choice":"AGREE","damage_taken":0,"max_hp_gain":0,"max_hp_loss":0,"event_name":"Liars Game","floor":12,"gold_loss":0,"cards_obtained":["Doubt"]},{"damage_healed":0,"gold_gain":0,"player_choice":"Bought 3 Potions","damage_taken":0,"max_hp_gain":0,"max_hp_loss":0,"event_name":"The Woman in Blue","floor":20,"gold_loss":0},{"damage_healed":0,"gold_gain":0,"player_choice":"Obtained Book","damage_taken":16,"max_hp_gain":0,"max_hp_loss":0,"event_name":"Cursed Tome","floor":22,"gold_loss":0},{"damage_healed":0,"gold_gain":0,"player_choice":"Ignored","damage_taken":0,"max_hp_gain":0,"max_hp_loss":0,"event_name":"Ghosts","floor":30,"gold_loss":0}],"is_beta":true,"boss_relics":[{"not_picked":["Pandora\u0027s Box","Black Star"],"picked":"Cursed Key"}],"items_purged_floors":[13,21,31],"is_endless":false,"potions_floor_spawned":[1,3,7,8,16,23,25,29],"killed_by":"Collector","ascension_level":0}