{"gold_per_floor":[117,117,134,152,327,327,356,356,356,376,392,392,418,428,428,528,528,540,281,298,498,515,515,548,548,573,592,6,18,33,33,33,134,134,147,162,37,1036,1036,1036,80,80,157,157,176,176,193,206,206,206],"floor_reached":51,"playtime":1827,"items_purged":["Doubt","Strike_B","Writhe","Normality"],"score":744,"play_id":"ecc2921c-c31e-46f0-a2d1-a846f51d2a7d","local_time":"20190507104625","is_ascension_mode":false,"campfire_choices":[{"data":"Dualcast","floor":6.0,"key":"SMITH"},{"data":"Go for the Eyes","floor":8.0,"key":"SMITH"},{"data":"Rainbow","floor":12.0,"key":"SMITH"},{"data":"Chaos","floor":15.0,"key":"SMITH"},{"data":"Fission","floor":23.0,"key":"SMITH"},{"data":"Leap","floor":25.0,"key":"SMITH"},{"data":"The Bomb","floor":32.0,"key":"SMITH"},{"data":"Tempest","floor":40,"key":"SMITH"},{"data":"Normality","floor":42,"key":"PURGE"},{"data":"Seek","floor":44,"key":"SMITH"},{"data":"Strike_B","floor":46,"key":"PURGE"},{"data":"Strike_B","floor":49,"key":"PURGE"}],"neow_cost":"NONE","seed_source_timestamp":11495544986659,"circlet_count":0,"master_deck":["Strike_B","Defend_B","Defend_B+1","Defend_B","Zap+1","Dualcast+1","Leap+1","Melter","Chaos+1","Rainbow+1","Ball Lightning","Fission+1","Glacier+1","Go for the Eyes+1","Go for the Eyes+1","Glacier+1","Tempest+1","The Bomb+1","Double Energy","Seek+1","Double Energy+1","Skim","The Bomb","Hologram"],"special_seed":0,"relics":["Cracked Core","Odd Mushroom","Sundial","Anchor","Busted Crown","PreservedInsect","Thread and Needle","War Paint","FossilizedHelix","Cables","Sozu","Peace Pipe","Bag of Preparation","Lee\u0027s Waffle","Mercury Hourglass"],"potions_floor_usage":[33,50,50],"damage_taken":[{"damage":0.0,"enemies":"Small Slimes","floor":1.0,"turns":4.0},{"damage":0.0,"enemies":"2 Louse","floor":3.0,"turns":2.0},{"damage":0.0,"enemies":"Cultist","floor":4.0,"turns":3.0},{"damage":9.0,"enemies":"The Mushroom Lair","floor":7.0,"turns":4.0},{"damage":0.0,"enemies":"Looter","floor":10.0,"turns":3.0},{"damage":0.0,"enemies":"2 Fungi Beasts","floor":11.0,"turns":3.0},{"damage":14.0,"enemies":"Gremlin Nob","floor":13.0,"turns":4.0},{"damage":0.0,"enemies":"Blue Slaver","floor":14.0,"turns":3.0},{"damage":11.0,"enemies":"The Guardian","floor":16.0,"turns":10.0},{"damage":0.0,"enemies":"Shell Parasite","floor":18.0,"turns":2.0},{"damage":0.0,"enemies":"Spheric Guardian","floor":20.0,"turns":1.0},{"damage":25.0,"enemies":"Cultist and Chosen","floor":22.0,"turns":7.0},{"damage":0.0,"enemies":"Book of Stabbing","floor":24.0,"turns":5.0},{"damage":1.0,"enemies":"Snecko","floor":27.0,"turns":6.0},{"damage":0.0,"enemies":"Snake Plant","floor":29.0,"turns":4.0},{"damage":0.0,"enemies":"Shelled Parasite and Fungi","floor":30.0,"turns":3.0},{"damage":19,"enemies":"Collector","floor":33,"turns":11},{"damage":7,"enemies":"3 Darklings","floor":35,"turns":3},{"damage":0,"enemies":"3 Shapes","floor":36,"turns":2},{"damage":0,"enemies":"Transient","floor":45,"turns":5},{"damage":0,"enemies":"Sphere and 2 Shapes","floor":47,"turns":3},{"damage":0,"enemies":"3 Darklings","floor":48,"turns":4},{"damage":10,"enemies":"Awakened One","floor":50,"turns":15}],"seed_played":"-6169277372118101906","potions_obtained":[{"floor":1.0,"key":"Block Potion"},{"floor":7.0,"key":"Regen Potion"},{"floor":13.0,"key":"AttackPotion"},{"floor":20.0,"key":"Strength Potion"},{"floor":22.0,"key":"EssenceOfSteel"},{"floor":27.0,"key":"Explosive Potion"},{"floor":30.0,"key":"SteroidPotion"},{"floor":33,"key":"LiquidBronze"}],"is_trial":false,"path_per_floor":["M","?","M","M","?","R","?","R","T","M","M","R","E","M","R","B",null,"M","$","M","?","M","R","E","R","T","M","$","M","M","?","R","B",null,"M","M","$","?","?","R","$","R","T","R","M","R","M","M","R","B",null],"character_chosen":"DEFECT","items_purchased":["PreservedInsect","Glacier","FossilizedHelix","The Bomb","Peace Pipe","Bag of Preparation","Lee\u0027s Waffle","The Bomb"],"campfire_rested":0,"item_purchase_floors":[19,19,28,28,41,41,41,41],"current_hp_per_floor":[75,68,68,68,68,68,59,59,59,59,59,59,45,45,45,34,75,75,75,75,75,50,50,50,50,50,63,63,63,63,63,63,44,75,68,68,68,68,68,68,82,82,82,82,82,82,82,82,82,72],"gold":206,"neow_bonus":"UPGRADE_CARD","is_prod":false,"is_daily":false,"chose_seed":false,"campfire_upgraded":9,"win_rate":0,"timestamp":1557247585,"path_taken":["M","?","M","M","?","R","?","R","T","M","M","R","E","M","R","BOSS","M","$","M","?","M","R","E","R","T","M","$","M","?","?","R","BOSS","M","M","$","?","?","R","$","R","T","R","M","R","M","M","R","BOSS"],"build_version":"2019-01-23","purchased_purges":4,"victory":true,"max_hp_per_floor":[75,75,75,75,75,75,75,75,75,75,75,75,75,75,75,75,75,75,75,75,75,75,75,75,75,75,75,75,75,75,75,75,75,75,75,75,75,75,75,75,82,82,82,82,82,82,82,82,82,82],"card_choices":[{"not_picked":["Scrape","Lockon"],"picked":"Leap","floor":1.0},{"not_picked":["Gash","Barrage","Lockon"],"picked":"SKIP","floor":3.0},{"not_picked":["Sweeping Beam","Double Energy"],"picked":"Go for the Eyes","floor":4.0},{"not_picked":["Static Discharge","Chill"],"picked":"Melter","floor":7.0},{"not_picked":["Coolheaded","Stack"],"picked":"Chaos","floor":10.0},{"not_picked":["Chaos","Storm"],"picked":"Rainbow","floor":11.0},{"not_picked":["Auto Shields","Tempest"],"picked":"Ball Lightning","floor":13.0},{"not_picked":["Steam Power","Blizzard","Gash"],"picked":"SKIP","floor":14.0},{"not_picked":["Echo Form","Meteor Strike"],"picked":"Fission","floor":16.0},{"not_picked":["Turbo+1"],"picked":"SKIP","floor":18.0},{"not_picked":[],"picked":"Go for the Eyes+1","floor":20.0},{"not_picked":[],"picked":"Go for the Eyes+1","floor":22.0},{"not_picked":[],"picked":"Glacier+1","floor":24.0},{"not_picked":[],"picked":"Tempest","floor":27.0},{"not_picked":[],"picked":"Double Energy","floor":29.0},{"not_picked":["Streamline+1"],"picked":"SKIP","floor":30.0},{"not_picked":[],"picked":"Seek","floor":33},{"not_picked":[],"picked":"Double Energy+1","floor":35},{"not_picked":[],"picked":"Skim","floor":36},{"not_picked":["Doom and Gloom"],"picked":"SKIP","floor":45},{"not_picked":[],"picked":"Hologram","floor":47},{"not_picked":["Compile Driver+1"],"picked":"SKIP","floor":48}],"player_experience":1379306,"relics_obtained":[{"floor":7.0,"key":"Odd Mushroom"},{"floor":9.0,"key":"Sundial"},{"floor":13.0,"key":"Anchor"},{"floor":24.0,"key":"Thread and Needle"},{"floor":26.0,"key":"War Paint"},{"floor":43,"key":"Mercury Hourglass"}],"event_choices":[{"cards_removed":["Defend_B"],"damage_healed":0.0,"max_hp_gain":0.0,"max_hp_loss":0.0,"gold_gain":0.0,"event_name":"Golden Wing","player_choice":"Card Removal","floor":2.0,"gold_loss":0.0,"damage_taken":7.0},{"damage_healed":0.0,"max_hp_gain":0.0,"max_hp_loss":0.0,"gold_gain":175.0,"event_name":"Liars Game","player_choice":"AGREE","floor":5.0,"gold_loss":0.0,"damage_taken":0.0,"cards_obtained":["Doubt"]},{"damage_healed":0.0,"max_hp_gain":0.0,"max_hp_loss":0.0,"gold_gain":0.0,"event_name":"Mushrooms","player_choice":"Fought Mushrooms","floor":7.0,"gold_loss":0.0,"damage_taken":0.0},{"damage_healed":0.0,"max_hp_gain":0.0,"max_hp_loss":0.0,"gold_gain":250.0,"event_name":"The Joust","player_choice":"Bet on Owner","floor":21.0,"gold_loss":50.0,"damage_taken":0.0},{"damage_healed":0.0,"max_hp_gain":0.0,"max_hp_loss":0.0,"gold_gain":0.0,"event_name":"The Mausoleum","player_choice":"Opened","floor":31.0,"gold_loss":0.0,"damage_taken":0.0,"relics_obtained":["Cables"],"cards_obtained":["Writhe"]},{"damage_healed":0,"gold_gain":999,"player_choice":"Gold","damage_taken":0,"max_hp_gain":0,"max_hp_loss":0,"event_name":"MindBloom","floor":38,"gold_loss":0,"cards_obtained":["Normality","Normality"]},{"cards_removed":["Go for the Eyes"],"damage_healed":0,"gold_gain":0,"player_choice":"Removed Attack","damage_taken":0,"max_hp_gain":0,"max_hp_loss":0,"event_name":"Falling","floor":39,"gold_loss":0}],"is_beta":false,"boss_relics":[{"not_picked":["Black Star","White Beast Statue"],"picked":"Busted Crown"},{"not_picked":["Fusion Hammer","Inserter"],"picked":"Sozu"}],"items_purged_floors":[19,28,37,41],"is_endless":false,"potions_floor_spawned":[1,7,13,20,22,27,30,33,36],"ascension_level":0}