{"gold_per_floor":[110,110,285,360,376,376,405,31,79,96,96,96,427,438,438,438],"floor_reached":16,"playtime":785,"items_purged":["Doubt"],"score":173,"play_id":"e43b3ae3-545b-4436-a746-2e3687f41fb3","local_time":"20190503194140","is_ascension_mode":true,"campfire_choices":[{"data":"True Grit","floor":6,"key":"SMITH"},{"data":"Seeing Red","floor":15,"key":"SMITH"}],"neow_cost":"NONE","seed_source_timestamp":1831766924967200,"circlet_count":0,"master_deck":["Strike_R+1","Strike_R","Strike_R+1","Strike_R","Strike_R","Defend_R","Defend_R","Defend_R","Defend_R","Bash","Cleave","True Grit+1","Shrug It Off","Pommel Strike","Rage","Pommel Strike","Seeing Red+1"],"relics":["Burning Blood","NeowsBlessing","Nunchaku","Pear","Matryoshka","The Courier","Whetstone","Old Coin"],"potions_floor_usage":[16,16],"damage_taken":[{"damage":0,"enemies":"Cultist","floor":1,"turns":1},{"damage":0,"enemies":"Jaw Worm","floor":5,"turns":1},{"damage":0,"enemies":"Lagavulin","floor":7,"turns":1},{"damage":0,"enemies":"Small Slimes","floor":10,"turns":3},{"damage":17,"enemies":"Gremlin Nob","floor":13,"turns":4},{"damage":0,"enemies":"Exordium Wildlife","floor":14,"turns":3},{"damage":88,"enemies":"Hexaghost","floor":16,"turns":15}],"seed_played":"-463056261277326868","potions_obtained":[{"floor":10,"key":"Swift Potion"},{"floor":13,"key":"SkillPotion"},{"floor":14,"key":"FearPotion"}],"is_trial":false,"path_per_floor":["M","T","?","?","M","R","E","$","T","M","$","$","E","M","R","B"],"character_chosen":"IRONCLAD","items_purchased":["Matryoshka","Pommel Strike"],"campfire_rested":0,"item_purchase_floors":[8,8],"current_hp_per_floor":[78,78,78,67,73,73,89,89,89,90,90,90,79,85,85,0],"gold":438,"neow_bonus":"THREE_ENEMY_KILL","is_prod":false,"is_daily":false,"chose_seed":false,"campfire_upgraded":2,"win_rate":0,"timestamp":1556926900,"path_taken":["M","?","?","?","?","R","E","$","T","?","?","$","E","M","R","BOSS"],"build_version":"2019-01-23","purchased_purges":1,"victory":false,"max_hp_per_floor":[80,80,80,80,80,80,90,90,90,90,90,90,90,90,90,90],"card_choices":[{"not_picked":["Headbutt","Perfected Strike"],"picked":"Cleave","floor":1},{"not_picked":["Iron Wave","Clash"],"picked":"True Grit","floor":5},{"not_picked":["Reckless Charge","Disarm"],"picked":"Shrug It Off","floor":7},{"not_picked":["Second Wind","Iron Wave"],"picked":"Rage","floor":10},{"not_picked":["Bludgeon","Twin Strike"],"picked":"Pommel Strike","floor":13},{"not_picked":["Havoc","Heavy Blade"],"picked":"Seeing Red","floor":14}],"player_experience":146192,"relics_obtained":[{"floor":2,"key":"Nunchaku"},{"floor":7,"key":"Pear"},{"floor":9,"key":"The Courier"},{"floor":9,"key":"Whetstone"},{"floor":13,"key":"Old Coin"}],"event_choices":[{"damage_healed":0,"gold_gain":175,"player_choice":"AGREE","damage_taken":0,"max_hp_gain":0,"max_hp_loss":0,"event_name":"Liars Game","floor":3,"gold_loss":0,"cards_obtained":["Doubt"]},{"damage_healed":0,"gold_gain":75,"player_choice":"Gather Gold","damage_taken":11,"max_hp_gain":0,"max_hp_loss":0,"event_name":"World of Goop","floor":4,"gold_loss":0}],"is_beta":false,"boss_relics":[],"items_purged_floors":[8],"is_endless":false,"potions_floor_spawned":[10,13,14],"killed_by":"Hexaghost","ascension_level":6}