{"gold_per_floor":[114,114,114,16,27,27,61,90,90,100,128,142,172,231,231,329,329,348,273,293,293,21,56,56,88,88,103,134,134,34,133,133,236,236,252,352,372,372,385,717,735,767,767,767,798,809,809,823,823,823,823,823,116,144,144],"floor_reached":56,"playtime":3281,"items_purged":["Strike_R","Normality","Strike_R"],"score":1438,"play_id":"28ce9d9d-ce90-468a-9e5d-f34653b9a2c8","local_time":"20190218120044","is_ascension_mode":true,"campfire_choices":[{"data":"Inflame","floor":6,"key":"SMITH"},{"data":"Combust","floor":15,"key":"SMITH"},{"data":"Inflame","floor":24,"key":"SMITH"},{"data":"Havoc","floor":29,"key":"SMITH"},{"data":"Inflame","floor":32,"key":"SMITH"},{"floor":49,"key":"RECALL"},{"data":"Apotheosis","floor":52,"key":"SMITH"}],"neow_cost":"NONE","seed_source_timestamp":5529068967275065,"circlet_count":0,"master_deck":["Strike_R","Strike_R","Defend_R+1","Defend_R","Defend_R+1","Defend_R","Bash","Inflame+1","Feel No Pain","Havoc+1","Shockwave","Clothesline","Ghostly Armor","Anger","Metallicize","Inflame+1","Combust+1","Sword Boomerang","Immolate","Immolate","Inflame+1","Offering","Metallicize","True Grit+1","Ghostly Armor","Reaper","Rage+1","Burning Pact","Shrug It Off+1","Headbutt","Heavy Blade+1","Offering","Pain","Apotheosis+1","Secret Technique","Dark Shackles","Battle Trance+1","Rupture+1","Mayhem+1","Corruption+1","Uppercut","True Grit","Shrug It Off+1"],"relics":["Burning Blood","War Paint","Vajra","Potion Belt","Odd Mushroom","Gremlin Horn","Ornamental Fan","Anchor","Cursed Key","Bag of Preparation","Orichalcum","Centennial Puzzle","FossilizedHelix","Frozen Egg 2","Mark of Pain","Gambling Chip","Old Coin","Calipers","Mercury Hourglass","Dodecahedron","Membership Card","Blood Vial","Bottled Lightning","Lantern"],"potions_floor_usage":[16,23,27,45,55,55,55,55,55],"damage_taken":[{"damage":0,"enemies":"2 Louse","floor":1,"turns":3},{"damage":3,"enemies":"Jaw Worm","floor":5,"turns":3},{"damage":14,"enemies":"3 Sentries","floor":7,"turns":12},{"damage":12,"enemies":"The Mushroom Lair","floor":8,"turns":5},{"damage":1,"enemies":"Cultist","floor":10,"turns":3},{"damage":2,"enemies":"Lagavulin","floor":11,"turns":7},{"damage":2,"enemies":"Lots of Slimes","floor":12,"turns":3},{"damage":15,"enemies":"3 Sentries","floor":13,"turns":8},{"damage":28,"enemies":"Lagavulin Event","floor":14,"turns":6},{"damage":17,"enemies":"Slime Boss","floor":16,"turns":6},{"damage":3,"enemies":"2 Thieves","floor":18,"turns":2},{"damage":12,"enemies":"Shell Parasite","floor":20,"turns":3},{"damage":18,"enemies":"Book of Stabbing","floor":23,"turns":5},{"damage":19,"enemies":"Slavers","floor":25,"turns":2},{"damage":3,"enemies":"Centurion and Healer","floor":27,"turns":4},{"damage":8,"enemies":"Gremlin Leader","floor":28,"turns":4},{"damage":26,"enemies":"Automaton","floor":33,"turns":8},{"damage":5,"enemies":"3 Shapes","floor":35,"turns":3},{"damage":0,"enemies":"Mind Bloom Boss Battle","floor":36,"turns":4},{"damage":0,"enemies":"Orb Walker","floor":37,"turns":3},{"damage":1,"enemies":"Sphere and 2 Shapes","floor":39,"turns":3},{"damage":11,"enemies":"Giant Head","floor":40,"turns":8},{"damage":0,"enemies":"4 Shapes","floor":41,"turns":3},{"damage":15,"enemies":"Nemesis","floor":42,"turns":7},{"damage":15,"enemies":"Reptomancer","floor":45,"turns":4},{"damage":0,"enemies":"3 Darklings","floor":46,"turns":2},{"damage":12,"enemies":"Maw","floor":48,"turns":7},{"damage":37,"enemies":"Donu and Deca","floor":50,"turns":7},{"damage":61,"enemies":"Shield and Spear","floor":54,"turns":4},{"damage":42,"enemies":"The Heart","floor":55,"turns":6}],"seed_played":"6073378661280091263","potions_obtained":[{"floor":1,"key":"BloodPotion"},{"floor":7,"key":"Weak Potion"},{"floor":11,"key":"FairyPotion"},{"floor":14,"key":"GamblersBrew"},{"floor":16,"key":"Regen Potion"},{"floor":20,"key":"Weak Potion"},{"floor":23,"key":"Regen Potion"},{"floor":25,"key":"BloodPotion"},{"floor":27,"key":"Swift Potion"},{"floor":36,"key":"Energy Potion"},{"floor":37,"key":"Regen Potion"},{"floor":45,"key":"Fruit Juice"}],"is_trial":false,"path_per_floor":["M","?","?","$","M","R","E","?","T","M","E","M","E","?","R","B",null,"M","?","M","?","$","E","R","E","T","M","E","R","$","?","R","B",null,"M","?","M","?","M","E","M","E","T","?","E","M","?","M","R","B",null,"R","$","E","B",null],"character_chosen":"IRONCLAD","items_purchased":["Feel No Pain","Havoc","Bag of Preparation","Inflame","Membership Card","Mayhem+1","Corruption+1","Blood Vial","Bottled Lightning","Ancient Potion","PowerPotion","Uppercut","True Grit"],"campfire_rested":0,"item_purchase_floors":[4,4,22,22,53,53,53,53,53,53,53,53,53],"current_hp_per_floor":[80,80,80,80,80,80,72,66,66,71,75,79,70,48,48,37,80,80,80,74,74,74,70,70,57,57,68,66,66,66,66,66,46,80,80,80,80,76,76,71,76,68,68,58,67,80,80,74,74,81,81,81,81,53,69],"gold":144,"neow_bonus":"RANDOM_COMMON_RELIC","is_prod":false,"is_daily":false,"chose_seed":false,"campfire_upgraded":6,"win_rate":0,"timestamp":1550509244,"path_taken":["M","?","?","?","M","R","E","?","T","M","E","?","E","?","R","BOSS","M","?","M","?","$","E","R","E","T","?","E","R","?","?","R","BOSS","M","?","M","?","M","E","M","E","T","?","E","?","?","M","R","BOSS","R","$","E","BOSS"],"build_version":"2019-02-06","purchased_purges":3,"victory":true,"max_hp_per_floor":[80,80,80,80,80,80,80,80,80,80,80,80,80,80,80,80,80,80,80,80,80,80,80,80,80,80,80,80,80,80,80,80,80,80,80,80,80,76,76,76,76,76,76,76,81,81,81,81,81,81,81,81,81,81,81],"card_choices":[{"not_picked":["Bloodletting","Perfected Strike"],"picked":"Inflame","floor":1},{"not_picked":["Havoc","Cleave"],"picked":"Shockwave","floor":5},{"not_picked":["Bloodletting","Flex"],"picked":"Clothesline","floor":7},{"not_picked":["Flex","True Grit"],"picked":"Ghostly Armor","floor":8},{"not_picked":["Searing Blow","Entrench"],"picked":"Anger","floor":10},{"not_picked":["Thunderclap","Cleave"],"picked":"Metallicize","floor":11},{"not_picked":["Seeing Red","Second Wind"],"picked":"Inflame","floor":12},{"not_picked":["Heavy Blade","Iron Wave"],"picked":"Combust","floor":13},{"not_picked":["Clash","True Grit"],"picked":"Sword Boomerang","floor":14},{"not_picked":["Berserk","Exhume"],"picked":"Immolate","floor":16},{"not_picked":["Anger+1","Perfected Strike","Body Slam"],"picked":"SKIP","floor":18},{"not_picked":["Thunderclap","Sentinel","Wild Strike"],"picked":"SKIP","floor":20},{"not_picked":["Headbutt","Twin Strike+1"],"picked":"Offering","floor":23},{"not_picked":["Clash","Flex+1"],"picked":"Metallicize","floor":25},{"not_picked":["Body Slam+1","Fire Breathing"],"picked":"True Grit+1","floor":27},{"not_picked":["Pommel Strike","Fiend Fire"],"picked":"Ghostly Armor","floor":28},{"not_picked":["Brutality+1","Immolate"],"picked":"Reaper","floor":33},{"not_picked":["Reckless Charge","Thunderclap+1"],"picked":"Rage+1","floor":35},{"not_picked":["Iron Wave+1","Headbutt"],"picked":"Burning Pact","floor":36},{"not_picked":["Thunderclap","Clash+1","Entrench"],"picked":"SKIP","floor":37},{"not_picked":["Flame Barrier","Thunderclap+1"],"picked":"Shrug It Off+1","floor":39},{"not_picked":["Whirlwind","Warcry"],"picked":"Headbutt","floor":40},{"not_picked":["Hemokinesis+1","Shockwave"],"picked":"Heavy Blade+1","floor":41},{"not_picked":["Whirlwind","Fire Breathing+1"],"picked":"Offering","floor":42},{"not_picked":["Swift Strike","Blind"],"picked":"Apotheosis","floor":44},{"not_picked":["Blind","Deep Breath"],"picked":"Secret Technique","floor":44},{"not_picked":["Dramatic Entrance","Enlightenment"],"picked":"Dark Shackles","floor":44},{"not_picked":["Pommel Strike","Thunderclap"],"picked":"Battle Trance+1","floor":45},{"not_picked":["Armaments","Corruption+1"],"picked":"Rupture+1","floor":46},{"not_picked":["Perfected Strike+1","Clash","Headbutt+1"],"picked":"SKIP","floor":48},{"not_picked":["Anger+1","Perfected Strike"],"picked":"Shrug It Off+1","floor":54}],"player_experience":4582437,"relics_obtained":[{"floor":7,"key":"Potion Belt"},{"floor":8,"key":"Odd Mushroom"},{"floor":11,"key":"Gremlin Horn"},{"floor":13,"key":"Ornamental Fan"},{"floor":14,"key":"Anchor"},{"floor":23,"key":"Orichalcum"},{"floor":25,"key":"Centennial Puzzle"},{"floor":26,"key":"FossilizedHelix"},{"floor":28,"key":"Frozen Egg 2"},{"floor":36,"key":"Gambling Chip"},{"floor":40,"key":"Old Coin"},{"floor":42,"key":"Calipers"},{"floor":43,"key":"Mercury Hourglass"},{"floor":45,"key":"Dodecahedron"},{"floor":54,"key":"Lantern"}],"event_choices":[{"damage_healed":0,"gold_gain":0,"player_choice":"Box","damage_taken":0,"relics_obtained":["Vajra"],"max_hp_gain":0,"max_hp_loss":0,"event_name":"Big Fish","floor":2,"gold_loss":0,"cards_obtained":["Regret"]},{"cards_removed":["Regret"],"damage_healed":0,"gold_gain":0,"player_choice":"Forget","damage_taken":0,"max_hp_gain":0,"max_hp_loss":0,"event_name":"Living Wall","floor":3,"gold_loss":0},{"damage_healed":0,"gold_gain":0,"player_choice":"Fought Mushrooms","damage_taken":0,"max_hp_gain":0,"max_hp_loss":0,"event_name":"Mushrooms","floor":8,"gold_loss":0},{"damage_healed":0,"gold_gain":0,"player_choice":"Searched \u00271\u0027 times","damage_taken":0,"max_hp_gain":0,"max_hp_loss":0,"event_name":"Dead Adventurer","floor":14,"gold_loss":0},{"cards_removed":["Strike_R"],"damage_healed":0,"gold_gain":0,"player_choice":"Gave Gold","damage_taken":0,"max_hp_gain":0,"max_hp_loss":0,"event_name":"Beggar","floor":19,"gold_loss":75},{"damage_healed":0,"gold_gain":0,"player_choice":"Copied","damage_taken":0,"max_hp_gain":0,"max_hp_loss":0,"event_name":"Duplicator","floor":21,"gold_loss":0,"cards_obtained":["Immolate"]},{"damage_healed":0,"gold_gain":99,"player_choice":"Stole From Cult","damage_taken":0,"max_hp_gain":0,"max_hp_loss":0,"event_name":"Nest","floor":31,"gold_loss":0},{"damage_healed":0,"gold_gain":0,"player_choice":"Fight","damage_taken":0,"max_hp_gain":0,"max_hp_loss":0,"event_name":"MindBloom","floor":36,"gold_loss":0},{"damage_healed":0,"gold_gain":0,"player_choice":"Max HP","damage_taken":0,"max_hp_gain":0,"max_hp_loss":4,"event_name":"Winding Halls","floor":38,"gold_loss":0},{"damage_healed":0,"gold_gain":0,"player_choice":"Memory 3","damage_taken":10,"max_hp_gain":0,"max_hp_loss":0,"event_name":"SensoryStone","floor":44,"gold_loss":0},{"damage_healed":0,"gold_gain":0,"player_choice":"Ignored","damage_taken":0,"max_hp_gain":0,"max_hp_loss":0,"event_name":"Tomb of Lord Red Mask","floor":47,"gold_loss":0}],"is_beta":true,"boss_relics":[{"not_picked":["Fusion Hammer","Eternal Feather"],"picked":"Cursed Key"},{"not_picked":["Lizard Tail","Pandora\u0027s Box"],"picked":"Mark of Pain"}],"items_purged_floors":[22,30,53],"is_endless":false,"potions_floor_spawned":[1,7,11,14,16,20,23,25,27,36,37,39,45],"ascension_level":1}