{"gold_per_floor":[115,115,135,85,98,98,127,141,192,212,242,274,286,313,325,438,450,480,100,100,110,125,152,77,176,222,80,80,96,96,115,115,115],"floor_reached":33,"playtime":1223,"items_purged":["Perfected Strike"],"score":352,"play_id":"907c2b66-673d-462e-a443-fc4aa7958c6f","local_time":"20190325132908","is_ascension_mode":false,"campfire_choices":[{"data":"Bash","floor":6,"key":"SMITH"},{"data":"Perfected Strike","floor":13,"key":"SMITH"},{"data":"Perfected Strike","floor":15,"key":"SMITH"},{"floor":32,"key":"REST"}],"neow_cost":"PERCENT_DAMAGE","seed_source_timestamp":357449476247239,"circlet_count":0,"master_deck":["Strike_R","Strike_R","Strike_R","Defend_R","Defend_R","Defend_R","Bash+1","Twin Strike","Perfected Strike+1","Perfected Strike+1","Offering","Pommel Strike","Iron Wave","Exhume+1","Clothesline+1","Twin Strike+1","Corruption+1","Havoc+1","Shrug It Off","Headbutt","Ghostly Armor+1","Swift Strike","Flame Barrier+1","Seeing Red","Pommel Strike"],"relics":["Burning Blood","Matryoshka","Ornamental Fan","Dream Catcher","Odd Mushroom","MawBank","Astrolabe","Bag of Preparation","Frozen Eye","Peace Pipe","Art of War","Bronze Scales","Question Card"],"potions_floor_usage":[16,18,23,33,33,33],"damage_taken":[{"damage":15,"enemies":"Jaw Worm","floor":1,"turns":4},{"damage":0,"enemies":"2 Louse","floor":3,"turns":3},{"damage":0,"enemies":"Cultist","floor":5,"turns":3},{"damage":26,"enemies":"Lagavulin","floor":7,"turns":6},{"damage":6,"enemies":"3 Louse","floor":8,"turns":2},{"damage":6,"enemies":"The Mushroom Lair","floor":10,"turns":3},{"damage":17,"enemies":"3 Sentries","floor":11,"turns":6},{"damage":6,"enemies":"Large Slime","floor":12,"turns":3},{"damage":6,"enemies":"Looter","floor":14,"turns":1},{"damage":6,"enemies":"Slime Boss","floor":16,"turns":4},{"damage":12,"enemies":"3 Byrds","floor":18,"turns":4},{"damage":14,"enemies":"Shell Parasite","floor":21,"turns":3},{"damage":9,"enemies":"Snake Plant","floor":22,"turns":3},{"damage":27,"enemies":"Book of Stabbing","floor":23,"turns":4},{"damage":11,"enemies":"Centurion and Healer","floor":29,"turns":4},{"damage":15,"enemies":"3 Cultists","floor":31,"turns":6},{"damage":71,"enemies":"Champ","floor":33,"turns":7}],"seed_played":"1808501636516601183","potions_obtained":[{"floor":8,"key":"Poison Potion"},{"floor":10,"key":"Block Potion"},{"floor":16,"key":"PowerPotion"},{"floor":22,"key":"SpeedPotion"},{"floor":23,"key":"Energy Potion"}],"is_trial":false,"path_per_floor":["M","?","M","?","M","R","E","M","T","?","E","M","R","M","R","B",null,"M","$","?","M","M","E","$","?","T","$","?","M","T","M","R","B"],"character_chosen":"IRONCLAD","items_purchased":["Bag of Preparation","Frozen Eye","Shrug It Off","Strength Potion","Swift Strike"],"campfire_rested":1,"item_purchase_floors":[19,19,19,27,27],"current_hp_per_floor":[63,68,74,74,80,80,60,60,60,60,49,49,49,49,49,49,101,95,95,95,87,84,63,63,63,63,63,43,38,38,29,60,0],"gold":115,"neow_bonus":"TWENTY_PERCENT_HP_BONUS","is_prod":false,"is_daily":false,"chose_seed":false,"campfire_upgraded":3,"win_rate":0,"timestamp":1553520548,"path_taken":["M","?","M","?","M","R","E","M","T","?","E","?","R","M","R","BOSS","M","$","?","M","M","E","?","?","T","$","?","M","?","M","R","BOSS"],"build_version":"2019-03-15","purchased_purges":1,"victory":false,"max_hp_per_floor":[96,101,101,101,101,101,101,101,101,101,101,101,101,101,101,101,101,101,101,101,101,101,101,101,101,101,101,106,106,106,106,106,106],"card_choices":[{"not_picked":["Clash","Intimidate"],"picked":"Anger","floor":1},{"not_picked":["Evolve","Flex"],"picked":"Twin Strike","floor":3},{"not_picked":["Burning Pact","Wild Strike"],"picked":"Perfected Strike","floor":5},{"not_picked":["Warcry","Seeing Red"],"picked":"Perfected Strike","floor":7},{"not_picked":["Havoc","Iron Wave"],"picked":"Perfected Strike","floor":8},{"not_picked":["Cleave","Twin Strike"],"picked":"Offering","floor":11},{"not_picked":["Body Slam","Havoc"],"picked":"Pommel Strike","floor":12},{"not_picked":["Ghostly Armor","Infernal Blade"],"picked":"Iron Wave","floor":14},{"not_picked":["Berserk","Offering"],"picked":"Exhume","floor":16},{"not_picked":["Clothesline","Anger"],"picked":"Havoc+1","floor":18},{"not_picked":["Sword Boomerang","Twin Strike+1"],"picked":"Headbutt","floor":21},{"not_picked":["Pummel+1","Power Through","Entrench"],"picked":"SKIP","floor":22},{"not_picked":["Inflame+1","Entrench"],"picked":"Ghostly Armor+1","floor":23},{"not_picked":["Shrug It Off","Infernal Blade"],"picked":"Flame Barrier+1","floor":29},{"not_picked":["Clothesline","Iron Wave","Second Wind"],"picked":"Seeing Red","floor":31},{"not_picked":["Shrug It Off","Pummel","Bludgeon"],"picked":"Pommel Strike","floor":32}],"player_experience":1132120,"relics_obtained":[{"floor":7,"key":"Matryoshka"},{"floor":9,"key":"Ornamental Fan"},{"floor":9,"key":"Dream Catcher"},{"floor":10,"key":"Odd Mushroom"},{"floor":11,"key":"MawBank"},{"floor":23,"key":"Peace Pipe"},{"floor":26,"key":"Art of War"},{"floor":26,"key":"Bronze Scales"},{"floor":30,"key":"Question Card"}],"event_choices":[{"damage_healed":0,"gold_gain":0,"player_choice":"Donut","damage_taken":0,"max_hp_gain":5,"max_hp_loss":0,"event_name":"Big Fish","floor":2,"gold_loss":0},{"cards_removed":["Strike_R"],"damage_healed":0,"gold_gain":0,"player_choice":"Card Removal","damage_taken":0,"max_hp_gain":0,"max_hp_loss":0,"event_name":"The Cleric","floor":4,"gold_loss":50},{"damage_healed":0,"gold_gain":0,"player_choice":"Fought Mushrooms","damage_taken":0,"max_hp_gain":0,"max_hp_loss":0,"event_name":"Mushrooms","floor":10,"gold_loss":0},{"damage_healed":0,"gold_gain":0,"player_choice":"Upgraded","damage_taken":0,"max_hp_gain":0,"max_hp_loss":0,"event_name":"Upgrade Shrine","floor":20,"gold_loss":0,"cards_upgraded":["Exhume"]},{"damage_healed":0,"gold_gain":99,"player_choice":"Stole From Cult","damage_taken":0,"max_hp_gain":0,"max_hp_loss":0,"event_name":"Nest","floor":25,"gold_loss":0},{"damage_healed":0,"gold_gain":0,"player_choice":"Shed Blood","damage_taken":25,"max_hp_gain":5,"max_hp_loss":0,"event_name":"Forgotten Altar","floor":28,"gold_loss":0}],"is_beta":true,"boss_relics":[{"not_picked":["Velvet Choker","Mark of Pain"],"picked":"Astrolabe"}],"items_purged_floors":[24],"is_endless":false,"potions_floor_spawned":[8,10,16,22,23,31],"killed_by":"Champ","ascension_level":0}