{"gold_per_floor":[110,185,201,201,201,201,233,247,247,247,247,257,107,142,142,245,245,265,365,365,365,377,377],"floor_reached":23,"playtime":1037,"items_purged":["Regret"],"score":289,"play_id":"09c67655-0725-49c6-a4c3-75bf482bf31e","local_time":"20181221014411","is_ascension_mode":true,"campfire_choices":[{"data":"Uppercut","floor":6,"key":"SMITH"},{"floor":10,"key":"REST"},{"floor":15,"key":"REST"}],"neow_cost":"NONE","seed_source_timestamp":700435610456364,"circlet_count":0,"master_deck":["Strike_R","Strike_R","Strike_R","Strike_R","Strike_R","Defend_R","Defend_R","Defend_R","Defend_R","Bash","Uppercut+1","Thunderclap+1","True Grit","True Grit","Sword Boomerang","Pummel","Flex","Bludgeon","Armaments+1","Shrug It Off","Sword Boomerang+1"],"relics":["Burning Blood","Bag of Marbles","Ornamental Fan","Dodecahedron","Oddly Smooth Stone","Red Skull","Self Forming Clay","Black Star","Charon\u0027s Ashes","Darkstone Periapt"],"potions_floor_usage":[14,19,19,20,23],"damage_taken":[{"damage":0,"enemies":"Small Slimes","floor":1,"turns":4},{"damage":2,"enemies":"2 Louse","floor":3,"turns":3},{"damage":44,"enemies":"3 Sentries","floor":7,"turns":9},{"damage":6,"enemies":"Jaw Worm","floor":8,"turns":3},{"damage":14,"enemies":"Looter","floor":12,"turns":3},{"damage":0,"enemies":"Lagavulin","floor":14,"turns":2},{"damage":27,"enemies":"The Guardian","floor":16,"turns":7},{"damage":22,"enemies":"3 Byrds","floor":18,"turns":5},{"damage":32,"enemies":"Colosseum Slavers","floor":19,"turns":6},{"damage":18,"enemies":"Colosseum Nobs","floor":19,"turns":4},{"damage":0,"enemies":"Masked Bandits","floor":20,"turns":1},{"damage":1,"enemies":"Chosen","floor":22,"turns":4},{"damage":32,"enemies":"Book of Stabbing","floor":23,"turns":3}],"seed_played":"3488923329194631098","potions_obtained":[{"floor":1,"key":"SmokeBomb"},{"floor":7,"key":"Weak Potion"},{"floor":8,"key":"AttackPotion"},{"floor":14,"key":"Fire Potion"},{"floor":22,"key":"Swift Potion"}],"is_trial":false,"path_per_floor":["M","?","M","?","?","R","E","M","T","R","?","M","$","E","R","B",null,"M","?","?","?","M","E"],"character_chosen":"IRONCLAD","items_purchased":["Pummel"],"campfire_rested":2,"item_purchase_floors":[13],"current_hp_per_floor":[78,67,71,71,71,71,33,33,33,57,32,24,24,30,54,33,68,52,14,20,20,25,0],"gold":377,"neow_bonus":"RANDOM_COMMON_RELIC","is_prod":false,"is_daily":false,"chose_seed":false,"campfire_upgraded":1,"win_rate":0,"timestamp":1545367451,"path_taken":["M","?","M","?","?","R","E","M","T","R","?","?","$","E","R","BOSS","M","?","?","?","M","E"],"build_version":"2018-12-13","purchased_purges":1,"victory":false,"max_hp_per_floor":[80,80,80,80,80,80,80,80,80,80,80,80,80,80,80,80,80,80,80,80,80,80,80],"card_choices":[{"not_picked":["Fire Breathing","Combust"],"picked":"Uppercut","floor":1},{"not_picked":["Burning Pact","Infernal Blade"],"picked":"Thunderclap","floor":3},{"not_picked":["Sentinel","Juggernaut"],"picked":"True Grit","floor":7},{"not_picked":["Heavy Blade","Sever Soul"],"picked":"True Grit","floor":8},{"not_picked":["Flame Barrier","Clash"],"picked":"Sword Boomerang","floor":12},{"not_picked":["Anger","Armaments"],"picked":"Flex","floor":14},{"not_picked":["Brutality","Berserk"],"picked":"Bludgeon","floor":16},{"not_picked":["Sentinel","Shrug It Off+1"],"picked":"Armaments+1","floor":18},{"not_picked":["Ghostly Armor","Sword Boomerang"],"picked":"Shrug It Off","floor":19},{"not_picked":["Evolve","Clothesline"],"picked":"Sword Boomerang+1","floor":22}],"player_experience":517724,"relics_obtained":[{"floor":7,"key":"Dodecahedron"},{"floor":9,"key":"Oddly Smooth Stone"},{"floor":14,"key":"Self Forming Clay"},{"floor":19,"key":"Charon\u0027s Ashes"},{"floor":19,"key":"Darkstone Periapt"}],"event_choices":[{"damage_healed":0,"gold_gain":75,"player_choice":"Gather Gold","damage_taken":11,"max_hp_gain":0,"max_hp_loss":0,"event_name":"World of Goop","floor":2,"gold_loss":0},{"damage_healed":0,"gold_gain":0,"player_choice":"Grow","damage_taken":0,"max_hp_gain":0,"max_hp_loss":0,"event_name":"Living Wall","floor":4,"gold_loss":0,"cards_upgraded":["Thunderclap"]},{"damage_healed":0,"gold_gain":0,"player_choice":"Box","damage_taken":0,"relics_obtained":["Ornamental Fan"],"max_hp_gain":0,"max_hp_loss":0,"event_name":"Big Fish","floor":5,"gold_loss":0,"cards_obtained":["Regret"]},{"damage_healed":0,"gold_gain":0,"player_choice":"Success","damage_taken":25,"relics_obtained":["Red Skull"],"max_hp_gain":0,"max_hp_loss":0,"event_name":"Scrap Ooze","floor":11,"gold_loss":0},{"damage_healed":0,"gold_gain":0,"player_choice":"Fight","damage_taken":0,"max_hp_gain":0,"max_hp_loss":0,"event_name":"Colosseum","floor":19,"gold_loss":0},{"damage_healed":0,"gold_gain":0,"player_choice":"Fought Nobs","damage_taken":0,"max_hp_gain":0,"max_hp_loss":0,"event_name":"Colosseum","floor":19,"gold_loss":0},{"damage_healed":0,"gold_gain":0,"player_choice":"Fought Bandits","damage_taken":0,"max_hp_gain":0,"max_hp_loss":0,"event_name":"Masked Bandits","floor":20,"gold_loss":0},{"damage_healed":0,"gold_gain":0,"player_choice":"Ignored","damage_taken":0,"max_hp_gain":0,"max_hp_loss":0,"event_name":"Beggar","floor":21,"gold_loss":0}],"is_beta":false,"boss_relics":[{"not_picked":["Empty Cage","Runic Pyramid"],"picked":"Black Star"}],"items_purged_floors":[13],"is_endless":false,"potions_floor_spawned":[1,7,8,14,22],"killed_by":"Book of Stabbing","ascension_level":6}