{"gold_per_floor":[111,111,36,56,72,72,72,72,72,72,143,162,162,6,6,106,106,119,44,44,57,70,70,105,119,119,145,145,145,145,163,163,261,261,281,298,298,298,398,398],"floor_reached":40,"playtime":1087,"items_purged":["Shame"],"score":577,"play_id":"2a214f3c-bfc0-49cb-ad7e-c038bbcaa5c1","local_time":"20190216014306","is_ascension_mode":true,"campfire_choices":[{"data":"Intimidate","floor":6,"key":"SMITH"},{"data":"Intimidate","floor":7,"key":"SMITH"},{"data":"Uppercut","floor":8,"key":"SMITH"},{"floor":10,"key":"RECALL"},{"floor":15,"key":"REST"},{"floor":23,"key":"REST"},{"data":"Bludgeon","floor":30,"key":"SMITH"},{"data":"Flame Barrier","floor":32,"key":"SMITH"}],"neow_cost":"CURSE","seed_source_timestamp":129396186826076,"circlet_count":0,"master_deck":["Strike_R","Strike_R+1","Strike_R+1","Strike_R","Defend_R","Defend_R","Defend_R","Defend_R","Bash","Uppercut+1","Intimidate+1","Intimidate+1","Flame Barrier+1","Bludgeon+1","Bludgeon+1","Pommel Strike+1","Perfected Strike","Clothesline+1","Flame Barrier","Body Slam+1","Bludgeon","Flame Barrier","Power Through+1","Entrench","Shockwave+1"],"relics":["Burning Blood","StoneCalendar","WingedGreaves","Gremlin Horn","Snecko Eye","Bag of Preparation","Paper Frog","Orrery","Mummified Hand","Nunchaku"],"potions_floor_usage":[16,27,35],"damage_taken":[{"damage":7,"enemies":"Small Slimes","floor":1,"turns":5},{"damage":10,"enemies":"2 Louse","floor":4,"turns":3},{"damage":6,"enemies":"Jaw Worm","floor":5,"turns":3},{"damage":13,"enemies":"Blue Slaver","floor":12,"turns":3},{"damage":39,"enemies":"Hexaghost","floor":16,"turns":9},{"damage":0,"enemies":"3 Byrds","floor":18,"turns":4},{"damage":5,"enemies":"Shell Parasite","floor":21,"turns":2},{"damage":39,"enemies":"Centurion and Healer","floor":22,"turns":5},{"damage":12,"enemies":"Gremlin Leader","floor":24,"turns":2},{"damage":0,"enemies":"Cultist and Chosen","floor":25,"turns":3},{"damage":6,"enemies":"Book of Stabbing","floor":27,"turns":3},{"damage":18,"enemies":"Snake Plant","floor":31,"turns":3},{"damage":13,"enemies":"Collector","floor":33,"turns":5},{"damage":21,"enemies":"3 Darklings","floor":35,"turns":5},{"damage":12,"enemies":"3 Shapes","floor":36,"turns":2},{"damage":5,"enemies":"Mind Bloom Boss Battle","floor":39,"turns":5},{"damage":60,"enemies":"Reptomancer","floor":40,"turns":2}],"seed_played":"-7623488037405562998","potions_obtained":[{"floor":1,"key":"Strength Potion"},{"floor":16,"key":"Fruit Juice"},{"floor":24,"key":"PowerPotion"},{"floor":25,"key":"Block Potion"},{"floor":27,"key":"EssenceOfSteel"},{"floor":31,"key":"Fire Potion"},{"floor":36,"key":"Weak Potion"}],"is_trial":false,"path_per_floor":["M","?","$","M","M","R","R","R","T","R","?","M","?","$","R","B",null,"M","?","?","M","M","R","E","M","T","E","?","$","R","M","R","B",null,"M","M","T","?","?","E"],"character_chosen":"IRONCLAD","items_purchased":["Bludgeon"],"campfire_rested":2,"item_purchase_floors":[14],"current_hp_per_floor":[71,53,53,49,49,49,49,49,49,49,49,42,26,26,50,22,69,75,75,75,76,43,68,62,68,68,68,68,68,68,56,56,49,76,61,55,55,55,56,0],"gold":398,"neow_bonus":"ONE_RARE_RELIC","is_prod":false,"is_daily":false,"chose_seed":false,"campfire_upgraded":5,"win_rate":0,"timestamp":1550292186,"path_taken":["M","?","$","M","M","R","R","R","T","R","?","M","?","?","R","BOSS","M","?","?","M","?","R","E","M","T","E","?","?","R","M","R","BOSS","M","M","?","?","?","E"],"build_version":"2019-01-23","purchased_purges":1,"victory":false,"max_hp_per_floor":[80,80,80,80,80,80,80,80,80,80,80,80,80,80,80,85,85,85,85,85,85,85,85,85,85,85,85,85,85,85,85,85,85,85,85,85,85,85,85,85],"card_choices":[{"not_picked":["Blood for Blood","Cleave"],"picked":"Uppercut","floor":1},{"not_picked":["Warcry","Second Wind"],"picked":"Intimidate","floor":4},{"not_picked":["Shockwave","Twin Strike"],"picked":"Intimidate","floor":5},{"not_picked":["Havoc","Combust"],"picked":"Flame Barrier","floor":12},{"not_picked":["Reaper","Limit Break"],"picked":"Bludgeon","floor":16},{"not_picked":["Twin Strike","Dual Wield"],"picked":"Pommel Strike+1","floor":18},{"not_picked":["Havoc","Metallicize","Warcry"],"picked":"SKIP","floor":21},{"not_picked":["Clash+1","Shrug It Off+1"],"picked":"Perfected Strike","floor":22},{"not_picked":["Juggernaut","Twin Strike"],"picked":"Clothesline+1","floor":24},{"not_picked":["Rage","Anger"],"picked":"Flame Barrier","floor":25},{"not_picked":["Disarm","Thunderclap+1","Rage+1"],"picked":"SKIP","floor":27},{"not_picked":["Rupture+1","Power Through+1"],"picked":"Body Slam+1","floor":31},{"not_picked":["Dark Embrace","Immolate"],"picked":"Bludgeon","floor":33},{"not_picked":["Searing Blow","Shrug It Off+1"],"picked":"Flame Barrier","floor":34},{"not_picked":["Heavy Blade+1","Bloodletting"],"picked":"Power Through+1","floor":34},{"not_picked":["Iron Wave+1","Rampage+1"],"picked":"Entrench","floor":35},{"not_picked":["Iron Wave","Havoc","Headbutt"],"picked":"SKIP","floor":36},{"not_picked":["Armaments+1","Body Slam"],"picked":"Shockwave+1","floor":39}],"player_experience":770988,"relics_obtained":[{"floor":9,"key":"Gremlin Horn"},{"floor":24,"key":"Bag of Preparation"},{"floor":27,"key":"Paper Frog"},{"floor":37,"key":"Mummified Hand"},{"floor":39,"key":"Nunchaku"}],"event_choices":[{"damage_healed":0,"gold_gain":0,"player_choice":"Success","damage_taken":18,"relics_obtained":["WingedGreaves"],"max_hp_gain":0,"max_hp_loss":0,"event_name":"Scrap Ooze","floor":2,"gold_loss":0},{"damage_healed":0,"gold_gain":71,"player_choice":"Gained Gold","damage_taken":0,"max_hp_gain":0,"max_hp_loss":0,"event_name":"Golden Wing","floor":11,"gold_loss":0},{"damage_healed":0,"gold_gain":0,"player_choice":"Entered Light","damage_taken":16,"max_hp_gain":0,"max_hp_loss":0,"event_name":"Shining Light","floor":13,"gold_loss":0,"cards_upgraded":["Strike_R","Strike_R"]},{"cards_removed":["Strike_R"],"damage_healed":0,"gold_gain":0,"player_choice":"Gave Gold","damage_taken":0,"max_hp_gain":0,"max_hp_loss":0,"event_name":"Beggar","floor":19,"gold_loss":75},{"damage_healed":0,"gold_gain":0,"player_choice":"Ignored","damage_taken":0,"max_hp_gain":0,"max_hp_loss":0,"event_name":"N\u0027loth","floor":20,"gold_loss":0},{"damage_healed":0,"gold_gain":0,"player_choice":"Upgraded","damage_taken":0,"max_hp_gain":0,"max_hp_loss":0,"event_name":"Upgrade Shrine","floor":28,"gold_loss":0,"cards_upgraded":["Bludgeon"]},{"damage_healed":0,"gold_gain":0,"player_choice":"Memory 1","damage_taken":0,"max_hp_gain":0,"max_hp_loss":0,"event_name":"SensoryStone","floor":38,"gold_loss":0},{"damage_healed":0,"gold_gain":0,"player_choice":"Fight","damage_taken":0,"max_hp_gain":0,"max_hp_loss":0,"event_name":"MindBloom","floor":39,"gold_loss":0}],"is_beta":false,"boss_relics":[{"not_picked":["Calling Bell","Mark of Pain"],"picked":"Snecko Eye"},{"not_picked":["Runic Pyramid","Fusion Hammer"],"picked":"Orrery"}],"items_purged_floors":[3],"is_endless":false,"potions_floor_spawned":[1,16,24,25,27,31,33,36],"killed_by":"Reptomancer","ascension_level":8}