{"gold_per_floor":[115,43,118,137,137,137,151,151,230,0,0,0,35,49,49,145,145,156,156,156,156,173,173],"floor_reached":23,"playtime":419,"items_purged":[],"score":271,"play_id":"8a420795-aaec-4a3b-bcdf-a9d9a8704707","local_time":"20190304191451","is_ascension_mode":true,"campfire_choices":[{"data":"Defragment","floor":6,"key":"SMITH"},{"data":"Amplify","floor":11,"key":"SMITH"},{"floor":15,"key":"REST"}],"neow_cost":"NONE","seed_source_timestamp":1575675881276572,"circlet_count":0,"master_deck":["Strike_B","Strike_B","Strike_B","Strike_B","Defend_B","Defend_B","Defend_B","Defend_B","Zap","Dualcast","Defragment+1","Static Discharge","Sweeping Beam","Darkness","Doom and Gloom+1","Amplify+1","Sweeping Beam+1","Cold Snap+1","Seek","Fusion","Writhe","Necronomicurse","Ball Lightning+1"],"relics":["Cracked Core","NeowsBlessing","WarpedTongs","Molten Egg 2","Juzu Bracelet","Regal Pillow","Philosopher\u0027s Stone","Bag of Marbles","Necronomicon"],"potions_floor_usage":[22,23,23],"damage_taken":[{"damage":0,"enemies":"2 Louse","floor":1,"turns":1},{"damage":0,"enemies":"Small Slimes","floor":4,"turns":1},{"damage":0,"enemies":"Cultist","floor":7,"turns":1},{"damage":26,"enemies":"Gremlin Nob","floor":13,"turns":3},{"damage":9,"enemies":"Large Slime","floor":14,"turns":4},{"damage":40,"enemies":"Slime Boss","floor":16,"turns":8},{"damage":2,"enemies":"Spheric Guardian","floor":18,"turns":3},{"damage":0,"enemies":"Shell Parasite","floor":22,"turns":1},{"damage":30,"enemies":"Book of Stabbing","floor":23,"turns":2}],"seed_played":"497232847620805914","potions_obtained":[{"floor":1,"key":"Strength Potion"},{"floor":16,"key":"Fire Potion"},{"floor":22,"key":"SkillPotion"}],"is_trial":false,"path_per_floor":["M","$","?","M","?","R","M","?","T","$","R","T","E","M","R","B",null,"M","?","?","?","M","E"],"character_chosen":"DEFECT","items_purchased":["Static Discharge","Doom and Gloom+1","Amplify"],"campfire_rested":1,"item_purchase_floors":[2,10,10],"current_hp_per_floor":[68,68,57,57,57,57,57,50,50,50,50,50,24,15,52,12,59,57,43,43,27,27,0],"gold":173,"neow_bonus":"THREE_ENEMY_KILL","is_prod":false,"is_daily":false,"chose_seed":false,"campfire_upgraded":2,"win_rate":0,"timestamp":1551737691,"path_taken":["M","$","?","M","?","R","?","?","T","$","R","?","E","M","R","BOSS","M","?","?","?","M","E"],"build_version":"2019-01-23","purchased_purges":0,"victory":false,"max_hp_per_floor":[75,75,75,75,75,75,75,75,75,75,75,75,75,75,75,75,75,75,80,80,80,80,80],"card_choices":[{"not_picked":["BootSequence","Conserve Battery"],"picked":"Defragment","floor":1},{"not_picked":["Streamline","Go for the Eyes"],"picked":"Sweeping Beam","floor":4},{"not_picked":["FTL","BootSequence"],"picked":"Darkness","floor":7},{"not_picked":["Coolheaded","Redo"],"picked":"Sweeping Beam+1","floor":13},{"not_picked":["Conserve Battery","Hologram"],"picked":"Cold Snap+1","floor":14},{"not_picked":["All For One+1","Machine Learning"],"picked":"Seek","floor":16},{"not_picked":["Gash+1","Compile Driver+1"],"picked":"Fusion","floor":18},{"not_picked":["Leap","Steam"],"picked":"Ball Lightning+1","floor":22}],"player_experience":894547,"relics_obtained":[{"floor":9,"key":"Molten Egg 2"},{"floor":12,"key":"Juzu Bracelet"},{"floor":13,"key":"Regal Pillow"},{"floor":21,"key":"Necronomicon"}],"event_choices":[{"damage_healed":0,"gold_gain":75,"player_choice":"Gather Gold","damage_taken":11,"max_hp_gain":0,"max_hp_loss":0,"event_name":"World of Goop","floor":3,"gold_loss":0},{"damage_healed":0,"gold_gain":0,"player_choice":"Rummage","damage_taken":0,"relics_obtained":["WarpedTongs"],"max_hp_gain":0,"max_hp_loss":0,"event_name":"Accursed Blacksmith","floor":5,"gold_loss":0,"cards_obtained":["Pain"]},{"cards_removed":["Pain"],"damage_healed":0,"gold_gain":0,"player_choice":"Card Removal","damage_taken":7,"max_hp_gain":0,"max_hp_loss":0,"event_name":"Golden Wing","floor":8,"gold_loss":0},{"damage_healed":0,"gold_gain":0,"player_choice":"Shed Blood","damage_taken":19,"max_hp_gain":5,"max_hp_loss":0,"event_name":"Forgotten Altar","floor":19,"gold_loss":0},{"damage_healed":0,"gold_gain":0,"player_choice":"Opened","damage_taken":0,"relics_obtained":["Bag of Marbles"],"max_hp_gain":0,"max_hp_loss":0,"event_name":"The Mausoleum","floor":20,"gold_loss":0,"cards_obtained":["Writhe"]},{"damage_healed":0,"gold_gain":0,"player_choice":"Obtained Book","damage_taken":16,"max_hp_gain":0,"max_hp_loss":0,"event_name":"Cursed Tome","floor":21,"gold_loss":0}],"is_beta":false,"boss_relics":[{"not_picked":["Eternal Feather","White Beast Statue"],"picked":"Philosopher\u0027s Stone"}],"items_purged_floors":[],"is_endless":false,"potions_floor_spawned":[1,16,22],"killed_by":"Book of Stabbing","ascension_level":9}