{"path_per_floor":["M","M","?","T","M","?","R","?","T","R","M","?","M","?","R","B",null,"M","?","M","M","M","?","T","M","T","E","M","R","M","M","R"],"character_chosen":"IRONCLAD","items_purchased":[],"gold_per_floor":[117,127,127,127,150,325,325,325,352,352,377,452,475,475,475,595,595,608,608,622,636,650,681,707,724,797,828,839,839,854,872,872,872],"floor_reached":33,"campfire_rested":3,"playtime":1847,"current_hp_per_floor":[80,80,60,60,66,66,66,59,59,80,75,64,62,80,80,10,80,80,80,80,59,43,19,24,26,31,15,19,43,45,48,72,0],"items_purged":[],"gold":872,"score":261,"play_id":"05de79b2-3846-440e-9125-ae7c1bebcad6","local_time":"20180507010940","is_prod":false,"is_daily":false,"chose_seed":false,"is_ascension_mode":false,"campfire_upgraded":2,"timestamp":1525666180,"path_taken":["M","M","?","?","M","?","R","?","T","R","?","?","M","?","R","BOSS","M","?","?","M","?","?","?","M","T","E","?","R","M","M","R","BOSS"],"build_version":"2018-05-03","seed_source_timestamp":636389593912205,"purchased_purges":0,"victory":false,"master_deck":["Strike_R","Strike_R","Strike_R","Strike_R","Strike_R","Defend_R","Defend_R","Defend_R","Defend_R","Bash","Sword Boomerang","Inflame+1","Anger","Infernal Blade+1","Perfected Strike","Parasite","Offering","Headbutt","Clothesline","Anger","Flex","Shockwave","Iron Wave","Flex","Cleave+1","Offering","Thunderclap+1","Sword Boomerang","Pommel Strike+1","Shockwave+1","Sword Boomerang+1"],"max_hp_per_floor":[80,80,80,80,80,80,80,80,80,80,80,80,80,80,80,80,80,80,80,80,80,80,80,80,80,80,80,80,80,80,80,80,80],"relics":["Burning Blood","Bloody Idol","Bottled Tornado","Anchor","Orrery","Red Mask","Lantern","Question Card","Pen Nib"],"card_choices":[{"not_picked":["Iron Wave","Seeing Red"],"picked":"Sword Boomerang","floor":1},{"not_picked":["Iron Wave","Carnage"],"picked":"Inflame","floor":2},{"not_picked":["Perfected Strike","Warcry"],"picked":"Anger","floor":5},{"not_picked":["Pommel Strike","True Grit"],"picked":"Infernal Blade","floor":11},{"not_picked":["Feel No Pain","Body Slam"],"picked":"Perfected Strike","floor":13},{"not_picked":["Brutality","Demon Form"],"picked":"Offering","floor":16},{"not_picked":["Burning Pact","Disarm"],"picked":"Headbutt","floor":17},{"not_picked":["Shrug It Off","Combust"],"picked":"Clothesline","floor":17},{"not_picked":["Fire Breathing","Iron Wave"],"picked":"Anger","floor":17},{"not_picked":["Clash","Warcry"],"picked":"Flex","floor":17},{"not_picked":["Clash","Clothesline"],"picked":"Shockwave","floor":17},{"not_picked":["Shockwave","Dropkick"],"picked":"Iron Wave","floor":18},{"not_picked":["Armaments","Ghostly Armor"],"picked":"Flex","floor":20},{"not_picked":["Reckless Charge","Clash"],"picked":"Cleave","floor":21},{"not_picked":["Second Wind","Metallicize"],"picked":"Offering","floor":22},{"not_picked":["Clash","Rage"],"picked":"Thunderclap","floor":23},{"not_picked":["Bloodletting","Body Slam"],"picked":"Sword Boomerang","floor":25},{"not_picked":["Warcry","Iron Wave","Sever Soul"],"picked":"Pommel Strike","floor":27},{"not_picked":["Pommel Strike","Shrug It Off","Rupture"],"picked":"Shockwave","floor":28},{"not_picked":["Sever Soul","Thunderclap","Twin Strike"],"picked":"Sword Boomerang","floor":30}],"player_experience":0,"potions_floor_usage":[16,20,23,25,25,25,33],"damage_taken":[{"damage":3,"enemies":"Jaw Worm","floor":1,"turns":5},{"damage":4,"enemies":"2 Louse","floor":2,"turns":3},{"damage":0,"enemies":"Cultist","floor":5,"turns":4},{"damage":11,"enemies":"Exordium Wildlife","floor":11,"turns":5},{"damage":8,"enemies":"2 Fungi Beasts","floor":13,"turns":3},{"damage":76,"enemies":"The Guardian","floor":16,"turns":8},{"damage":4,"enemies":"3 Byrds","floor":18,"turns":3},{"damage":10,"enemies":"Chosen","floor":20,"turns":4},{"damage":32,"enemies":"3 Cultists","floor":21,"turns":5},{"damage":27,"enemies":"Centurion and Healer","floor":22,"turns":5},{"damage":35,"enemies":"Masked Bandits","floor":23,"turns":5},{"damage":9,"enemies":"Snake Plant","floor":25,"turns":3},{"damage":27,"enemies":"Book of Stabbing","floor":27,"turns":5},{"damage":7,"enemies":"Snecko","floor":28,"turns":4},{"damage":9,"enemies":"Chosen and Byrds","floor":30,"turns":3},{"damage":8,"enemies":"3 Cultists","floor":31,"turns":3},{"damage":78,"enemies":"Champ","floor":33,"turns":7}],"event_choices":[{"event_name":"Golden Idol","player_choice":"Take Damage","floor":3,"damage_taken":0},{"event_name":"Liars Game","player_choice":"agreed","floor":6,"damage_taken":0},{"event_name":"Golden Wing","player_choice":"Card Removal","floor":8,"damage_taken":0},{"event_name":"World of Goop","player_choice":"Gather Gold","floor":12,"damage_taken":0},{"event_name":"Mushrooms","player_choice":"Healed and dodged fight","floor":14,"damage_taken":0},{"event_name":"Forgotten Altar","player_choice":"Gave Idol","floor":19,"damage_taken":0},{"event_name":"Masked Bandits","player_choice":"Fought over 650 gold","floor":23,"damage_taken":0}],"boss_relics":[{"not_picked":["Ectoplasm","Runic Cube"],"picked":"Orrery"}],"potions_floor_spawned":[2,11,13,18,22,23,28],"seed_played":"-1057462634743360344","killed_by":"Champ","ascension_level":0,"is_trial":false}