{"gold_per_floor":[115,128,145,420,436,462,45,56,56,88,98,98,48,66,66,167,167,177,192,291,291,309,341,36,70,70,70,96,116,116,127,127,224,224,236,246,246,256,271,271,303,303,303,332,348,373,391,404,404,404,404,404,29,57,57],"floor_reached":56,"playtime":4111,"items_purged":["Regret"],"score":1521,"play_id":"a24cbec5-d95a-4398-82db-9e6d9d1063e8","local_time":"20190507000555","is_ascension_mode":true,"campfire_choices":[{"data":"Defragment","floor":12,"key":"SMITH"},{"data":"Defragment","floor":15,"key":"SMITH"},{"floor":27,"key":"REST"},{"floor":30,"key":"REST"},{"data":"Storm","floor":32,"key":"SMITH"},{"floor":40,"key":"RECALL"},{"data":"Loop","floor":49,"key":"SMITH"},{"data":"Thunder Strike","floor":52,"key":"SMITH"}],"neow_cost":"NONE","seed_source_timestamp":270149489608289,"circlet_count":0,"master_deck":["Strike_B","Strike_B","Strike_B","Defend_B","Defend_B","Defend_B","Defend_B","Zap+1","Dualcast","Loop+1","Cold Snap","Chill","Ball Lightning","Ball Lightning","Defragment+1","Defragment+1","Storm+1","Fission+1","FTL","Hologram+1","Go for the Eyes+1","Thunder Strike+1","Steam+1","Steam Power+1","Cold Snap+1","Echo Form","Reinforced Body+1","Chill+1","Impatience+1","Force Field+1","Undo+1","Stack+1","Hello World+1","Coolheaded+1","Conserve Battery+1"],"relics":["Cracked Core","Ornamental Fan","Toxic Egg 2","Omamori","Runic Dome","Pantograph","Gambling Chip","Question Card","Dead Branch","Singing Bowl","Black Star","Lantern","Blood Vial","The Courier","Potion Belt","Bottled Flame","Turnip","Blue Candle","Art of War","Symbiotic Virus","Ginger","FossilizedHelix"],"potions_floor_usage":[25,55,55,55,55,55],"damage_taken":[{"damage":0,"enemies":"Cultist","floor":1,"turns":3},{"damage":1,"enemies":"Jaw Worm","floor":2,"turns":3},{"damage":1,"enemies":"2 Louse","floor":3,"turns":2},{"damage":8,"enemies":"Blue Slaver","floor":5,"turns":2},{"damage":14,"enemies":"Lagavulin","floor":6,"turns":7},{"damage":0,"enemies":"Exordium Wildlife","floor":8,"turns":4},{"damage":7,"enemies":"3 Sentries","floor":10,"turns":6},{"damage":0,"enemies":"3 Louse","floor":11,"turns":3},{"damage":5,"enemies":"Looter","floor":14,"turns":3},{"damage":0,"enemies":"The Guardian","floor":16,"turns":8},{"damage":9,"enemies":"2 Thieves","floor":18,"turns":4},{"damage":0,"enemies":"Spheric Guardian","floor":19,"turns":2},{"damage":3,"enemies":"Snecko","floor":22,"turns":4},{"damage":22,"enemies":"Slavers","floor":23,"turns":5},{"damage":2,"enemies":"Book of Stabbing","floor":25,"turns":4},{"damage":27,"enemies":"Slavers","floor":28,"turns":5},{"damage":0,"enemies":"Centurion and Healer","floor":29,"turns":5},{"damage":0,"enemies":"3 Cultists","floor":31,"turns":3},{"damage":0,"enemies":"Automaton","floor":33,"turns":10},{"damage":20,"enemies":"3 Darklings","floor":35,"turns":5},{"damage":0,"enemies":"3 Shapes","floor":36,"turns":5},{"damage":0,"enemies":"3 Darklings","floor":38,"turns":6},{"damage":6,"enemies":"Sphere and 2 Shapes","floor":39,"turns":4},{"damage":0,"enemies":"Giant Head","floor":41,"turns":8},{"damage":0,"enemies":"Nemesis","floor":44,"turns":7},{"damage":0,"enemies":"Writhing Mass","floor":45,"turns":5},{"damage":0,"enemies":"Reptomancer","floor":46,"turns":5},{"damage":2,"enemies":"3 Darklings","floor":47,"turns":6},{"damage":0,"enemies":"4 Shapes","floor":48,"turns":4},{"damage":20,"enemies":"Awakened One","floor":50,"turns":16},{"damage":20,"enemies":"Shield and Spear","floor":54,"turns":11},{"damage":4,"enemies":"The Heart","floor":55,"turns":9}],"seed_played":"5350269488920322429","potions_obtained":[{"floor":1,"key":"Energy Potion"},{"floor":6,"key":"Energy Potion"},{"floor":10,"key":"Ancient Potion"},{"floor":16,"key":"Strength Potion"},{"floor":29,"key":"Strength Potion"},{"floor":36,"key":"Swift Potion"},{"floor":46,"key":"PowerPotion"},{"floor":48,"key":"SpeedPotion"}],"is_trial":false,"path_per_floor":["M","M","M","?","M","E","$","M","T","E","M","R","?","M","R","B",null,"M","M","?","?","M","E","$","E","T","R","E","M","R","M","R","B",null,"M","M","?","M","M","R","E","?","T","E","M","E","M","M","R","B",null,"R","$","E","B",null],"character_chosen":"DEFECT","items_purchased":["Toxic Egg 2","Defragment","Gambling Chip","Art of War","Weak Potion","Symbiotic Virus"],"campfire_rested":2,"item_purchase_floors":[7,7,24,53,53,53],"current_hp_per_floor":[75,74,73,73,65,51,51,51,51,44,44,44,44,39,39,39,75,66,66,66,66,63,41,41,39,39,61,34,34,56,56,56,75,75,55,55,55,55,51,51,51,51,51,55,57,59,59,61,61,59,79,79,79,61,77],"gold":57,"neow_bonus":"UPGRADE_CARD","is_prod":false,"is_daily":false,"chose_seed":false,"campfire_upgraded":5,"win_rate":0,"timestamp":1557201955,"path_taken":["M","?","M","?","M","E","$","?","T","E","M","R","?","M","R","BOSS","M","M","?","?","M","E","?","E","T","R","E","M","R","M","R","BOSS","M","M","?","M","M","R","E","?","T","E","M","E","M","?","R","BOSS","R","$","E","BOSS"],"build_version":"2019-04-23","purchased_purges":1,"victory":true,"max_hp_per_floor":[75,75,75,75,75,75,75,75,75,75,75,75,75,75,75,75,75,75,75,75,75,75,75,75,75,75,75,75,75,75,75,75,75,75,75,75,75,75,77,77,77,77,77,79,79,79,79,79,79,79,79,79,79,81,81],"card_choices":[{"not_picked":["Reinforced Body","Hologram"],"picked":"Loop","floor":1},{"not_picked":["Leap","Streamline"],"picked":"Cold Snap","floor":2},{"not_picked":["Chaos","Stack"],"picked":"Chill","floor":3},{"not_picked":["Gash","Conserve Battery"],"picked":"Ball Lightning","floor":5},{"not_picked":["Gash","Amplify"],"picked":"Ball Lightning","floor":6},{"not_picked":["Chaos+1","Heatsinks"],"picked":"Defragment","floor":8},{"not_picked":["Sweeping Beam","Gash"],"picked":"Storm","floor":10},{"not_picked":["Beam Cell","Skim+1","Rebound"],"picked":"SKIP","floor":11},{"not_picked":["Ball Lightning","Rebound","Compile Driver"],"picked":"SKIP","floor":14},{"not_picked":["Core Surge","Electrodynamics"],"picked":"Fission+1","floor":16},{"not_picked":["Heatsinks","Compile Driver"],"picked":"FTL","floor":18},{"not_picked":["Streamline","Go for the Eyes"],"picked":"Hologram+1","floor":19},{"not_picked":["Doom and Gloom","Streamline"],"picked":"Go for the Eyes+1","floor":22},{"not_picked":["Skim+1","Reprogram+1"],"picked":"Thunder Strike","floor":23},{"not_picked":["Lockon+1","Aggregate+1","Fusion+1"],"picked":"SKIP","floor":25},{"not_picked":["Sunder","Chaos+1","Beam Cell"],"picked":"Steam+1","floor":28},{"not_picked":["Redo+1","Reprogram+1","Auto Shields+1"],"picked":"Steam Power+1","floor":29},{"not_picked":["Stack+1","Recycle+1","Rebound"],"picked":"Cold Snap+1","floor":31},{"not_picked":["Buffer","Electrodynamics","Thunder Strike"],"picked":"Echo Form","floor":33},{"not_picked":["Streamline","Darkness+1","Fusion+1"],"picked":"Reinforced Body+1","floor":35},{"not_picked":["Go for the Eyes","Conserve Battery+1","Sweeping Beam+1"],"picked":"Chill+1","floor":36},{"not_picked":["Purity+1","Discovery+1","Trip+1"],"picked":"Impatience+1","floor":37},{"not_picked":["Ball Lightning+1","Beam Cell+1","Heatsinks"],"picked":"Force Field+1","floor":38},{"not_picked":["Go for the Eyes","Leap+1","Rebound","Sweeping Beam+1"],"picked":"Singing Bowl","floor":39},{"not_picked":["Stack+1","Steam+1","Turbo+1"],"picked":"Undo+1","floor":41},{"not_picked":["Thunder Strike","Doom and Gloom+1","Compile Driver+1","Skim+1"],"picked":"Singing Bowl","floor":44},{"not_picked":["Recycle+1","Genetic Algorithm+1","Compile Driver"],"picked":"Stack+1","floor":45},{"not_picked":["Redo+1","Doom and Gloom+1","Conserve Battery+1"],"picked":"Hello World+1","floor":46},{"not_picked":["All For One","Go for the Eyes+1","Tempest+1"],"picked":"Coolheaded+1","floor":47},{"not_picked":["Stack+1","Genetic Algorithm+1","Steam+1"],"picked":"Conserve Battery+1","floor":48},{"not_picked":["Rainbow+1","Heatsinks+1","Stack+1","Leap+1"],"picked":"Singing Bowl","floor":54}],"player_experience":5658826,"relics_obtained":[{"floor":6,"key":"Ornamental Fan"},{"floor":10,"key":"Omamori"},{"floor":23,"key":"Pantograph"},{"floor":25,"key":"Question Card"},{"floor":26,"key":"Dead Branch"},{"floor":28,"key":"Singing Bowl"},{"floor":41,"key":"Lantern"},{"floor":41,"key":"Blood Vial"},{"floor":43,"key":"The Courier"},{"floor":44,"key":"Potion Belt"},{"floor":44,"key":"Bottled Flame"},{"floor":46,"key":"Turnip"},{"floor":46,"key":"Blue Candle"},{"floor":54,"key":"Ginger"},{"floor":54,"key":"FossilizedHelix"}],"event_choices":[{"damage_healed":0,"gold_gain":275,"player_choice":"Desecrate","damage_taken":0,"max_hp_gain":0,"max_hp_loss":0,"event_name":"Golden Shrine","floor":4,"gold_loss":0,"cards_obtained":["Regret"]},{"cards_removed":["Strike_B"],"damage_healed":0,"gold_gain":0,"player_choice":"Card Removal","damage_taken":0,"max_hp_gain":0,"max_hp_loss":0,"event_name":"The Cleric","floor":13,"gold_loss":50},{"damage_healed":0,"gold_gain":99,"player_choice":"Stole From Cult","damage_taken":0,"max_hp_gain":0,"max_hp_loss":0,"event_name":"Nest","floor":20,"gold_loss":0},{"damage_healed":0,"gold_gain":0,"player_choice":"Smashed Altar","damage_taken":0,"max_hp_gain":0,"max_hp_loss":0,"event_name":"Forgotten Altar","floor":21,"gold_loss":0,"cards_obtained":["Decay"]},{"damage_healed":0,"gold_gain":0,"player_choice":"Memory 1","damage_taken":0,"max_hp_gain":0,"max_hp_loss":0,"event_name":"SensoryStone","floor":37,"gold_loss":0},{"damage_healed":0,"gold_gain":0,"player_choice":"Bought 0 Potions","damage_taken":0,"max_hp_gain":0,"max_hp_loss":0,"event_name":"The Woman in Blue","floor":42,"gold_loss":0}],"is_beta":true,"boss_relics":[{"not_picked":["Tiny House","Nuclear Battery"],"picked":"Runic Dome"},{"not_picked":["Calling Bell","Empty Cage"],"picked":"Black Star"}],"items_purged_floors":[7],"is_endless":false,"potions_floor_spawned":[1,6,10,16,23,29,31,35,36,39,46,48,54],"ascension_level":1}