{"gold_per_floor":[112,124,20,20,33,59,59,34,60,60,72,72,88,12,12,108,108,125,2,13,32,47,47,75,75,98,111,111,111,124,124,124,223,223,234,144,144,144,163,163,163],"floor_reached":41,"playtime":3729,"items_purged":["Writhe"],"score":436,"play_id":"0f6d334e-a936-41da-83b3-9ce933349d32","local_time":"20190318145324","is_ascension_mode":false,"campfire_choices":[{"floor":7.0,"key":"REST"},{"floor":12.0,"key":"REST"},{"data":"Beam Cell","floor":15.0,"key":"SMITH"},{"floor":23.0,"key":"REST"},{"floor":25,"key":"REST"},{"data":"Stack","floor":28,"key":"SMITH"},{"floor":32,"key":"REST"},{"data":"All For One","floor":40,"key":"SMITH"}],"neow_cost":"NONE","seed_source_timestamp":0,"circlet_count":0,"master_deck":["Strike_B","Strike_B","Strike_B","Defend_B","Defend_B","Defend_B","Defend_B","Zap","Dualcast","Stack+1","Beam Cell+1","Leap","Swift Strike","Steam","Gash","Gash","Genetic Algorithm","Coolheaded","FTL","Biased Cognition","Parasite","Fusion","Gash+1","All For One+1","Conserve Battery","Gash","Leap+1","BootSequence","Gash","Streamline+1","Auto Shields","Cold Snap+1"],"special_seed":0,"relics":["Cracked Core","Pen Nib","Regal Pillow","Calling Bell","Potion Belt","Matryoshka","FossilizedHelix","Dodecahedron","Juzu Bracelet","Bag of Preparation","Eternal Feather","Vajra","Molten Egg 2"],"potions_floor_usage":[33,33,33,33],"damage_taken":[{"damage":1.0,"enemies":"Jaw Worm","floor":1.0,"turns":3.0},{"damage":0.0,"enemies":"Cultist","floor":2.0,"turns":3.0},{"damage":0.0,"enemies":"2 Louse","floor":5.0,"turns":3.0},{"damage":36.0,"enemies":"Lagavulin","floor":6.0,"turns":8.0},{"damage":6.0,"enemies":"Lots of Slimes","floor":11.0,"turns":4.0},{"damage":0.0,"enemies":"Gremlin Gang","floor":13.0,"turns":5.0},{"damage":31.0,"enemies":"Slime Boss","floor":16.0,"turns":13.0},{"damage":0.0,"enemies":"Spheric Guardian","floor":18.0,"turns":4.0},{"damage":17.0,"enemies":"2 Thieves","floor":20.0,"turns":5.0},{"damage":16.0,"enemies":"Snecko","floor":21.0,"turns":6.0},{"damage":16.0,"enemies":"Chosen and Byrds","floor":22.0,"turns":7.0},{"damage":20.0,"enemies":"Slavers","floor":24.0,"turns":6.0},{"damage":0,"enemies":"Snake Plant","floor":27,"turns":4},{"damage":18,"enemies":"3 Cultists","floor":30,"turns":4},{"damage":21,"enemies":"Champ","floor":33,"turns":9},{"damage":10,"enemies":"Orb Walker","floor":35,"turns":5},{"damage":14,"enemies":"3 Darklings","floor":39,"turns":5},{"damage":97,"enemies":"Reptomancer","floor":41,"turns":5}],"seed_played":"2029427659221363284","potions_obtained":[{"floor":2.0,"key":"Strength Potion"},{"floor":11.0,"key":"Fire Potion"},{"floor":13.0,"key":"PowerPotion"},{"floor":16.0,"key":"SteroidPotion"},{"floor":24.0,"key":"Dexterity Potion"},{"floor":27,"key":"Fire Potion"},{"floor":33,"key":"SneckoOil"},{"floor":39,"key":"Swift Potion"}],"is_trial":false,"path_per_floor":["M","M","$","?","M","E","R","$","T","?","M","R","M","$","R","B",null,"M","$","M","M","M","R","E","R","T","M","R","?","M","?","R","B",null,"M","?","T","?","M","R","E"],"character_chosen":"DEFECT","items_purchased":["Leap","Swift Strike","Gash","FTL","Gash"],"campfire_rested":5,"item_purchase_floors":[3,3,8,14,19],"current_hp_per_floor":[81,81,81,81,81,45,69,69,69,69,63,82,82,82,82,51,82,82,82,65,49,33,72,52,82,82,82,82,82,64,64,82,61,82,72,72,72,72,58,76,0],"gold":163,"neow_bonus":"TEN_PERCENT_HP_BONUS","is_prod":false,"is_daily":false,"chose_seed":false,"campfire_upgraded":3,"win_rate":0.0,"timestamp":1552935204,"path_taken":["M","M","$","?","M","E","R","?","T","?","M","R","?","?","R","BOSS","M","$","?","M","M","R","E","R","T","M","R","?","M","?","R","BOSS","M","?","?","?","M","R","E"],"build_version":"2019-01-23","purchased_purges":1,"victory":false,"max_hp_per_floor":[82,82,82,82,82,82,82,82,82,82,82,82,82,82,82,82,82,82,82,82,82,82,82,82,82,82,82,82,82,82,82,82,82,82,82,82,82,82,82,82,82],"card_choices":[{"not_picked":["Steam","White Noise"],"picked":"Stack","floor":1.0},{"not_picked":["Reinforced Body","Barrage"],"picked":"Beam Cell","floor":2.0},{"not_picked":["Blizzard","Stack"],"picked":"Steam","floor":5.0},{"not_picked":["Compile Driver","Hologram"],"picked":"Gash","floor":6.0},{"not_picked":["Barrage","Go for the Eyes"],"picked":"Genetic Algorithm","floor":11.0},{"not_picked":["Chaos","Compile Driver"],"picked":"Coolheaded","floor":13.0},{"not_picked":["Amplify","Reboot"],"picked":"Biased Cognition","floor":16.0},{"not_picked":["Sweeping Beam","Coolheaded"],"picked":"Fusion","floor":18.0},{"not_picked":["Coolheaded","Consume"],"picked":"All For One","floor":20.0},{"not_picked":["Steam Power","Self Repair"],"picked":"Conserve Battery","floor":21.0},{"not_picked":["Consume+1","Compile Driver"],"picked":"Gash","floor":22.0},{"not_picked":["Storm+1","Hologram"],"picked":"Leap+1","floor":24.0},{"not_picked":["Seek","Rip and Tear+1"],"picked":"BootSequence","floor":27},{"not_picked":["Coolheaded+1","Chill+1"],"picked":"Streamline+1","floor":30},{"not_picked":["Amplify","All For One"],"picked":"Multi-Cast","floor":33},{"not_picked":["Steam","Beam Cell+1"],"picked":"Auto Shields","floor":35},{"not_picked":["Barrage+1","Sweeping Beam+1"],"picked":"Cold Snap+1","floor":39}],"player_experience":5432,"relics_obtained":[{"floor":6.0,"key":"Pen Nib"},{"floor":9.0,"key":"Regal Pillow"},{"floor":17.0,"key":"Potion Belt"},{"floor":17.0,"key":"Matryoshka"},{"floor":17.0,"key":"FossilizedHelix"},{"floor":24.0,"key":"Dodecahedron"},{"floor":26,"key":"Juzu Bracelet"},{"floor":26,"key":"Bag of Preparation"},{"floor":37,"key":"Vajra"},{"floor":37,"key":"Molten Egg 2"}],"event_choices":[{"cards_removed":["Strike_B"],"damage_healed":0.0,"max_hp_gain":0.0,"max_hp_loss":0.0,"gold_gain":0.0,"event_name":"Bonfire Elementals","player_choice":"Offered Basic","floor":4.0,"gold_loss":0.0,"damage_taken":0.0},{"damage_healed":0.0,"max_hp_gain":0.0,"max_hp_loss":0.0,"gold_gain":0.0,"event_name":"The Woman in Blue","player_choice":"Bought 0 Potions","floor":10.0,"gold_loss":0.0,"damage_taken":0.0},{"damage_healed":0,"gold_gain":0,"player_choice":"Copied","damage_taken":0,"max_hp_gain":0,"max_hp_loss":0,"event_name":"Duplicator","floor":29,"gold_loss":0,"cards_obtained":["Gash"]},{"damage_healed":0,"gold_gain":0,"player_choice":"Ignored","damage_taken":0,"max_hp_gain":0,"max_hp_loss":0,"event_name":"NoteForYourself","floor":31,"gold_loss":0},{"cards_removed":["Injury"],"damage_healed":0,"gold_gain":0,"player_choice":"Upgrade and Remove","damage_taken":0,"max_hp_gain":0,"max_hp_loss":0,"event_name":"Designer","floor":36,"gold_loss":90,"cards_upgraded":["Gash"]},{"cards_removed":["Multi-Cast"],"damage_healed":0,"gold_gain":0,"player_choice":"Removed Skill","damage_taken":0,"max_hp_gain":0,"max_hp_loss":0,"event_name":"Falling","floor":38,"gold_loss":0}],"is_beta":false,"boss_relics":[{"not_picked":["Coffee Dripper","Cursed Key"],"picked":"Calling Bell"},{"not_picked":["Sozu","FrozenCore"],"picked":"Eternal Feather"}],"items_purged_floors":[19],"is_endless":false,"potions_floor_spawned":[2,11,13,16,24,27,33,39],"killed_by":"Reptomancer","ascension_level":0}