{"gold_per_floor":[109,109,109,123,123,141,174,195,195,195,214,214,257,276,276,395,395,420,420,438,461,480,494,494],"floor_reached":24,"playtime":1571,"items_purged":[],"score":235,"play_id":"7f592b17-4cf1-4459-9061-91d80ee8b930","local_time":"20190329222850","is_ascension_mode":false,"campfire_choices":[{"data":"Neutralize","floor":10,"key":"SMITH"},{"data":"PiercingWail","floor":12,"key":"SMITH"},{"floor":15,"key":"REST"}],"neow_cost":"NONE","seed_source_timestamp":563374006245700,"circlet_count":0,"master_deck":["Defend_G","Defend_G+1","Defend_G","Defend_G+1","Defend_G","Survivor","Neutralize+1","Dagger Throw","Prepared","Neutralize","Underhanded Strike","Masterful Stab","PiercingWail+1","Deadly Poison","Dagger Throw","Distraction","Die Die Die","Bouncing Flask+1","Bite","Bite","Bite","Bite","Bite","Sucker Punch","Endless Agony","Escape Plan+1"],"relics":["Ring of the Snake","Golden Idol","Anchor","Shuriken","Kunai","Snecko Eye","Smiling Mask"],"potions_floor_usage":[7,24],"damage_taken":[{"damage":0,"enemies":"Small Slimes","floor":1,"turns":5},{"damage":0,"enemies":"Jaw Worm","floor":4,"turns":5},{"damage":0,"enemies":"Cultist","floor":6,"turns":3},{"damage":10,"enemies":"Lagavulin","floor":7,"turns":8},{"damage":2,"enemies":"Blue Slaver","floor":8,"turns":4},{"damage":1,"enemies":"Exordium Wildlife","floor":11,"turns":5},{"damage":20,"enemies":"3 Sentries","floor":13,"turns":9},{"damage":0,"enemies":"Gremlin Gang","floor":14,"turns":4},{"damage":40,"enemies":"Slime Boss","floor":16,"turns":16},{"damage":0,"enemies":"3 Byrds","floor":18,"turns":4},{"damage":25,"enemies":"2 Thieves","floor":20,"turns":5},{"damage":26,"enemies":"Snake Plant","floor":22,"turns":5},{"damage":12,"enemies":"3 Cultists","floor":23,"turns":4},{"damage":20,"enemies":"Centurion and Healer","floor":24,"turns":6}],"seed_played":"-972709535382659223","potions_obtained":[{"floor":1,"key":"PowerPotion"},{"floor":7,"key":"GamblersBrew"},{"floor":11,"key":"FearPotion"},{"floor":13,"key":"FairyPotion"}],"is_trial":false,"path_per_floor":["M","?","?","M","?","M","E","M","T","R","M","R","E","M","R","B",null,"M","?","M","T","M","M","M"],"character_chosen":"THE_SILENT","items_purchased":[],"campfire_rested":1,"item_purchase_floors":[],"current_hp_per_floor":[77,71,57,57,57,57,47,45,45,45,44,44,24,24,45,5,71,71,49,32,32,12,8,0],"gold":494,"neow_bonus":"TEN_PERCENT_HP_BONUS","is_prod":false,"is_daily":false,"chose_seed":false,"campfire_upgraded":2,"win_rate":0,"timestamp":1553912930,"path_taken":["M","?","?","M","?","M","E","M","T","R","?","R","E","M","R","BOSS","M","?","M","?","M","M","?"],"build_version":"2019-01-23","purchased_purges":0,"victory":false,"max_hp_per_floor":[77,71,71,71,71,71,71,71,71,71,71,71,71,71,71,71,71,71,49,49,49,49,49,49],"card_choices":[{"not_picked":["Leg Sweep","Footwork"],"picked":"Dagger Throw","floor":1},{"not_picked":["Masterful Stab","Dodge and Roll"],"picked":"Prepared","floor":4},{"not_picked":["Cloak And Dagger","Poisoned Stab"],"picked":"Underhanded Strike","floor":6},{"not_picked":["Tools of the Trade","All Out Attack"],"picked":"Masterful Stab","floor":7},{"not_picked":["Prepared","Predator"],"picked":"PiercingWail","floor":8},{"not_picked":["Predator","Outmaneuver"],"picked":"Deadly Poison","floor":11},{"not_picked":["Prepared","Expertise"],"picked":"Dagger Throw","floor":13},{"not_picked":["Die Die Die","Dash"],"picked":"Distraction","floor":14},{"not_picked":["After Image","Glass Knife"],"picked":"Die Die Die","floor":16},{"not_picked":["Skewer+1","Blade Dance"],"picked":"Bouncing Flask+1","floor":18},{"not_picked":["Bouncing Flask","Distraction"],"picked":"Sucker Punch","floor":20},{"not_picked":["Acrobatics","Flying Knee"],"picked":"Endless Agony","floor":22},{"not_picked":["Flying Knee","Dagger Spray+1"],"picked":"Escape Plan+1","floor":23}],"player_experience":38794,"relics_obtained":[{"floor":7,"key":"Anchor"},{"floor":9,"key":"Shuriken"},{"floor":13,"key":"Kunai"},{"floor":21,"key":"Smiling Mask"}],"event_choices":[{"damage_healed":0,"gold_gain":0,"player_choice":"Lose Max HP","damage_taken":0,"relics_obtained":["Golden Idol"],"max_hp_gain":0,"max_hp_loss":6,"event_name":"Golden Idol","floor":2,"gold_loss":0},{"damage_healed":0,"gold_gain":0,"player_choice":"Entered Light","damage_taken":14,"max_hp_gain":0,"max_hp_loss":0,"event_name":"Shining Light","floor":3,"gold_loss":0,"cards_upgraded":["Defend_G","Defend_G"]},{"damage_healed":0,"gold_gain":0,"player_choice":"1 cards matched","damage_taken":0,"max_hp_gain":0,"max_hp_loss":0,"event_name":"Match and Keep!","floor":5,"gold_loss":0,"cards_obtained":["Neutralize"]},{"damage_healed":0,"gold_gain":0,"player_choice":"Became a vampire","damage_taken":0,"max_hp_gain":0,"max_hp_loss":22,"event_name":"Vampires","floor":19,"gold_loss":0,"cards_obtained":["Bite","Bite","Bite","Bite","Bite"]}],"is_beta":false,"boss_relics":[{"not_picked":["WristBlade","Empty Cage"],"picked":"Snecko Eye"}],"items_purged_floors":[],"is_endless":false,"potions_floor_spawned":[1,7,11,13,14,20,23],"killed_by":"Centurion and Healer","ascension_level":0}