{"gold_per_floor":[109,125,140,140,65,65,97,197,197,225,236,251,3,16,16,116,116,133,133,151,66,32,32,66,83,83,94,123,123,123,23,23,121,121,135,146,146,163,178,211,223,223,223,256,256,256,267,0,0,0],"floor_reached":51,"playtime":2202,"items_purged":["Strike_R","Strike_R"],"score":1032,"play_id":"a68aef2e-19dc-449c-b087-976fda1ade68","local_time":"20190401223714","is_ascension_mode":false,"campfire_choices":[{"data":"Clothesline","floor":6,"key":"SMITH"},{"data":"Flame Barrier","floor":15,"key":"SMITH"},{"data":"Barricade","floor":23,"key":"SMITH"},{"data":"Body Slam","floor":30,"key":"SMITH"},{"data":"Shrug It Off","floor":32,"key":"SMITH"},{"data":"Disarm","floor":42,"key":"SMITH"},{"data":"Battle Trance","floor":45,"key":"SMITH"},{"data":"Strike_R","floor":49,"key":"PURGE"}],"neow_cost":"NONE","seed_source_timestamp":990561217927826,"circlet_count":0,"master_deck":["Strike_R+1","Strike_R+1","Defend_R","Defend_R","Defend_R","Defend_R","Bash","Clothesline+1","Flame Barrier+1","Battle Trance+1","Headbutt","Barricade+1","Shrug It Off+1","Shrug It Off","Body Slam+1","Fiend Fire","Disarm+1","Thunderclap+1","Seeing Red","Bloodletting","Entrench+1","Impervious","Pommel Strike+1","Master of Strategy","Shrug It Off","Feel No Pain+1"],"relics":["Burning Blood","PreservedInsect","Self Forming Clay","Pen Nib","Anchor","Whetstone","Sling","Eternal Feather","Mercury Hourglass","Matryoshka","Frozen Egg 2","Ancient Tea Set","Centennial Puzzle","Sozu","Lantern","Meat on the Bone","Peace Pipe","Medical Kit"],"potions_floor_usage":[16,16,33,38],"damage_taken":[{"damage":6,"enemies":"Cultist","floor":1,"turns":3},{"damage":3,"enemies":"2 Louse","floor":2,"turns":3},{"damage":3,"enemies":"Small Slimes","floor":3,"turns":4},{"damage":3,"enemies":"Lagavulin","floor":7,"turns":7},{"damage":11,"enemies":"Gremlin Nob","floor":10,"turns":4},{"damage":0,"enemies":"2 Fungi Beasts","floor":11,"turns":4},{"damage":7,"enemies":"Large Slime","floor":12,"turns":6},{"damage":0,"enemies":"Blue Slaver","floor":14,"turns":3},{"damage":0,"enemies":"Hexaghost","floor":16,"turns":9},{"damage":9,"enemies":"2 Thieves","floor":18,"turns":4},{"damage":2,"enemies":"Chosen","floor":20,"turns":4},{"damage":1,"enemies":"Slavers","floor":24,"turns":4},{"damage":5,"enemies":"Snake Plant","floor":25,"turns":4},{"damage":3,"enemies":"Cultist and Chosen","floor":27,"turns":6},{"damage":8,"enemies":"Book of Stabbing","floor":28,"turns":4},{"damage":3,"enemies":"Automaton","floor":33,"turns":5},{"damage":3,"enemies":"3 Darklings","floor":35,"turns":5},{"damage":3,"enemies":"Orb Walker","floor":36,"turns":4},{"damage":10,"enemies":"Writhing Mass","floor":38,"turns":3},{"damage":3,"enemies":"4 Shapes","floor":39,"turns":3},{"damage":3,"enemies":"Giant Head","floor":40,"turns":4},{"damage":16,"enemies":"Transient","floor":41,"turns":5},{"damage":0,"enemies":"Reptomancer","floor":44,"turns":6},{"damage":12,"enemies":"Sphere and 2 Shapes","floor":47,"turns":6},{"damage":3,"enemies":"Time Eater","floor":50,"turns":7}],"seed_played":"-3422494061250347807","potions_obtained":[{"floor":2,"key":"Strength Potion"},{"floor":3,"key":"Energy Potion"},{"floor":7,"key":"PowerPotion"},{"floor":16,"key":"AttackPotion"},{"floor":18,"key":"GamblersBrew"},{"floor":33,"key":"SpeedPotion"}],"is_trial":false,"path_per_floor":["M","M","M","?","$","R","E","?","T","E","M","M","$","M","R","B",null,"M","?","M","?","$","R","E","M","T","M","E","?","R","$","R","B",null,"M","M","?","M","M","E","M","R","T","E","R","?","M","$","R","B",null],"character_chosen":"IRONCLAD","items_purchased":["Shrug It Off","Sling","Seeing Red","Feel No Pain+1","Medical Kit"],"campfire_rested":0,"item_purchase_floors":[13,13,22,48,48],"current_hp_per_floor":[80,80,80,77,77,77,80,80,80,75,80,79,79,80,80,80,80,77,77,80,80,80,80,80,80,80,80,78,63,75,75,85,85,85,85,85,75,71,74,77,67,82,82,85,85,85,79,79,85,85],"gold":0,"neow_bonus":"RANDOM_COMMON_RELIC","is_prod":false,"is_daily":false,"chose_seed":false,"campfire_upgraded":7,"win_rate":0,"timestamp":1554154634,"path_taken":["M","M","?","?","$","R","E","?","T","E","M","M","$","?","R","BOSS","M","?","M","?","$","R","E","M","T","M","E","?","R","?","R","BOSS","M","M","?","M","M","E","M","R","T","E","R","?","M","$","R","BOSS"],"build_version":"2019-03-15","purchased_purges":2,"victory":true,"max_hp_per_floor":[80,80,80,80,80,80,80,80,80,80,80,80,80,80,80,80,80,80,80,80,80,80,80,80,80,80,80,80,85,85,85,85,85,85,85,85,85,85,85,85,85,85,85,85,85,85,85,85,85,85],"card_choices":[{"not_picked":["Wild Strike","Rupture"],"picked":"Clothesline","floor":1},{"not_picked":["Thunderclap","Hemokinesis"],"picked":"Flame Barrier","floor":2},{"not_picked":["Entrench","Armaments"],"picked":"Battle Trance","floor":3},{"not_picked":["Clothesline","Dual Wield"],"picked":"Headbutt","floor":7},{"not_picked":["Searing Blow","Limit Break"],"picked":"Barricade","floor":10},{"not_picked":["Sword Boomerang","True Grit"],"picked":"Shrug It Off","floor":11},{"not_picked":["Sever Soul","Clothesline","Twin Strike"],"picked":"SKIP","floor":12},{"not_picked":["Battle Trance","Sword Boomerang"],"picked":"Body Slam","floor":14},{"not_picked":["Dark Embrace","Reaper"],"picked":"Fiend Fire","floor":16},{"not_picked":["Burning Pact+1","Sword Boomerang+1"],"picked":"Disarm","floor":18},{"not_picked":["Flex","Heavy Blade"],"picked":"Thunderclap+1","floor":20},{"not_picked":["Headbutt+1","Dark Embrace"],"picked":"Bloodletting","floor":24},{"not_picked":["Sever Soul","Second Wind","True Grit"],"picked":"SKIP","floor":25},{"not_picked":["Sword Boomerang","Clothesline+1","Heavy Blade"],"picked":"SKIP","floor":27},{"not_picked":["Uppercut","Body Slam+1"],"picked":"Entrench+1","floor":28},{"not_picked":["Brutality+1","Bludgeon"],"picked":"Impervious","floor":33},{"not_picked":["Heavy Blade","Wild Strike"],"picked":"Body Slam","floor":35},{"not_picked":["Power Through+1","Sentinel+1"],"picked":"Pommel Strike+1","floor":36},{"not_picked":["Violence","Chrysalis"],"picked":"Master of Strategy","floor":37},{"not_picked":["Body Slam","Havoc+1","Rampage+1"],"picked":"SKIP","floor":38},{"not_picked":["Clash","Dual Wield","Feed"],"picked":"SKIP","floor":39},{"not_picked":["Second Wind+1","Rampage+1"],"picked":"Shrug It Off","floor":40},{"not_picked":["Sentinel+1","Iron Wave+1","Uppercut"],"picked":"SKIP","floor":41},{"not_picked":["Iron Wave","Flex+1","Havoc+1"],"picked":"SKIP","floor":44},{"not_picked":["Heavy Blade","Thunderclap","Clothesline"],"picked":"SKIP","floor":47}],"player_experience":1192210,"relics_obtained":[{"floor":7,"key":"Pen Nib"},{"floor":9,"key":"Anchor"},{"floor":10,"key":"Whetstone"},{"floor":24,"key":"Matryoshka"},{"floor":26,"key":"Frozen Egg 2"},{"floor":26,"key":"Ancient Tea Set"},{"floor":28,"key":"Centennial Puzzle"},{"floor":40,"key":"Lantern"},{"floor":43,"key":"Meat on the Bone"},{"floor":44,"key":"Peace Pipe"}],"event_choices":[{"damage_healed":0,"gold_gain":0,"player_choice":"Success","damage_taken":3,"relics_obtained":["Self Forming Clay"],"max_hp_gain":0,"max_hp_loss":0,"event_name":"Scrap Ooze","floor":4,"gold_loss":0},{"damage_healed":0,"gold_gain":100,"player_choice":"Pray","damage_taken":0,"max_hp_gain":0,"max_hp_loss":0,"event_name":"Golden Shrine","floor":8,"gold_loss":0},{"damage_healed":0,"gold_gain":0,"player_choice":"Ignored","damage_taken":0,"max_hp_gain":0,"max_hp_loss":0,"event_name":"The Mausoleum","floor":19,"gold_loss":0},{"damage_healed":0,"gold_gain":0,"player_choice":"Obtained Relic","damage_taken":0,"relics_obtained":["Mercury Hourglass"],"max_hp_gain":0,"max_hp_loss":0,"event_name":"Addict","floor":21,"gold_loss":85},{"damage_healed":0,"gold_gain":0,"player_choice":"Shed Blood","damage_taken":20,"max_hp_gain":5,"max_hp_loss":0,"event_name":"Forgotten Altar","floor":29,"gold_loss":0},{"damage_healed":0,"gold_gain":0,"player_choice":"Memory 3","damage_taken":10,"max_hp_gain":0,"max_hp_loss":0,"event_name":"SensoryStone","floor":37,"gold_loss":0},{"cards_removed":["Body Slam"],"damage_healed":0,"gold_gain":0,"player_choice":"Removed Attack","damage_taken":0,"max_hp_gain":0,"max_hp_loss":0,"event_name":"Falling","floor":46,"gold_loss":0}],"is_beta":true,"boss_relics":[{"not_picked":["Pandora\u0027s Box","Runic Cube"],"picked":"Eternal Feather"},{"not_picked":["Philosopher\u0027s Stone","Astrolabe"],"picked":"Sozu"}],"items_purged_floors":[5,31],"is_endless":false,"potions_floor_spawned":[2,3,7,16,18,25,28,33,38,40,41,47],"ascension_level":0}