{"gold_per_floor":[116,41,61,61,72,72,1,34,34,34,54,54,83,108,108,182,182,195,195,207,240,165,165,175,175,175,210,210,228,228,241,241,241],"floor_reached":33,"playtime":733,"items_purged":["Strike_R"],"score":464,"play_id":"f545a96c-f018-44e6-960b-dea13c6e3a75","local_time":"20190412020000","is_ascension_mode":true,"campfire_choices":[{"data":"Immolate","floor":6,"key":"SMITH"},{"data":"Bloodletting","floor":10,"key":"SMITH"},{"data":"Double Tap","floor":12,"key":"SMITH"},{"floor":15,"key":"REST"},{"floor":23,"key":"REST"},{"data":"Immolate","floor":25,"key":"SMITH"},{"floor":30,"key":"REST"},{"data":"Carnage","floor":32,"key":"SMITH"}],"neow_cost":"PERCENT_DAMAGE","seed_source_timestamp":43575122827026,"circlet_count":0,"master_deck":["AscendersBane","Defend_R","Defend_R","Defend_R","Defend_R","Bash+1","Combust","Immolate+1","Disarm","Whirlwind","Bloodletting+1","Double Tap+1","Immolate+1","Flame Barrier","Exhume","Inflame","Shrug It Off","Disarm","Immolate+1","Carnage+1"],"relics":["Burning Blood","Dodecahedron","Pear","Bronze Scales","Whetstone","Mark of Pain","Red Mask","Red Skull"],"potions_floor_usage":[8,13,16,31,33],"damage_taken":[{"damage":0,"enemies":"2 Louse","floor":1,"turns":1},{"damage":0,"enemies":"Cultist","floor":3,"turns":2},{"damage":9,"enemies":"Small Slimes","floor":5,"turns":3},{"damage":16,"enemies":"Gremlin Nob","floor":8,"turns":3},{"damage":0,"enemies":"Looter","floor":11,"turns":1},{"damage":48,"enemies":"Lagavulin","floor":13,"turns":7},{"damage":43,"enemies":"The Guardian","floor":16,"turns":8},{"damage":19,"enemies":"2 Thieves","floor":18,"turns":2},{"damage":2,"enemies":"Chosen","floor":20,"turns":3},{"damage":26,"enemies":"Masked Bandits","floor":21,"turns":4},{"damage":1,"enemies":"3 Cultists","floor":24,"turns":2},{"damage":49,"enemies":"Gremlin Leader","floor":27,"turns":5},{"damage":0,"enemies":"Sentry and Sphere","floor":29,"turns":1},{"damage":10,"enemies":"Centurion and Healer","floor":31,"turns":2},{"damage":90,"enemies":"Automaton","floor":33,"turns":6}],"seed_played":"-5836007948868956844","potions_obtained":[{"floor":3,"key":"AttackPotion"},{"floor":8,"key":"BloodPotion"},{"floor":13,"key":"LiquidBronze"},{"floor":20,"key":"FearPotion"},{"floor":24,"key":"Energy Potion"},{"floor":29,"key":"BloodPotion"}],"is_trial":false,"path_per_floor":["M","$","M","?","M","R","$","E","T","R","M","R","E","T","R","B",null,"M","?","M","?","?","R","M","R","T","E","?","M","R","M","R","B"],"character_chosen":"IRONCLAD","items_purchased":["Double Tap"],"campfire_rested":3,"item_purchase_floors":[7],"current_hp_per_floor":[56,56,62,62,59,59,59,49,59,59,65,65,31,31,56,19,69,56,40,44,24,24,51,56,56,56,13,13,19,46,51,51,0],"gold":241,"neow_bonus":"TRANSFORM_TWO_CARDS","is_prod":false,"is_daily":false,"chose_seed":false,"campfire_upgraded":5,"win_rate":0,"timestamp":1555045200,"path_taken":["M","$","M","?","M","R","?","E","T","R","?","R","E","?","R","BOSS","M","?","M","?","?","R","M","R","T","E","?","?","R","M","R","BOSS"],"build_version":"2019-01-23","purchased_purges":1,"victory":false,"max_hp_per_floor":[75,75,75,75,75,75,75,75,85,85,85,85,85,85,85,85,85,85,90,90,90,90,90,90,90,90,90,90,90,90,90,90,90],"card_choices":[{"not_picked":["Clothesline","True Grit"],"picked":"Disarm","floor":1},{"not_picked":["Flex","Warcry"],"picked":"Whirlwind","floor":3},{"not_picked":["Clothesline","Flex"],"picked":"Bloodletting","floor":5},{"not_picked":["Thunderclap","Heavy Blade"],"picked":"Immolate","floor":8},{"not_picked":["Cleave","Heavy Blade","Anger"],"picked":"SKIP","floor":11},{"not_picked":["Feel No Pain","Double Tap"],"picked":"Flame Barrier","floor":13},{"not_picked":["Limit Break","Juggernaut"],"picked":"Exhume","floor":16},{"not_picked":["Spot Weakness","Sword Boomerang"],"picked":"Inflame","floor":18},{"not_picked":["Clash","Perfected Strike"],"picked":"Shrug It Off","floor":20},{"not_picked":["Dropkick","Combust+1"],"picked":"Disarm","floor":21},{"not_picked":["Burning Pact","Wild Strike","Sword Boomerang"],"picked":"SKIP","floor":24},{"not_picked":["Combust","Sever Soul+1","Uppercut"],"picked":"SKIP","floor":27},{"not_picked":["Corruption","Havoc"],"picked":"Carnage","floor":29},{"not_picked":["Headbutt","Perfected Strike","Wild Strike"],"picked":"SKIP","floor":31}],"player_experience":1083988,"relics_obtained":[{"floor":8,"key":"Dodecahedron"},{"floor":9,"key":"Pear"},{"floor":13,"key":"Bronze Scales"},{"floor":14,"key":"Whetstone"},{"floor":21,"key":"Red Mask"},{"floor":27,"key":"Red Skull"}],"event_choices":[{"cards_removed":["Strike_R"],"damage_healed":0,"gold_gain":0,"player_choice":"Purged","damage_taken":0,"max_hp_gain":0,"max_hp_loss":0,"event_name":"Purifier","floor":4,"gold_loss":0},{"damage_healed":0,"gold_gain":0,"player_choice":"Shed Blood","damage_taken":21,"max_hp_gain":5,"max_hp_loss":0,"event_name":"Forgotten Altar","floor":19,"gold_loss":0},{"damage_healed":0,"gold_gain":0,"player_choice":"Fought Bandits","damage_taken":0,"max_hp_gain":0,"max_hp_loss":0,"event_name":"Masked Bandits","floor":21,"gold_loss":0},{"cards_removed":["Strike_R"],"damage_healed":0,"gold_gain":0,"player_choice":"Gave Gold","damage_taken":0,"max_hp_gain":0,"max_hp_loss":0,"event_name":"Beggar","floor":22,"gold_loss":75},{"damage_healed":0,"gold_gain":0,"player_choice":"Copied","damage_taken":0,"max_hp_gain":0,"max_hp_loss":0,"event_name":"Duplicator","floor":28,"gold_loss":0,"cards_obtained":["Immolate"]}],"is_beta":false,"boss_relics":[{"not_picked":["Calling Bell","Lizard Tail"],"picked":"Mark of Pain"}],"items_purged_floors":[2],"is_endless":false,"potions_floor_spawned":[3,8,13,20,24,29],"killed_by":"Automaton","ascension_level":14}