{"gold_per_floor":[11,11,24,24,24,24,64,64,64,64,64,102,102,116,116,116],"floor_reached":16,"playtime":413,"items_purged":[],"score":133,"play_id":"08d81da6-a66f-4ba9-892b-74df79b91b0d","local_time":"20190112101859","is_ascension_mode":true,"campfire_choices":[{"data":"Body Slam","floor":6,"key":"SMITH"},{"data":"Cleave","floor":8,"key":"SMITH"},{"floor":11,"key":"REST"},{"data":"Barricade","floor":13,"key":"SMITH"},{"data":"Juggernaut","floor":15,"key":"SMITH"}],"neow_cost":"NO_GOLD","seed_source_timestamp":152034179100300,"circlet_count":0,"master_deck":["Strike_R+1","Strike_R","Strike_R+1","Strike_R","Strike_R","Defend_R","Defend_R","Defend_R","Defend_R","Bash","Barricade+1","Cleave+1","Body Slam+1","Headbutt","Juggernaut+1"],"relics":["Burning Blood","Golden Idol","Whetstone","Bag of Preparation","Paper Frog","Dodecahedron"],"potions_floor_usage":[7,16],"damage_taken":[{"damage":8,"enemies":"2 Louse","floor":1,"turns":2},{"damage":5,"enemies":"Jaw Worm","floor":3,"turns":5},{"damage":10,"enemies":"3 Sentries","floor":7,"turns":6},{"damage":37,"enemies":"Lagavulin","floor":12,"turns":9},{"damage":6,"enemies":"Cultist","floor":14,"turns":3},{"damage":36,"enemies":"Hexaghost","floor":16,"turns":9}],"seed_played":"662137062123782810","potions_obtained":[{"floor":3,"key":"Explosive Potion"},{"floor":14,"key":"Fire Potion"}],"is_trial":false,"path_per_floor":["M","?","M","?","$","R","E","R","T","?","R","E","R","M","R","B"],"character_chosen":"IRONCLAD","items_purchased":[],"campfire_rested":1,"item_purchase_floors":[],"current_hp_per_floor":[78,78,79,59,59,59,55,55,55,43,67,36,36,36,36,0],"gold":116,"neow_bonus":"THREE_RARE_CARDS","is_prod":false,"is_daily":false,"chose_seed":false,"campfire_upgraded":4,"win_rate":0,"timestamp":1547284739,"path_taken":["M","?","M","?","?","R","E","R","T","?","R","E","R","?","R","BOSS"],"build_version":"2019-01-10","purchased_purges":0,"victory":false,"max_hp_per_floor":[80,80,80,80,80,80,80,80,80,80,80,80,80,80,80,80],"card_choices":[{"not_picked":["Impervious","Brutality"],"picked":"Barricade","floor":0},{"not_picked":["Warcry","Perfected Strike"],"picked":"Cleave","floor":1},{"not_picked":["Heavy Blade","Havoc"],"picked":"Body Slam","floor":3},{"not_picked":["Flex","Searing Blow"],"picked":"Headbutt","floor":7},{"not_picked":["Bloodletting","Sentinel"],"picked":"Juggernaut","floor":12},{"not_picked":["Sever Soul","Clash","Cleave"],"picked":"SKIP","floor":14}],"player_experience":368561,"relics_obtained":[{"floor":7,"key":"Whetstone"},{"floor":9,"key":"Bag of Preparation"},{"floor":12,"key":"Dodecahedron"}],"event_choices":[{"damage_healed":0,"gold_gain":0,"player_choice":"Ignored","damage_taken":0,"max_hp_gain":0,"max_hp_loss":0,"event_name":"Liars Game","floor":2,"gold_loss":0},{"damage_healed":0,"gold_gain":0,"player_choice":"Take Damage","damage_taken":20,"relics_obtained":["Golden Idol"],"max_hp_gain":0,"max_hp_loss":0,"event_name":"Golden Idol","floor":4,"gold_loss":0},{"damage_healed":0,"gold_gain":0,"player_choice":"Success","damage_taken":12,"relics_obtained":["Paper Frog"],"max_hp_gain":0,"max_hp_loss":0,"event_name":"Scrap Ooze","floor":10,"gold_loss":0}],"is_beta":false,"boss_relics":[],"items_purged_floors":[],"is_endless":false,"potions_floor_spawned":[3,14],"killed_by":"Hexaghost","ascension_level":5}