{"gold_per_floor":[116,134,145,145,168,168,204,204,204,1,1,15,51,66,66,189,189,129,129,45,45,45,45,45,45,45,45,45,45,45,45,45,45,45,45,45,45,45,45,45,45,45],"floor_reached":42,"playtime":1221,"items_purged":[],"score":593,"play_id":"8c7af5a7-2eeb-4444-ae3b-88387e66bd04","local_time":"20190506125539","is_ascension_mode":true,"campfire_choices":[{"data":"Seeing Red","floor":6,"key":"SMITH"},{"floor":8,"key":"REST"},{"data":"Feed","floor":15,"key":"SMITH"},{"floor":23,"key":"REST"},{"data":"Heavy Blade","floor":25,"key":"SMITH"},{"floor":27,"key":"REST"},{"data":"Inflame","floor":29,"key":"SMITH"},{"floor":32,"key":"REST"},{"floor":41,"key":"REST"}],"neow_cost":"NONE","seed_source_timestamp":79815226729300,"circlet_count":0,"master_deck":["Strike_R","Strike_R","Strike_R","Strike_R","Strike_R","Defend_R","Defend_R","Defend_R","Defend_R","Bash","Spot Weakness","Seeing Red+1","Heavy Blade+1","Inflame+1","Twin Strike","Sword Boomerang","Feed+1","Thunderclap","True Grit+1","Double Tap+1","Cleave+1","Necronomicurse","Good Instincts+1","Sword Boomerang","Sword Boomerang","Inflame","Flex+1","Limit Break+1","Rage+1","Cleave","Shrug It Off+1"],"relics":["Burning Blood","Golden Idol","Gremlin Horn","Bottled Tornado","Happy Flower","SsserpentHead","Toxic Egg 2","Ectoplasm","Necronomicon","Champion Belt","Sozu","Ornamental Fan","Singing Bowl"],"potions_floor_usage":[16,18,18,31,33,33],"damage_taken":[{"damage":9,"enemies":"Jaw Worm","floor":1,"turns":3},{"damage":4,"enemies":"Cultist","floor":2,"turns":5},{"damage":14,"enemies":"2 Louse","floor":3,"turns":3},{"damage":25,"enemies":"Gremlin Gang","floor":5,"turns":5},{"damage":26,"enemies":"Gremlin Nob","floor":7,"turns":4},{"damage":13,"enemies":"Blue Slaver","floor":12,"turns":2},{"damage":10,"enemies":"3 Sentries","floor":13,"turns":4},{"damage":12,"enemies":"Exordium Wildlife","floor":14,"turns":2},{"damage":25,"enemies":"Slime Boss","floor":16,"turns":9},{"damage":25,"enemies":"2 Thieves","floor":18,"turns":3},{"damage":23,"enemies":"Shell Parasite","floor":21,"turns":4},{"damage":9,"enemies":"Centurion and Healer","floor":22,"turns":4},{"damage":7,"enemies":"Cultist and Chosen","floor":30,"turns":3},{"damage":30,"enemies":"Book of Stabbing","floor":31,"turns":3},{"damage":41,"enemies":"Automaton","floor":33,"turns":6},{"damage":26,"enemies":"3 Darklings","floor":35,"turns":3},{"damage":20,"enemies":"Orb Walker","floor":36,"turns":3},{"damage":20,"enemies":"3 Darklings","floor":37,"turns":2},{"damage":41,"enemies":"Nemesis","floor":40,"turns":5},{"damage":61,"enemies":"Giant Head","floor":42,"turns":6}],"seed_played":"-5610782414341284151","potions_obtained":[{"floor":1,"key":"LiquidBronze"},{"floor":3,"key":"FairyPotion"},{"floor":12,"key":"FearPotion"},{"floor":14,"key":"SkillPotion"},{"floor":16,"key":"Strength Potion"},{"floor":18,"key":"Strength Potion"},{"floor":22,"key":"AttackPotion"},{"floor":31,"key":"Strength Potion"}],"is_trial":false,"path_per_floor":["M","M","M","?","M","R","E","R","T","$","?","M","E","M","R","B",null,"M","?","$","M","M","R","?","R","T","R","?","R","M","E","R","B",null,"M","M","M","?","T","E","R","E"],"character_chosen":"IRONCLAD","items_purchased":["Happy Flower","Sword Boomerang","Good Instincts+1"],"campfire_rested":5,"item_purchase_floors":[10,10,20],"current_hp_per_floor":[69,71,63,63,44,44,24,46,46,46,46,39,38,32,32,17,65,46,30,30,13,14,39,39,39,39,64,56,56,55,31,56,21,69,49,35,21,21,21,14,39,0],"gold":45,"neow_bonus":"THREE_CARDS","is_prod":false,"is_daily":false,"chose_seed":false,"campfire_upgraded":4,"win_rate":0,"timestamp":1557161739,"path_taken":["M","M","M","?","M","R","E","R","T","$","?","M","E","M","R","BOSS","M","?","$","M","M","R","?","R","T","R","?","R","M","E","R","BOSS","M","?","M","?","?","E","R","E"],"build_version":"2019-01-23","purchased_purges":0,"victory":false,"max_hp_per_floor":[80,80,80,74,74,74,74,74,74,74,74,74,77,77,77,81,81,81,81,81,81,85,85,85,85,85,85,85,85,85,85,85,85,85,85,85,85,85,85,85,85,85],"card_choices":[{"not_picked":["Inflame","True Grit"],"picked":"Spot Weakness","floor":0},{"not_picked":["Sentinel","Clothesline"],"picked":"Seeing Red","floor":1},{"not_picked":["True Grit","Iron Wave"],"picked":"Heavy Blade","floor":2},{"not_picked":["Heavy Blade","Iron Wave"],"picked":"Inflame","floor":3},{"not_picked":["True Grit","Perfected Strike","Seeing Red"],"picked":"SKIP","floor":5},{"not_picked":["Havoc","Warcry"],"picked":"Twin Strike","floor":7},{"not_picked":["Thunderclap","Anger"],"picked":"Feed","floor":12},{"not_picked":["Body Slam","Havoc"],"picked":"Thunderclap","floor":13},{"not_picked":["Havoc+1","Uppercut"],"picked":"True Grit+1","floor":14},{"not_picked":["Exhume+1","Feed"],"picked":"Double Tap+1","floor":16},{"not_picked":["Sever Soul","Iron Wave+1"],"picked":"Cleave+1","floor":18},{"not_picked":["Second Wind+1","Intimidate+1"],"picked":"Sword Boomerang","floor":21},{"not_picked":["Sever Soul","Iron Wave"],"picked":"Sword Boomerang","floor":22},{"not_picked":["Clash+1","True Grit+1"],"picked":"Inflame","floor":30},{"not_picked":["Rampage","Feel No Pain+1"],"picked":"Flex+1","floor":31},{"not_picked":["Dark Embrace","Impervious+1"],"picked":"Limit Break+1","floor":33},{"not_picked":["Sword Boomerang+1","Thunderclap+1"],"picked":"Rage+1","floor":35},{"not_picked":["Intimidate+1","Seeing Red+1"],"picked":"Cleave","floor":36},{"not_picked":["Wild Strike","Armaments+1"],"picked":"Battle Trance+1","floor":37},{"not_picked":["Cleave","Ghostly Armor+1"],"picked":"Shrug It Off+1","floor":40}],"player_experience":159883,"relics_obtained":[{"floor":7,"key":"Gremlin Horn"},{"floor":9,"key":"Bottled Tornado"},{"floor":13,"key":"Toxic Egg 2"},{"floor":19,"key":"Necronomicon"},{"floor":31,"key":"Champion Belt"},{"floor":39,"key":"Ornamental Fan"},{"floor":40,"key":"Singing Bowl"}],"event_choices":[{"damage_healed":0,"gold_gain":0,"player_choice":"Lose Max HP","damage_taken":0,"relics_obtained":["Golden Idol"],"max_hp_gain":0,"max_hp_loss":6,"event_name":"Golden Idol","floor":4,"gold_loss":0},{"damage_healed":0,"gold_gain":0,"player_choice":"Trade","damage_taken":0,"relics_obtained":["SsserpentHead"],"max_hp_gain":0,"max_hp_loss":0,"event_name":"FaceTrader","floor":11,"gold_loss":0},{"damage_healed":0,"gold_gain":0,"player_choice":"Obtained Book","damage_taken":16,"max_hp_gain":0,"max_hp_loss":0,"event_name":"Cursed Tome","floor":19,"gold_loss":0},{"damage_healed":0,"gold_gain":0,"player_choice":"Ignored","damage_taken":0,"max_hp_gain":0,"max_hp_loss":0,"event_name":"Ghosts","floor":24,"gold_loss":0},{"damage_healed":0,"gold_gain":0,"player_choice":"","damage_taken":8,"max_hp_gain":0,"max_hp_loss":0,"event_name":"Knowing Skull","floor":28,"potions_obtained":[],"gold_loss":0,"cards_obtained":[]},{"cards_removed":["Battle Trance"],"damage_healed":0,"gold_gain":0,"player_choice":"Removed Skill","damage_taken":0,"max_hp_gain":0,"max_hp_loss":0,"event_name":"Falling","floor":38,"gold_loss":0}],"is_beta":false,"boss_relics":[{"not_picked":["Runic Dome","Fusion Hammer"],"picked":"Ectoplasm"},{"not_picked":["Lizard Tail","Coffee Dripper"],"picked":"Sozu"}],"items_purged_floors":[],"is_endless":false,"potions_floor_spawned":[1,3,12,14,16,18,22,31,37,40],"killed_by":"Giant Head","ascension_level":6}