{"gold_per_floor":[116,135,147,147,158,6,6,23,23,23,42,42,73,91,91,191,191,207,207,220,105,121,151,151,151,200,200,217,235,235],"floor_reached":30,"playtime":1090,"items_purged":["Decay"],"score":279,"play_id":"5bd93cff-0647-418b-94bf-6ac6cea4c5bf","local_time":"20190514070258","is_ascension_mode":false,"campfire_choices":[{"data":"Dualcast","floor":10,"key":"SMITH"},{"data":"Zap","floor":12,"key":"SMITH"},{"data":"Static Discharge","floor":15,"key":"SMITH"},{"floor":24,"key":"REST"},{"data":"Consume","floor":27,"key":"SMITH"}],"neow_cost":"NONE","seed_source_timestamp":151050113964682,"circlet_count":0,"master_deck":["Strike_B","Strike_B","Strike_B","Strike_B","Defend_B","Defend_B","Defend_B","Defend_B","Zap+1","Dualcast+1","Leap","Self Repair","Sweeping Beam+1","Genetic Algorithm","Static Discharge+1","Genetic Algorithm","Leap","Turbo","Consume+1","Blizzard","Capacitor","Force Field"],"relics":["FrozenCore","Cables","Singing Bowl","Bronze Scales","Vajra"],"potions_floor_usage":[],"damage_taken":[{"damage":1,"enemies":"Jaw Worm","floor":1,"turns":3},{"damage":0,"enemies":"Cultist","floor":2,"turns":4},{"damage":0,"enemies":"2 Louse","floor":3,"turns":3},{"damage":20,"enemies":"Exordium Thugs","floor":5,"turns":4},{"damage":13,"enemies":"Looter","floor":8,"turns":4},{"damage":0,"enemies":"Red Slaver","floor":11,"turns":4},{"damage":14,"enemies":"3 Sentries","floor":13,"turns":5},{"damage":0,"enemies":"3 Louse","floor":14,"turns":2},{"damage":41,"enemies":"The Guardian","floor":16,"turns":8},{"damage":5,"enemies":"3 Byrds","floor":18,"turns":3},{"damage":19,"enemies":"Shell Parasite","floor":20,"turns":6},{"damage":25,"enemies":"3 Cultists","floor":22,"turns":6},{"damage":51,"enemies":"Slavers","floor":23,"turns":7},{"damage":9,"enemies":"Snake Plant","floor":28,"turns":3},{"damage":14,"enemies":"Snecko","floor":29,"turns":8},{"damage":40,"enemies":"Cultist and Chosen","floor":30,"turns":6}],"seed_played":"-2102680515660540327","potions_obtained":[{"floor":1,"key":"SkillPotion"},{"floor":5,"key":"FearPotion"},{"floor":8,"key":"EntropicBrew"},{"floor":13,"key":"Block Potion"}],"is_trial":false,"path_per_floor":["M","M","M","?","M","$","?","M","T","R","M","R","E","M","R","B",null,"M","?","M","$","M","E","R","?","T","R","M","M","M"],"character_chosen":"DEFECT","items_purchased":["Static Discharge","Capacitor","Force Field"],"campfire_rested":1,"item_purchase_floors":[6,21,21],"current_hp_per_floor":[81,81,82,82,69,69,69,56,56,56,63,63,56,56,56,24,84,86,86,74,74,58,16,43,43,43,43,36,31,0],"gold":235,"neow_bonus":"TEN_PERCENT_HP_BONUS","is_prod":false,"is_daily":false,"chose_seed":false,"campfire_upgraded":4,"win_rate":0,"timestamp":1557831778,"path_taken":["M","M","M","?","?","$","?","M","T","R","M","R","E","M","R","BOSS","M","?","M","$","M","E","R","?","T","R","M","?","M"],"build_version":"2019-01-23","purchased_purges":1,"victory":false,"max_hp_per_floor":[82,82,82,82,82,82,82,82,82,82,82,82,82,82,82,84,84,86,86,86,86,88,90,90,90,90,90,92,94,94],"card_choices":[{"not_picked":["Double Energy","Barrage"],"picked":"Leap","floor":1},{"not_picked":["Chaos","Stack"],"picked":"Self Repair","floor":2},{"not_picked":["Redo","Compile Driver"],"picked":"Sweeping Beam","floor":3},{"not_picked":["Barrage","Glacier"],"picked":"Genetic Algorithm","floor":5},{"not_picked":["Conserve Battery","Gash"],"picked":"Genetic Algorithm","floor":8},{"not_picked":["Loop","Conserve Battery"],"picked":"Leap","floor":11},{"not_picked":["Fission","Lockon"],"picked":"Turbo","floor":13},{"not_picked":["Hologram","Go for the Eyes"],"picked":"Consume","floor":14},{"not_picked":["Fission","Rainbow","Reboot"],"picked":"Singing Bowl","floor":16},{"not_picked":["Sweeping Beam","Rebound+1","Gash"],"picked":"Singing Bowl","floor":18},{"not_picked":["Leap","Conserve Battery"],"picked":"Blizzard","floor":20},{"not_picked":["Hologram","Streamline","Stack+1"],"picked":"Singing Bowl","floor":22},{"not_picked":["Barrage","Rebound","Machine Learning"],"picked":"Singing Bowl","floor":23},{"not_picked":["Barrage","Beam Cell+1","Skim"],"picked":"Singing Bowl","floor":28},{"not_picked":["Leap","BootSequence","Go for the Eyes"],"picked":"Singing Bowl","floor":29}],"player_experience":79280,"relics_obtained":[{"floor":9,"key":"Cables"},{"floor":13,"key":"Singing Bowl"},{"floor":23,"key":"Bronze Scales"},{"floor":26,"key":"Vajra"}],"event_choices":[{"damage_healed":0,"gold_gain":0,"player_choice":"Cursed","damage_taken":0,"max_hp_gain":0,"max_hp_loss":0,"event_name":"Wheel of Change","floor":4,"gold_loss":0,"cards_obtained":["Decay"]},{"damage_healed":0,"gold_gain":0,"player_choice":"Grow","damage_taken":0,"max_hp_gain":0,"max_hp_loss":0,"event_name":"Living Wall","floor":7,"gold_loss":0,"cards_upgraded":["Sweeping Beam"]},{"damage_healed":0,"gold_gain":0,"player_choice":"Ignored","damage_taken":0,"max_hp_gain":0,"max_hp_loss":0,"event_name":"Beggar","floor":19,"gold_loss":0},{"damage_healed":0,"gold_gain":0,"player_choice":"Ignored","damage_taken":0,"max_hp_gain":0,"max_hp_loss":0,"event_name":"N\u0027loth","floor":25,"gold_loss":0}],"is_beta":false,"boss_relics":[{"not_picked":["Philosopher\u0027s Stone","Nuclear Battery"],"picked":"FrozenCore"}],"items_purged_floors":[6],"is_endless":false,"potions_floor_spawned":[1,5,8,13,18],"killed_by":"Cultist and Chosen","ascension_level":0}