{"gold_per_floor":[118,118,118,134,17,47,47,80,80,80,99,117,117,152,152,255,255,267,267,267],"floor_reached":20,"playtime":560,"items_purged":[],"score":266,"play_id":"6a081782-bf56-4497-9e68-04d5f5933335","local_time":"20190204194630","is_ascension_mode":true,"campfire_choices":[{"floor":7,"key":"REST"},{"floor":10,"key":"REST"},{"floor":13,"key":"REST"},{"floor":15,"key":"REST"}],"neow_cost":"NONE","seed_source_timestamp":500527011443282,"circlet_count":0,"master_deck":["Strike_B+1","Strike_B+1","Strike_B+1","Defend_B+1","Defend_B+1","Defend_B+1","Defend_B+1","Zap","Dualcast","Gash","Loop","Jack Of All Trades","Genetic Algorithm","Steam","Steam","Storm","Hello World","Leap","Gash","Steam","All For One","Ball Lightning"],"relics":["Cracked Core","Dream Catcher","Pear","Question Card","Smiling Mask","FossilizedHelix","Runic Pyramid"],"potions_floor_usage":[11,14,14,16],"damage_taken":[{"damage":4,"enemies":"Jaw Worm","floor":1,"turns":3},{"damage":1,"enemies":"Cultist","floor":4,"turns":3},{"damage":57,"enemies":"Lagavulin","floor":6,"turns":7},{"damage":34,"enemies":"Gremlin Nob","floor":8,"turns":5},{"damage":0,"enemies":"Small Slimes","floor":11,"turns":2},{"damage":3,"enemies":"2 Fungi Beasts","floor":12,"turns":4},{"damage":16,"enemies":"3 Sentries","floor":14,"turns":6},{"damage":26,"enemies":"Slime Boss","floor":16,"turns":11},{"damage":32,"enemies":"Spheric Guardian","floor":18,"turns":6},{"damage":43,"enemies":"3 Byrds","floor":20,"turns":4}],"seed_played":"-2949391086294960319","potions_obtained":[{"floor":6,"key":"Explosive Potion"},{"floor":8,"key":"LiquidBronze"},{"floor":11,"key":"Explosive Potion"},{"floor":14,"key":"GamblersBrew"}],"is_trial":false,"path_per_floor":["M","$","?","M","$","E","R","E","T","R","M","M","R","E","R","B",null,"M","?","M"],"character_chosen":"DEFECT","items_purchased":["Jack Of All Trades","Genetic Algorithm"],"campfire_rested":4,"item_purchase_floors":[5,5],"current_hp_per_floor":[64,64,64,63,63,16,41,7,7,32,32,29,54,38,63,37,73,41,41,0],"gold":267,"neow_bonus":"RANDOM_COMMON_RELIC","is_prod":false,"is_daily":false,"chose_seed":false,"campfire_upgraded":0,"win_rate":0,"timestamp":1549320390,"path_taken":["M","$","?","M","?","E","R","E","T","R","M","M","R","E","R","BOSS","M","?","M"],"build_version":"2019-01-23","purchased_purges":0,"victory":false,"max_hp_per_floor":[75,75,75,75,75,85,85,85,85,85,85,85,85,85,85,85,85,85,85,85],"card_choices":[{"not_picked":["Compile Driver","Cold Snap"],"picked":"Gash","floor":1},{"not_picked":["Heatsinks","Self Repair"],"picked":"Loop","floor":4},{"not_picked":["Fusion","Redo","Stack"],"picked":"SKIP","floor":6},{"not_picked":["Consume","Ball Lightning"],"picked":"Steam","floor":8},{"not_picked":["Conserve Battery","Coolheaded","Skim"],"picked":"Steam","floor":10},{"not_picked":["Cold Snap","Stack","Hologram"],"picked":"Storm","floor":11},{"not_picked":["Ball Lightning","Scrape","Skim"],"picked":"Hello World","floor":12},{"not_picked":["Turbo","Force Field","Reinforced Body"],"picked":"Leap","floor":13},{"not_picked":["Lockon","Meteor Strike","Fission"],"picked":"Gash","floor":14},{"not_picked":["Beam Cell","Reinforced Body","Glacier"],"picked":"Steam","floor":15},{"not_picked":["Biased Cognition","Hyperbeam","Rainbow"],"picked":"All For One","floor":16},{"not_picked":["Force Field","BootSequence","Stack"],"picked":"Ball Lightning","floor":18}],"player_experience":719029,"relics_obtained":[{"floor":6,"key":"Pear"},{"floor":8,"key":"Question Card"},{"floor":9,"key":"Smiling Mask"},{"floor":14,"key":"FossilizedHelix"}],"event_choices":[{"cards_removed":["Strike_B"],"damage_healed":0,"gold_gain":0,"player_choice":"Offered Basic","damage_taken":0,"max_hp_gain":0,"max_hp_loss":0,"event_name":"Bonfire Elementals","floor":3,"gold_loss":0},{"damage_healed":0,"gold_gain":0,"player_choice":"Simplicity","damage_taken":0,"max_hp_gain":0,"max_hp_loss":0,"event_name":"Back to Basics","floor":19,"gold_loss":0,"cards_upgraded":["Strike_B","Strike_B","Strike_B","Defend_B","Defend_B","Defend_B","Defend_B"]}],"is_beta":false,"boss_relics":[{"not_picked":["Snecko Eye","Coffee Dripper"],"picked":"Runic Pyramid"}],"items_purged_floors":[],"is_endless":false,"potions_floor_spawned":[6,8,11,14],"killed_by":"3 Byrds","ascension_level":8}