{"path_per_floor":["M","$","?","M","M","R","M","M","T","?","?","?","M","$","R","B",null,"M","?"],"character_chosen":"DEFECT","items_purchased":["Leap","Capacitor"],"gold_per_floor":[113,62,62,80,93,93,109,128,151,151,151,151,170,117,117,243,243,263,263,263],"floor_reached":20,"campfire_rested":2,"playtime":1170,"current_hp_per_floor":[71,71,71,60,50,72,68,41,41,41,41,41,35,35,55,40,69,41,41,0],"items_purged":[],"gold":263,"score":164,"play_id":"bba372f3-f638-4523-98e2-b266d4d13c3c","local_time":"20180507021821","is_prod":false,"is_daily":false,"chose_seed":false,"is_ascension_mode":false,"campfire_upgraded":0,"timestamp":1525670301,"path_taken":["M","$","?","M","M","R","M","M","T","?","?","?","?","?","R","BOSS","M","?","M"],"build_version":"2018-05-03","seed_source_timestamp":641190907483487,"purchased_purges":0,"victory":false,"master_deck":["Strike_B","Strike_B","Strike_B","Strike_B","Defend_B","Defend_B","Defend_B","Defend_B","Zap+1","Dualcast","Barrage","Leap","Beam Cell","Skim","Axe Kick","Barrage","Barrage","Capacitor","Machine Learning","Capacitor"],"max_hp_per_floor":[75,75,75,75,75,75,75,75,75,75,75,69,69,69,69,69,69,69,69,69],"relics":["Bag of Preparation","Orichalcum","Golden Idol","Philosopher\u0027s Stone","Nloth\u0027s Gift"],"card_choices":[{"not_picked":["Tempest","Self Repair"],"picked":"Barrage","floor":1},{"not_picked":["Barrage","Axe Kick"],"picked":"Beam Cell","floor":4},{"not_picked":["Aggregate","Leap"],"picked":"Skim","floor":5},{"not_picked":["Thunder Strike","Leap"],"picked":"Axe Kick","floor":7},{"not_picked":["Aggregate","Force Field"],"picked":"Barrage","floor":8},{"not_picked":["Hologram","Go for the Eyes"],"picked":"Barrage","floor":13},{"not_picked":["All For One","Reboot"],"picked":"Machine Learning","floor":16},{"not_picked":["Sweeping Beam","Cold Snap"],"picked":"Capacitor","floor":18}],"player_experience":4734,"potions_floor_usage":[13,16],"damage_taken":[{"damage":4,"enemies":"Small Slimes","floor":1,"turns":3},{"damage":11,"enemies":"2 Louse","floor":4,"turns":3},{"damage":10,"enemies":"Cultist","floor":5,"turns":3},{"damage":4,"enemies":"Looter","floor":7,"turns":3},{"damage":27,"enemies":"Gremlin Gang","floor":8,"turns":5},{"damage":6,"enemies":"Large Slime","floor":13,"turns":4},{"damage":15,"enemies":"Slime Boss","floor":16,"turns":10},{"damage":28,"enemies":"Shell Parasite","floor":18,"turns":7},{"damage":43,"enemies":"Spheric Guardian","floor":20,"turns":5}],"event_choices":[{"event_name":"Big Fish","player_choice":"Box","floor":3,"damage_taken":0},{"event_name":"Living Wall","player_choice":"Grow","floor":10,"damage_taken":0},{"event_name":"Wheel of Change","player_choice":"Card Removal","floor":11,"damage_taken":0},{"event_name":"Golden Idol","player_choice":"Lose Max HP","floor":12,"damage_taken":0},{"event_name":"N\u0027loth","player_choice":"Traded a Cracked Core","floor":19,"damage_taken":0}],"boss_relics":[{"not_picked":["Runic Dome","Cursed Key"],"picked":"Philosopher\u0027s Stone"}],"potions_floor_spawned":[4,5,7,8,13,18],"seed_played":"391566190141680779","killed_by":"Spheric Guardian","ascension_level":0,"is_trial":false}