{"gold_per_floor":[13,28,128,143,159,159,169,169,249,283,36,36,36,52,52,150,150,161,59,69,79,106,106,120,146,146,146,146,174,174,207,207,308,308,327,340,358,57,67,101,112,140,140,140,158,158,0,18,18,18],"floor_reached":51,"playtime":2667,"items_purged":["Strike_R","Strike_R"],"score":844,"play_id":"8a6fe348-cd48-4485-b02c-bd431d32249a","local_time":"20190310184301","is_ascension_mode":false,"campfire_choices":[{"data":"Inflame","floor":6,"key":"SMITH"},{"data":"True Grit","floor":8,"key":"SMITH"},{"data":"Disarm","floor":13,"key":"SMITH"},{"data":"Sword Boomerang","floor":15,"key":"SMITH"},{"data":"Evolve","floor":23,"key":"SMITH"},{"data":"Demon Form","floor":28,"key":"SMITH"},{"data":"Feel No Pain","floor":32,"key":"SMITH"},{"data":"Metallicize","floor":44,"key":"SMITH"},{"data":"Burning Pact","floor":49,"key":"SMITH"}],"neow_cost":"NO_GOLD","seed_source_timestamp":20455848354032,"circlet_count":0,"master_deck":["Defend_R","Bash","Thunderclap","Inflame+1","True Grit+1","Feel No Pain+1","Anger","Reckless Charge","Disarm+1","Metallicize+1","Bash","Burning Pact+1","Sword Boomerang+1","Demon Form+1","Evolve+1","Shrug It Off","Power Through","Pommel Strike","Ghostly","Ghostly","Ghostly","Ghostly","Ghostly","Rampage+1","Anger+1","Shrug It Off+1","Warcry+1","Pommel Strike+1","Headbutt"],"relics":["Burning Blood","Tiny Chest","Membership Card","Mark of Pain","Regal Pillow","Bag of Preparation","Pear","Darkstone Periapt","Strawberry","Astrolabe","Vajra","Strange Spoon","Bag of Marbles","Potion Belt","PreservedInsect","Red Mask"],"potions_floor_usage":[10,16,20,25,31,33,38,50],"damage_taken":[{"damage":1,"enemies":"Jaw Worm","floor":1,"turns":4},{"damage":1,"enemies":"Cultist","floor":2,"turns":4},{"damage":2,"enemies":"Small Slimes","floor":4,"turns":3},{"damage":5,"enemies":"Looter","floor":5,"turns":5},{"damage":8,"enemies":"Lots of Slimes","floor":7,"turns":5},{"damage":10,"enemies":"3 Sentries","floor":10,"turns":8},{"damage":0,"enemies":"2 Fungi Beasts","floor":14,"turns":4},{"damage":12,"enemies":"Hexaghost","floor":16,"turns":6},{"damage":11,"enemies":"3 Byrds","floor":18,"turns":5},{"damage":18,"enemies":"2 Thieves","floor":20,"turns":4},{"damage":11,"enemies":"Centurion and Healer","floor":21,"turns":6},{"damage":3,"enemies":"Snecko","floor":24,"turns":5},{"damage":10,"enemies":"Book of Stabbing","floor":25,"turns":6},{"damage":0,"enemies":"Gremlin Leader","floor":29,"turns":6},{"damage":3,"enemies":"Slavers","floor":31,"turns":6},{"damage":24,"enemies":"Collector","floor":33,"turns":9},{"damage":0,"enemies":"3 Shapes","floor":35,"turns":5},{"damage":7,"enemies":"Orb Walker","floor":36,"turns":5},{"damage":0,"enemies":"Transient","floor":37,"turns":5},{"damage":0,"enemies":"Jaw Worm Horde","floor":39,"turns":5},{"damage":0,"enemies":"Nemesis","floor":40,"turns":9},{"damage":0,"enemies":"Sphere and 2 Shapes","floor":41,"turns":8},{"damage":5,"enemies":"Reptomancer","floor":42,"turns":7},{"damage":0,"enemies":"Writhing Mass","floor":45,"turns":7},{"damage":0,"enemies":"Maw","floor":48,"turns":7},{"damage":17,"enemies":"Time Eater","floor":50,"turns":9}],"seed_played":"-3852922840813123067","potions_obtained":[{"floor":2,"key":"Poison Potion"},{"floor":4,"key":"PowerPotion"},{"floor":5,"key":"SpeedPotion"},{"floor":10,"key":"Explosive Potion"},{"floor":20,"key":"SkillPotion"},{"floor":24,"key":"Energy Potion"},{"floor":25,"key":"Explosive Potion"},{"floor":29,"key":"Swift Potion"},{"floor":36,"key":"SpeedPotion"},{"floor":37,"key":"Poison Potion"},{"floor":40,"key":"SteroidPotion"},{"floor":48,"key":"PowerPotion"}],"is_trial":false,"path_per_floor":["M","M","?","M","M","R","M","R","T","E","$","?","R","M","R","B",null,"M","$","M","M","T","R","M","E","T","?","R","E","?","E","R","B",null,"M","M","M","$","M","E","M","E","T","R","M","?","?","M","R","B",null],"character_chosen":"IRONCLAD","items_purchased":["Membership Card","Disarm","Metallicize","Evolve","Shrug It Off","Fruit Juice","Swift Potion","Vajra","Strange Spoon"],"campfire_rested":0,"item_purchase_floors":[11,11,11,19,19,38,38,38,38],"current_hp_per_floor":[80,80,80,80,80,80,78,78,78,74,74,74,74,80,80,74,80,75,75,63,58,58,58,61,57,67,45,45,45,45,52,52,34,52,52,51,52,57,57,57,57,57,57,57,57,57,57,57,57,46],"gold":18,"neow_bonus":"REMOVE_TWO","is_prod":false,"is_daily":false,"chose_seed":false,"campfire_upgraded":9,"win_rate":0,"timestamp":1552243381,"path_taken":["M","M","?","?","M","R","M","R","T","E","$","?","R","M","R","BOSS","M","$","M","M","?","R","M","E","T","?","R","E","?","E","R","BOSS","M","M","M","$","?","E","M","E","T","R","M","?","?","M","R","BOSS"],"build_version":"2019-02-06","purchased_purges":2,"victory":true,"max_hp_per_floor":[80,80,80,80,80,80,80,80,80,80,80,80,80,80,80,80,80,80,80,80,80,80,80,80,80,90,45,45,45,45,52,52,52,52,52,52,52,57,57,57,57,57,57,57,57,57,57,57,57,57],"card_choices":[{"not_picked":["Warcry","True Grit"],"picked":"Thunderclap","floor":1},{"not_picked":["Cleave","Spot Weakness"],"picked":"Inflame","floor":2},{"not_picked":["Thunderclap","Infernal Blade"],"picked":"True Grit","floor":4},{"not_picked":["Clothesline","True Grit"],"picked":"Feel No Pain","floor":5},{"not_picked":["Bludgeon","Fire Breathing"],"picked":"Anger","floor":7},{"not_picked":["Body Slam","Combust"],"picked":"Reckless Charge","floor":10},{"not_picked":["Iron Wave","Havoc"],"picked":"Sword Boomerang","floor":14},{"not_picked":["Fiend Fire","Double Tap"],"picked":"Demon Form","floor":16},{"not_picked":["Wild Strike","Thunderclap"],"picked":"Iron Wave+1","floor":18},{"not_picked":["Headbutt","Wild Strike+1"],"picked":"Power Through","floor":20},{"not_picked":["Rupture","Wild Strike"],"picked":"Pommel Strike","floor":21},{"not_picked":["Sever Soul","Flex","Twin Strike"],"picked":"SKIP","floor":24},{"not_picked":["Carnage+1","Thunderclap","Clash+1"],"picked":"SKIP","floor":25},{"not_picked":["Hemokinesis","Combust","Sentinel"],"picked":"SKIP","floor":29},{"not_picked":["Sentinel+1","Armaments+1","Clash+1"],"picked":"SKIP","floor":31},{"not_picked":["Clash","Inflame+1","Corruption"],"picked":"SKIP","floor":35},{"not_picked":["Clash+1","Anger","Ghostly Armor+1"],"picked":"SKIP","floor":36},{"not_picked":["Thunderclap+1","Clash+1","Perfected Strike"],"picked":"SKIP","floor":37},{"not_picked":["Wild Strike","Headbutt"],"picked":"Warcry+1","floor":39},{"not_picked":["True Grit","Immolate","Sentinel"],"picked":"SKIP","floor":40},{"not_picked":["Sever Soul","Havoc","Sword Boomerang"],"picked":"SKIP","floor":41},{"not_picked":["Wild Strike","Sentinel+1","Clothesline+1"],"picked":"SKIP","floor":42},{"not_picked":["Cleave","Fire Breathing"],"picked":"Pommel Strike+1","floor":45},{"not_picked":["Searing Blow+1","Spot Weakness+1"],"picked":"Headbutt","floor":48}],"player_experience":1074881,"relics_obtained":[{"floor":9,"key":"Tiny Chest"},{"floor":22,"key":"Regal Pillow"},{"floor":25,"key":"Bag of Preparation"},{"floor":26,"key":"Pear"},{"floor":29,"key":"Darkstone Periapt"},{"floor":31,"key":"Strawberry"},{"floor":40,"key":"Bag of Marbles"},{"floor":42,"key":"Potion Belt"},{"floor":43,"key":"PreservedInsect"}],"event_choices":[{"damage_healed":0,"gold_gain":100,"player_choice":"Pray","damage_taken":0,"max_hp_gain":0,"max_hp_loss":0,"event_name":"Golden Shrine","floor":3,"gold_loss":0},{"damage_healed":0,"gold_gain":0,"player_choice":"2 cards matched","damage_taken":0,"max_hp_gain":0,"max_hp_loss":0,"event_name":"Match and Keep!","floor":12,"gold_loss":0,"cards_obtained":["Bash","Burning Pact"]},{"damage_healed":0,"gold_gain":0,"player_choice":"Became a Ghost","damage_taken":0,"max_hp_gain":0,"max_hp_loss":45,"event_name":"Ghosts","floor":27,"gold_loss":0,"cards_obtained":["Ghostly","Ghostly","Ghostly","Ghostly","Ghostly"]},{"cards_removed":["Defend_R"],"damage_healed":0,"gold_gain":0,"player_choice":"Purged","damage_taken":0,"max_hp_gain":0,"max_hp_loss":0,"event_name":"Purifier","floor":30,"gold_loss":0},{"cards_removed":["Iron Wave"],"damage_healed":0,"gold_gain":0,"player_choice":"Removed Attack","damage_taken":0,"max_hp_gain":0,"max_hp_loss":0,"event_name":"Falling","floor":46,"gold_loss":0},{"damage_healed":0,"gold_gain":0,"player_choice":"Paid","damage_taken":0,"relics_obtained":["Red Mask"],"max_hp_gain":0,"max_hp_loss":0,"event_name":"Tomb of Lord Red Mask","floor":47,"gold_loss":158}],"is_beta":true,"boss_relics":[{"not_picked":["Eternal Feather","Runic Cube"],"picked":"Mark of Pain"},{"not_picked":["Fusion Hammer","Busted Crown"],"picked":"Astrolabe"}],"items_purged_floors":[19,38],"is_endless":false,"potions_floor_spawned":[2,4,5,10,20,24,25,29,36,37,40,41,48],"ascension_level":0}