{"gold_per_floor":[110,110,120,136,136,166,166,166,166,191,209,209,222,236,236,335,335,350,362,373,391,391],"floor_reached":22,"playtime":963,"items_purged":[],"score":200,"play_id":"e39f08a2-082f-4cab-952c-7a2cdcfdc26d","local_time":"20190329232302","is_ascension_mode":false,"campfire_choices":[{"data":"Die Die Die","floor":8,"key":"SMITH"},{"data":"Noxious Fumes","floor":12,"key":"SMITH"},{"data":"Backstab","floor":15,"key":"SMITH"}],"neow_cost":"NONE","seed_source_timestamp":567234136315500,"circlet_count":0,"master_deck":["Defend_G","Defend_G","Defend_G","Defend_G","Defend_G","Strike_G","Strike_G","Strike_G","Strike_G","Strike_G","Survivor","Neutralize","Deflect","Deadly Poison","Neutralize","Deep Breath","Injury","Die Die Die+1","Noxious Fumes+1","Backstab+1","Bane","Dagger Spray","Underhanded Strike","Blade Dance","Adrenaline","Blade Dance","PiercingWail","Slice","Crippling Poison"],"relics":["Ring of the Snake","Meat on the Bone","GremlinMask","Darkstone Periapt","Mango","Sozu"],"potions_floor_usage":[],"damage_taken":[{"damage":4,"enemies":"Jaw Worm","floor":1,"turns":5},{"damage":0,"enemies":"Cultist","floor":3,"turns":3},{"damage":0,"enemies":"2 Louse","floor":4,"turns":2},{"damage":15,"enemies":"3 Sentries","floor":6,"turns":8},{"damage":27,"enemies":"Gremlin Nob","floor":10,"turns":5},{"damage":0,"enemies":"2 Fungi Beasts","floor":11,"turns":2},{"damage":4,"enemies":"Red Slaver","floor":13,"turns":3},{"damage":0,"enemies":"Gremlin Gang","floor":14,"turns":2},{"damage":40,"enemies":"Slime Boss","floor":16,"turns":12},{"damage":21,"enemies":"2 Thieves","floor":18,"turns":4},{"damage":7,"enemies":"Chosen","floor":19,"turns":4},{"damage":9,"enemies":"Snake Plant","floor":20,"turns":5},{"damage":21,"enemies":"Snecko","floor":21,"turns":5},{"damage":39,"enemies":"Shelled Parasite and Fungi","floor":22,"turns":4}],"seed_played":"-7291655940919024279","potions_obtained":[{"floor":6,"key":"Swift Potion"},{"floor":11,"key":"Explosive Potion"},{"floor":13,"key":"Strength Potion"}],"is_trial":false,"path_per_floor":["M","?","M","M","?","E","?","R","T","E","M","R","M","M","R","B",null,"M","M","M","M","M"],"character_chosen":"THE_SILENT","items_purchased":[],"campfire_rested":0,"item_purchase_floors":[],"current_hp_per_floor":[66,66,66,66,66,51,51,51,51,50,50,50,46,46,46,18,84,63,56,47,38,0],"gold":391,"neow_bonus":"THREE_CARDS","is_prod":false,"is_daily":false,"chose_seed":false,"campfire_upgraded":3,"win_rate":0,"timestamp":1553916182,"path_taken":["M","?","?","M","?","E","?","R","T","E","?","R","M","M","R","BOSS","M","M","M","M","?"],"build_version":"2019-01-23","purchased_purges":0,"victory":false,"max_hp_per_floor":[70,70,70,70,70,70,70,70,70,84,84,84,84,84,84,84,84,84,84,84,84,84],"card_choices":[{"not_picked":["Skewer","Sucker Punch"],"picked":"Deflect","floor":0},{"not_picked":["Dodge and Roll","Acrobatics"],"picked":"Deadly Poison","floor":1},{"not_picked":["Outmaneuver","Dagger Throw"],"picked":"Die Die Die","floor":3},{"not_picked":["Underhanded Strike","Acrobatics"],"picked":"Noxious Fumes","floor":4},{"not_picked":["Catalyst","Deadly Poison"],"picked":"Backstab","floor":6},{"not_picked":["Outmaneuver","Crippling Poison"],"picked":"Bane","floor":10},{"not_picked":["Masterful Stab","Skewer"],"picked":"Dagger Spray","floor":11},{"not_picked":["Footwork","Dash"],"picked":"Underhanded Strike","floor":13},{"not_picked":["Dagger Spray","PiercingWail"],"picked":"Blade Dance","floor":14},{"not_picked":["Die Die Die","A Thousand Cuts"],"picked":"Adrenaline","floor":16},{"not_picked":["Bane","Dagger Throw"],"picked":"Blade Dance","floor":18},{"not_picked":["Reflex","Dagger Throw"],"picked":"PiercingWail","floor":19},{"not_picked":["Infinite Blades","Reflex"],"picked":"Slice","floor":20},{"not_picked":["Catalyst","Prepared"],"picked":"Crippling Poison","floor":21}],"player_experience":42599,"relics_obtained":[{"floor":6,"key":"Meat on the Bone"},{"floor":9,"key":"Darkstone Periapt"},{"floor":10,"key":"Mango"}],"event_choices":[{"damage_healed":0,"gold_gain":0,"player_choice":"3 cards matched","damage_taken":0,"max_hp_gain":0,"max_hp_loss":0,"event_name":"Match and Keep!","floor":2,"gold_loss":0,"cards_obtained":["Neutralize","Deep Breath","Injury"]},{"damage_healed":0,"gold_gain":0,"player_choice":"Ignored","damage_taken":0,"max_hp_gain":0,"max_hp_loss":0,"event_name":"Liars Game","floor":5,"gold_loss":0},{"damage_healed":0,"gold_gain":0,"player_choice":"Trade","damage_taken":0,"relics_obtained":["GremlinMask"],"max_hp_gain":0,"max_hp_loss":0,"event_name":"FaceTrader","floor":7,"gold_loss":0}],"is_beta":false,"boss_relics":[{"not_picked":["Ectoplasm","Ring of the Serpent"],"picked":"Sozu"}],"items_purged_floors":[],"is_endless":false,"potions_floor_spawned":[6,11,13,18,21],"killed_by":"Shelled Parasite and Fungi","ascension_level":0}