{"gold_per_floor":[112,112,62,62,137,137,166,166,191,217,231,245,274,292,292,392,392,410,427,427,438,388,388,398,398,398,398,398,418,428,228,228,330,330,343,354,154,1153,1166,1166,1166,1166,1166,1199,1199,1233,1233,479,479,479,479,479,82,117,117],"floor_reached":56,"playtime":5607,"items_purged":["Pain","Strike_G","Strike_G","Strike_G","Defend_G"],"score":1474,"play_id":"98894f8e-a27e-4ed3-92c6-2582fb66dad0","local_time":"20190420155504","is_ascension_mode":true,"campfire_choices":[{"data":"Neutralize","floor":6.0,"key":"SMITH"},{"floor":8.0,"key":"REST"},{"data":"Terror","floor":15.0,"key":"SMITH"},{"data":"A Thousand Cuts","floor":23.0,"key":"SMITH"},{"floor":25.0,"key":"REST"},{"floor":27.0,"key":"RECALL"},{"floor":32.0,"key":"REST"},{"data":"Glass Knife","floor":40.0,"key":"SMITH"},{"floor":42.0,"key":"REST"},{"data":"Cloak And Dagger","floor":45.0,"key":"SMITH"},{"data":"Dodge and Roll","floor":47.0,"key":"SMITH"},{"data":"Infinite Blades","floor":49.0,"key":"SMITH"},{"data":"Footwork","floor":52.0,"key":"SMITH"}],"neow_cost":"NONE","seed_source_timestamp":753415663067390,"circlet_count":0,"master_deck":["Defend_G","Defend_G","Defend_G","Defend_G","Strike_G+1","Survivor","Neutralize+1","Cloak And Dagger+1","Infinite Blades+1","Dagger Throw+1","Deflect","Terror+1","A Thousand Cuts+1","Backflip","Cloak And Dagger+1","Prepared+1","Deflect+1","Dodge and Roll+1","Glass Knife+1","Cloak And Dagger+1","Footwork+1"],"special_seed":0,"relics":["Ring of the Serpent","NeowsBlessing","Kunai","Smiling Mask","PreservedInsect","Strawberry","Nunchaku","Vajra","Busted Crown","Omamori","Mercury Hourglass","Pen Nib","Bag of Marbles","Turnip","Ice Cream","Thread and Needle","Whetstone"],"potions_floor_usage":[55,55,55],"damage_taken":[{"damage":0.0,"enemies":"2 Louse","floor":1.0,"turns":1.0},{"damage":0.0,"enemies":"Lagavulin","floor":7.0,"turns":1.0},{"damage":0.0,"enemies":"3 Sentries","floor":10.0,"turns":1.0},{"damage":0.0,"enemies":"Small Slimes","floor":11.0,"turns":2.0},{"damage":0.0,"enemies":"Jaw Worm","floor":12.0,"turns":3.0},{"damage":4.0,"enemies":"Lagavulin","floor":13.0,"turns":7.0},{"damage":7.0,"enemies":"Exordium Thugs","floor":14.0,"turns":6.0},{"damage":32.0,"enemies":"Slime Boss","floor":16.0,"turns":19.0},{"damage":0.0,"enemies":"Chosen","floor":18.0,"turns":5.0},{"damage":15.0,"enemies":"Spheric Guardian","floor":19.0,"turns":6.0},{"damage":16.0,"enemies":"Chosen and Byrds","floor":21.0,"turns":6.0},{"damage":13.0,"enemies":"Shelled Parasite and Fungi","floor":24.0,"turns":4.0},{"damage":1.0,"enemies":"Cultist and Chosen","floor":29.0,"turns":5.0},{"damage":5.0,"enemies":"Snake Plant","floor":30.0,"turns":5.0},{"damage":0.0,"enemies":"Collector","floor":33.0,"turns":9.0},{"damage":11.0,"enemies":"3 Shapes","floor":35.0,"turns":4.0},{"damage":6.0,"enemies":"Orb Walker","floor":36.0,"turns":4.0},{"damage":10.0,"enemies":"3 Darklings","floor":39.0,"turns":4.0},{"damage":4.0,"enemies":"Nemesis","floor":44.0,"turns":5.0},{"damage":0.0,"enemies":"Giant Head","floor":46.0,"turns":5.0},{"damage":12.0,"enemies":"Awakened One","floor":50.0,"turns":14.0},{"damage":39.0,"enemies":"Shield and Spear","floor":54.0,"turns":8.0},{"damage":9,"enemies":"The Heart","floor":55,"turns":10}],"seed_played":"-4599439244860812356","potions_obtained":[{"floor":7.0,"key":"Weak Potion"},{"floor":12.0,"key":"SpeedPotion"},{"floor":13.0,"key":"Fruit Juice"},{"floor":19.0,"key":"Strength Potion"},{"floor":21.0,"key":"Swift Potion"},{"floor":24.0,"key":"SpeedPotion"},{"floor":30.0,"key":"Dexterity Potion"},{"floor":35.0,"key":"GhostInAJar"},{"floor":46.0,"key":"Regen Potion"}],"is_trial":false,"path_per_floor":["M","?","?","?","?","R","E","R","T","E","M","M","E","M","R","B",null,"M","M","?","M","$","R","M","R","T","R","?","M","M","$","R","B",null,"M","M","$","?","M","R","?","R","T","E","R","E","R","$","R","B",null,"R","$","E","B",null],"character_chosen":"THE_SILENT","items_purchased":["Vajra","Omamori","Footwork","Turnip","Ice Cream","PowerPotion","Thread and Needle","PowerPotion"],"campfire_rested":4,"item_purchase_floors":[31,37,48,48,48,48,53,53],"current_hp_per_floor":[70,56,56,53,42,42,42,63,63,70,70,70,66,64,64,32,82,82,67,67,51,51,51,38,62,62,62,46,45,40,40,66,66,87,76,70,70,70,60,60,60,86,86,82,82,82,82,82,82,85,87,87,87,48,39],"gold":117,"neow_bonus":"THREE_ENEMY_KILL","is_prod":false,"is_daily":false,"chose_seed":false,"campfire_upgraded":8,"win_rate":0,"timestamp":1555793704,"path_taken":["M","?","?","?","?","R","E","R","T","E","M","?","E","M","R","BOSS","M","M","?","?","$","R","M","R","T","R","?","M","M","$","R","BOSS","M","M","$","?","M","R","?","R","T","E","R","E","R","$","R","BOSS","R","$","E","BOSS"],"build_version":"2019-01-23","purchased_purges":5,"victory":true,"max_hp_per_floor":[70,70,70,70,70,70,70,70,70,77,77,77,77,82,82,82,82,82,82,82,82,82,82,82,82,82,82,87,87,87,87,87,87,87,87,87,87,87,87,87,87,87,87,87,87,87,87,87,87,87,87,87,87,87,87],"card_choices":[{"not_picked":["Eviscerate","Backflip"],"picked":"Cloak And Dagger","floor":1.0},{"not_picked":["Backstab","Slice"],"picked":"Infinite Blades","floor":7.0},{"not_picked":["Deadly Poison","Corpse Explosion"],"picked":"Dagger Throw","floor":10.0},{"not_picked":["Crippling Poison","Dagger Spray"],"picked":"Deflect","floor":11.0},{"not_picked":["Footwork","Outmaneuver","Flying Knee"],"picked":"SKIP","floor":12.0},{"not_picked":["Expertise","Eviscerate"],"picked":"Terror","floor":13.0},{"not_picked":["Expertise","Poisoned Stab","Backflip"],"picked":"SKIP","floor":14.0},{"not_picked":["After Image","Glass Knife"],"picked":"A Thousand Cuts","floor":16.0},{"not_picked":["Quick Slash","PiercingWail"],"picked":"Backflip","floor":18.0},{"not_picked":["Dagger Throw+1","Deadly Poison"],"picked":"Cloak And Dagger","floor":19.0},{"not_picked":["Eviscerate+1","Bouncing Flask"],"picked":"Prepared+1","floor":21.0},{"not_picked":["PiercingWail+1","Prepared"],"picked":"Deflect+1","floor":24.0},{"not_picked":["Sucker Punch","Storm of Steel","Slice+1"],"picked":"SKIP","floor":29.0},{"not_picked":["Masterful Stab","Slice"],"picked":"Dodge and Roll","floor":30.0},{"not_picked":["After Image","Corpse Explosion"],"picked":"Glass Knife","floor":33.0},{"not_picked":["Deadly Poison"],"picked":"SKIP","floor":35.0},{"not_picked":["Flying Knee"],"picked":"SKIP","floor":36.0},{"not_picked":["Sucker Punch+1"],"picked":"SKIP","floor":39.0},{"not_picked":["PiercingWail"],"picked":"SKIP","floor":44.0},{"not_picked":["Bane"],"picked":"SKIP","floor":46.0},{"not_picked":["All Out Attack"],"picked":"SKIP","floor":54.0}],"player_experience":399196,"relics_obtained":[{"floor":7.0,"key":"Smiling Mask"},{"floor":9.0,"key":"PreservedInsect"},{"floor":10.0,"key":"Strawberry"},{"floor":13.0,"key":"Nunchaku"},{"floor":43.0,"key":"Mercury Hourglass"},{"floor":44.0,"key":"Pen Nib"},{"floor":46.0,"key":"Bag of Marbles"},{"floor":54.0,"key":"Whetstone"}],"event_choices":[{"damage_healed":0.0,"max_hp_gain":0.0,"max_hp_loss":0.0,"gold_gain":0.0,"event_name":"Shining Light","player_choice":"Entered Light","floor":2.0,"gold_loss":0.0,"damage_taken":14.0,"cards_upgraded":["Strike_G","Cloak And Dagger"]},{"cards_removed":["Strike_G"],"damage_healed":0.0,"max_hp_gain":0.0,"max_hp_loss":0.0,"gold_gain":0.0,"event_name":"The Cleric","player_choice":"Card Removal","floor":3.0,"gold_loss":50.0,"damage_taken":0.0},{"damage_healed":0.0,"max_hp_gain":0.0,"max_hp_loss":0.0,"gold_gain":0.0,"event_name":"Scrap Ooze","player_choice":"Success","floor":4.0,"gold_loss":0.0,"damage_taken":3.0,"relics_obtained":["Kunai"]},{"damage_healed":0.0,"max_hp_gain":0.0,"max_hp_loss":0.0,"gold_gain":75.0,"event_name":"World of Goop","player_choice":"Gather Gold","floor":5.0,"gold_loss":0.0,"damage_taken":11.0},{"damage_healed":0.0,"max_hp_gain":0.0,"max_hp_loss":0.0,"gold_gain":0.0,"event_name":"Match and Keep!","player_choice":"1 cards matched","floor":20.0,"gold_loss":0.0,"damage_taken":0.0,"cards_obtained":["Pain"]},{"damage_healed":0.0,"max_hp_gain":5.0,"max_hp_loss":0.0,"gold_gain":0.0,"event_name":"Forgotten Altar","player_choice":"Shed Blood","floor":28.0,"gold_loss":0.0,"damage_taken":21.0},{"damage_healed":0.0,"max_hp_gain":0.0,"max_hp_loss":0.0,"gold_gain":999.0,"event_name":"MindBloom","player_choice":"Gold","floor":38.0,"gold_loss":0.0,"damage_taken":0.0,"cards_obtained":["Normality","Normality"]},{"damage_healed":0.0,"max_hp_gain":0.0,"max_hp_loss":0.0,"gold_gain":0.0,"event_name":"Duplicator","player_choice":"Copied","floor":41.0,"gold_loss":0.0,"damage_taken":0.0,"cards_obtained":["Cloak And Dagger"]}],"is_beta":false,"boss_relics":[{"not_picked":["Astrolabe","Black Star"],"picked":"Ring of the Serpent"},{"not_picked":["Lizard Tail","Calling Bell"],"picked":"Busted Crown"}],"items_purged_floors":[22,31,37,48,53],"is_endless":false,"potions_floor_spawned":[7,12,13,19,21,24,30,35,46,54],"ascension_level":3}