{"gold_per_floor":[110,110,110,185,203,203,219,236,259,276,296,316,316,33,33,135,135,147,157,157,173,173,207,222,236,261,261,261,7,7,17,17,112,162,181,191,236,252,252,287,387,401,424,424,424,2,22,34,34,34],"floor_reached":51,"playtime":2453,"items_purged":["Strike_B","Strike_B","Strike_B"],"score":768,"play_id":"6e94930f-4b36-40ce-9383-e705a615bf03","local_time":"20190508113338","is_ascension_mode":false,"campfire_choices":[{"data":"Loop","floor":6.0,"key":"SMITH"},{"data":"Rainbow","floor":13.0,"key":"SMITH"},{"data":"Consume","floor":15.0,"key":"SMITH"},{"data":"Rainbow","floor":27.0,"key":"SMITH"},{"data":"Loop","floor":30.0,"key":"SMITH"},{"data":"Dualcast","floor":32.0,"key":"SMITH"},{"floor":49.0,"key":"REST"}],"neow_cost":"NONE","seed_source_timestamp":5575427718936,"circlet_count":0,"master_deck":["Defend_B","Defend_B","Defend_B","Zap+1","Dualcast+1","Loop+1","Loop+1","Conserve Battery","Rainbow+1","Consume+1","Ball Lightning","Cold Snap","Rainbow+1","Auto Shields+1","Steam Power+1","Reprogram","Ball Lightning+1","Doom and Gloom","Ball Lightning","Buffer+1","Compile Driver","Thunder Strike","Storm+1","Ball Lightning","Defragment+1","Consume","Coolheaded+1","Reinforced Body+1","Chaos+1","Discovery","Master of Strategy","Bandage Up","Heatsinks+1","Leap","Go for the Eyes","Beam Cell","Tempest+1","Ball Lightning+1","Storm+1"],"special_seed":0,"relics":["Cracked Core","Juzu Bracelet","Dream Catcher","Runic Capacitor","Nuclear Battery","Orichalcum","Frozen Egg 2","Smiling Mask","Membership Card","Tiny House","Calipers","Cables","Turnip","Lantern","Kunai","Incense Burner","Art of War"],"potions_floor_usage":[50,50],"damage_taken":[{"damage":0.0,"enemies":"Jaw Worm","floor":1.0,"turns":4.0},{"damage":0.0,"enemies":"Small Slimes","floor":5.0,"turns":3.0},{"damage":0.0,"enemies":"Cultist","floor":7.0,"turns":3.0},{"damage":0.0,"enemies":"Large Slime","floor":8.0,"turns":4.0},{"damage":5.0,"enemies":"Blue Slaver","floor":10.0,"turns":4.0},{"damage":7.0,"enemies":"Lots of Slimes","floor":11.0,"turns":4.0},{"damage":18.0,"enemies":"Exordium Thugs","floor":12.0,"turns":3.0},{"damage":4.0,"enemies":"The Guardian","floor":16.0,"turns":7.0},{"damage":2.0,"enemies":"Shell Parasite","floor":18.0,"turns":4.0},{"damage":0.0,"enemies":"Chosen","floor":19.0,"turns":4.0},{"damage":11.0,"enemies":"Shelled Parasite and Fungi","floor":21.0,"turns":5.0},{"damage":2.0,"enemies":"Gremlin Leader","floor":23.0,"turns":9.0},{"damage":0.0,"enemies":"Snake Plant","floor":24.0,"turns":3.0},{"damage":0.0,"enemies":"Cultist and Chosen","floor":25.0,"turns":4.0},{"damage":0.0,"enemies":"3 Cultists","floor":31.0,"turns":4.0},{"damage":1.0,"enemies":"Automaton","floor":33.0,"turns":9.0},{"damage":6.0,"enemies":"3 Shapes","floor":35.0,"turns":4.0},{"damage":2.0,"enemies":"Orb Walker","floor":36.0,"turns":3.0},{"damage":10.0,"enemies":"2 Orb Walkers","floor":37.0,"turns":4.0},{"damage":3.0,"enemies":"Writhing Mass","floor":38.0,"turns":5.0},{"damage":3.0,"enemies":"Giant Head","floor":40.0,"turns":6.0},{"damage":0.0,"enemies":"Mind Bloom Boss Battle","floor":41.0,"turns":6.0},{"damage":7.0,"enemies":"3 Darklings","floor":42.0,"turns":5.0},{"damage":22.0,"enemies":"Jaw Worm Horde","floor":47.0,"turns":4.0},{"damage":0.0,"enemies":"Transient","floor":48.0,"turns":5.0},{"damage":33,"enemies":"Awakened One","floor":50,"turns":10}],"seed_played":"6880804092292300436","potions_obtained":[{"floor":5.0,"key":"Poison Potion"},{"floor":7.0,"key":"Fire Potion"},{"floor":11.0,"key":"Fruit Juice"},{"floor":12.0,"key":"Fire Potion"},{"floor":16.0,"key":"SpeedPotion"},{"floor":18.0,"key":"Weak Potion"},{"floor":21.0,"key":"LiquidBronze"},{"floor":25.0,"key":"PowerPotion"},{"floor":34.0,"key":"SneckoOil"},{"floor":35.0,"key":"EssenceOfSteel"},{"floor":37.0,"key":"Poison Potion"},{"floor":38.0,"key":"AttackPotion"}],"is_trial":false,"path_per_floor":["M","?","?","?","M","R","M","M","T","M","M","M","R","$","R","B",null,"M","M","?","M","?","E","M","M","T","R","?","$","R","M","R","B",null,"M","M","?","M","?","E","?","M","T","T","?","$","M","M","R","B",null],"character_chosen":"DEFECT","items_purchased":["Runic Capacitor","Membership Card","Incense Burner","PowerPotion","Strength Potion","Heatsinks+1","Art of War","Leap","Go for the Eyes","Beam Cell"],"campfire_rested":1,"item_purchase_floors":[14,29,46,46,46,46,46,46,46,46],"current_hp_per_floor":[75,75,75,64,64,64,64,64,64,59,57,39,39,39,39,35,80,78,78,78,67,67,65,65,65,65,65,65,65,65,65,65,64,85,79,77,67,64,64,61,61,54,54,54,44,44,26,30,55,26],"gold":34,"neow_bonus":"RANDOM_COMMON_RELIC","is_prod":false,"is_daily":false,"chose_seed":false,"campfire_upgraded":6,"win_rate":0,"timestamp":1557336818,"path_taken":["M","?","?","?","M","R","M","M","T","M","M","M","R","$","R","BOSS","M","M","?","M","?","E","M","M","T","R","?","?","R","M","R","BOSS","M","M","?","M","?","E","?","M","T","?","?","$","M","M","R","BOSS"],"build_version":"2019-01-23","purchased_purges":3,"victory":true,"max_hp_per_floor":[75,75,75,75,75,75,75,75,75,75,80,80,80,80,80,80,80,80,80,80,80,80,80,80,80,80,80,80,80,80,80,80,80,85,85,85,85,85,85,85,85,85,85,85,85,85,85,85,85,85],"card_choices":[{"not_picked":["Barrage","Leap"],"picked":"Loop","floor":1.0},{"not_picked":["Hologram","Blizzard"],"picked":"Loop","floor":5.0},{"not_picked":["Stack","Rebound"],"picked":"Conserve Battery","floor":7.0},{"not_picked":["Hologram","Turbo"],"picked":"Rainbow","floor":8.0},{"not_picked":["Stack","Coolheaded"],"picked":"Consume","floor":10.0},{"not_picked":["Skim","Hologram"],"picked":"Ball Lightning","floor":11.0},{"not_picked":["Turbo","Skim"],"picked":"Cold Snap","floor":12.0},{"not_picked":["Buffer","Multi-Cast"],"picked":"Rainbow","floor":16.0},{"not_picked":["Gash","Compile Driver"],"picked":"Auto Shields+1","floor":18.0},{"not_picked":["Gash","Auto Shields"],"picked":"Steam Power+1","floor":19.0},{"not_picked":["Leap+1","Turbo"],"picked":"Ball Lightning","floor":21.0},{"not_picked":["Gash","Chill+1"],"picked":"Doom and Gloom","floor":23.0},{"not_picked":["Reprogram","Coolheaded"],"picked":"Ball Lightning","floor":24.0},{"not_picked":["Redo","Undo"],"picked":"Buffer+1","floor":25.0},{"not_picked":["Leap","Doom and Gloom"],"picked":"Compile Driver","floor":31.0},{"not_picked":["All For One","Seek"],"picked":"Thunder Strike","floor":33.0},{"not_picked":["Turbo","Redo+1"],"picked":"Storm+1","floor":34.0},{"not_picked":["Sunder+1","Aggregate"],"picked":"Ball Lightning","floor":35.0},{"not_picked":["Streamline+1","Rip and Tear+1"],"picked":"Defragment+1","floor":36.0},{"not_picked":["Sweeping Beam+1","Static Discharge+1"],"picked":"Consume","floor":37.0},{"not_picked":["Go for the Eyes","BootSequence"],"picked":"Coolheaded+1","floor":38.0},{"not_picked":["Coolheaded+1","Barrage+1"],"picked":"Reinforced Body+1","floor":40.0},{"not_picked":["Go for the Eyes","Core Surge"],"picked":"Chaos+1","floor":42.0},{"not_picked":["Trip","Swift Strike"],"picked":"Discovery","floor":45.0},{"not_picked":["Dark Shackles","Finesse"],"picked":"Master of Strategy","floor":45.0},{"not_picked":["Secret Technique","Mind Blast"],"picked":"Bandage Up","floor":45.0},{"not_picked":["Coolheaded+1","Stack"],"picked":"Tempest+1","floor":47.0},{"not_picked":["Sweeping Beam+1","Sunder"],"picked":"Ball Lightning+1","floor":48.0},{"not_picked":["Ball Lightning","Stack"],"picked":"Storm+1","floor":49.0}],"player_experience":1387355,"relics_obtained":[{"floor":9.0,"key":"Dream Catcher"},{"floor":23.0,"key":"Frozen Egg 2"},{"floor":26.0,"key":"Smiling Mask"},{"floor":37.0,"key":"Calipers"},{"floor":40.0,"key":"Cables"},{"floor":41.0,"key":"Turnip"},{"floor":43.0,"key":"Lantern"},{"floor":44.0,"key":"Kunai"}],"event_choices":[{"damage_healed":0.0,"max_hp_gain":0.0,"max_hp_loss":0.0,"gold_gain":0.0,"event_name":"Living Wall","player_choice":"Grow","floor":2.0,"gold_loss":0.0,"damage_taken":0.0,"cards_upgraded":["Zap"]},{"damage_healed":0.0,"max_hp_gain":0.0,"max_hp_loss":0.0,"gold_gain":0.0,"event_name":"The Woman in Blue","player_choice":"Bought 0 Potions","floor":3.0,"gold_loss":0.0,"damage_taken":0.0},{"damage_healed":0.0,"max_hp_gain":0.0,"max_hp_loss":0.0,"gold_gain":75.0,"event_name":"World of Goop","player_choice":"Gather Gold","floor":4.0,"gold_loss":0.0,"damage_taken":11.0},{"damage_healed":0.0,"max_hp_gain":0.0,"max_hp_loss":0.0,"gold_gain":0.0,"cards_transformed":["Strike_B","Defend_B"],"event_name":"Drug Dealer","player_choice":"Became Test Subject","floor":20.0,"gold_loss":0.0,"damage_taken":0.0,"cards_obtained":["Reprogram","Scrape"]},{"damage_healed":0.0,"max_hp_gain":0.0,"max_hp_loss":0.0,"gold_gain":0.0,"event_name":"WeMeetAgain","player_choice":"Gave Potion","floor":22.0,"gold_loss":0.0,"damage_taken":0.0,"relics_obtained":["Orichalcum"]},{"cards_removed":["Scrape"],"damage_healed":0.0,"max_hp_gain":0.0,"max_hp_loss":0.0,"gold_gain":0.0,"event_name":"Purifier","player_choice":"Purged","floor":28.0,"gold_loss":0.0,"damage_taken":0.0},{"damage_healed":0.0,"max_hp_gain":0.0,"max_hp_loss":0.0,"gold_gain":0.0,"event_name":"Mysterious Sphere","player_choice":"Fight","floor":37.0,"gold_loss":0.0,"damage_taken":0.0},{"damage_healed":0.0,"max_hp_gain":0.0,"max_hp_loss":0.0,"gold_gain":0.0,"event_name":"SecretPortal","player_choice":"Ignored","floor":39.0,"gold_loss":0.0,"damage_taken":0.0},{"damage_healed":0.0,"max_hp_gain":0.0,"max_hp_loss":0.0,"gold_gain":0.0,"event_name":"MindBloom","player_choice":"Fight","floor":41.0,"gold_loss":0.0,"damage_taken":0.0},{"damage_healed":0.0,"max_hp_gain":0.0,"max_hp_loss":0.0,"gold_gain":0.0,"event_name":"SensoryStone","player_choice":"Memory 3","floor":45.0,"gold_loss":0.0,"damage_taken":10.0}],"is_beta":false,"boss_relics":[{"not_picked":["Busted Crown","Cursed Key"],"picked":"Nuclear Battery"},{"not_picked":["Runic Pyramid","Lizard Tail"],"picked":"Tiny House"}],"items_purged_floors":[14,29,46],"is_endless":false,"potions_floor_spawned":[5,7,11,12,16,18,21,25,35,37,38,47],"ascension_level":0}