{"gold_per_floor":[113,113,131,0,175,175,200,220,220,220,236,256,256,269,269,374,374,374,117,117,9,9,9,9,9,9,9,9,9],"floor_reached":29,"playtime":804,"items_purged":[],"score":295,"play_id":"f8af3eb3-457a-4261-82a5-e5e0184350fd","local_time":"20181231023647","is_ascension_mode":true,"campfire_choices":[{"data":"Noxious Fumes","floor":6,"key":"SMITH"},{"floor":10,"key":"REST"},{"data":"Poisoned Stab","floor":15,"key":"SMITH"},{"floor":23,"key":"REST"},{"floor":25,"key":"REST"},{"floor":28,"key":"REST"}],"neow_cost":"NONE","seed_source_timestamp":799591687790230,"circlet_count":0,"master_deck":["Defend_G","Defend_G","Defend_G","Defend_G","Defend_G","Strike_G","Strike_G","Strike_G","Strike_G","Strike_G","Survivor","Neutralize","Flying Knee","Noxious Fumes+1","Well Laid Plans","PiercingWail","Doubt","Setup+1","Deadly Poison","Bouncing Flask","Bouncing Flask","Poisoned Stab+1","Venomology","Calculated Gamble+1","Noxious Fumes","Prepared","Noxious Fumes+1","Flying Knee","Jack Of All Trades","Endless Agony"],"relics":["Ring of the Snake","NeowsBlessing","Thread and Needle","Odd Mushroom","Blood Vial","Ectoplasm","Anchor","Bottled Tornado","MawBank"],"potions_floor_usage":[16,18,22,22,29],"damage_taken":[{"damage":0,"enemies":"Small Slimes","floor":1,"turns":1},{"damage":0,"enemies":"2 Louse","floor":3,"turns":1},{"damage":0,"enemies":"3 Sentries","floor":7,"turns":2},{"damage":36,"enemies":"The Mushroom Lair","floor":8,"turns":6},{"damage":0,"enemies":"Jaw Worm","floor":11,"turns":5},{"damage":0,"enemies":"3 Louse","floor":12,"turns":3},{"damage":0,"enemies":"Red Slaver","floor":14,"turns":4},{"damage":29,"enemies":"The Guardian","floor":16,"turns":8},{"damage":24,"enemies":"3 Byrds","floor":18,"turns":4},{"damage":16,"enemies":"Shell Parasite","floor":20,"turns":5},{"damage":42,"enemies":"Cultist and Chosen","floor":22,"turns":6},{"damage":73,"enemies":"Book of Stabbing","floor":29,"turns":5}],"seed_played":"-3784105041033944674","potions_obtained":[{"floor":3,"key":"FearPotion"},{"floor":8,"key":"Block Potion"},{"floor":12,"key":"GhostInAJar"},{"floor":22,"key":"Weak Potion"}],"is_trial":false,"path_per_floor":["M","?","M","$","?","R","E","?","T","R","M","M","?","M","R","B",null,"M","$","M","$","M","R","T","R","T","$","R","E"],"character_chosen":"THE_SILENT","items_purchased":["Well Laid Plans","PiercingWail","Noxious Fumes","Anchor","Prepared","Flying Knee","Jack Of All Trades"],"campfire_rested":4,"item_purchase_floors":[4,4,19,19,19,21,21],"current_hp_per_floor":[70,70,70,70,70,70,70,34,34,55,57,59,59,61,61,34,70,46,46,32,32,7,28,28,49,49,49,70,0],"gold":9,"neow_bonus":"THREE_ENEMY_KILL","is_prod":false,"is_daily":false,"chose_seed":false,"campfire_upgraded":2,"win_rate":0,"timestamp":1546234607,"path_taken":["M","?","M","$","?","R","E","?","T","R","M","?","?","M","R","BOSS","M","$","M","$","M","R","?","R","T","$","R","E"],"build_version":"2018-12-20","purchased_purges":0,"victory":false,"max_hp_per_floor":[70,70,70,70,70,70,70,70,70,70,70,70,70,70,70,70,70,70,70,70,70,70,70,70,70,70,70,70,70],"card_choices":[{"not_picked":["Bane","Distraction"],"picked":"Flying Knee","floor":1},{"not_picked":["Heel Hook","Blade Dance"],"picked":"Noxious Fumes","floor":3},{"not_picked":["Reflex","Leg Sweep"],"picked":"Setup","floor":7},{"not_picked":["Poisoned Stab","Infinite Blades"],"picked":"Deadly Poison","floor":8},{"not_picked":["After Image","Tactician"],"picked":"Bouncing Flask","floor":11},{"not_picked":["Bane","Poisoned Stab"],"picked":"Bouncing Flask","floor":12},{"not_picked":["Blade Dance","Backflip"],"picked":"Poisoned Stab","floor":14},{"not_picked":["Grand Finale","Storm of Steel"],"picked":"Venomology","floor":16},{"not_picked":["Setup","Sucker Punch"],"picked":"Calculated Gamble+1","floor":18},{"not_picked":["Prepared","Poisoned Stab"],"picked":"Noxious Fumes+1","floor":20},{"not_picked":["Choke","Eviscerate"],"picked":"Endless Agony","floor":22}],"player_experience":582668,"relics_obtained":[{"floor":7,"key":"Thread and Needle"},{"floor":8,"key":"Odd Mushroom"},{"floor":9,"key":"Blood Vial"},{"floor":24,"key":"Bottled Tornado"},{"floor":26,"key":"MawBank"}],"event_choices":[{"damage_healed":0,"gold_gain":0,"player_choice":"Leave","damage_taken":0,"max_hp_gain":0,"max_hp_loss":0,"event_name":"The Cleric","floor":2,"gold_loss":0},{"damage_healed":0,"gold_gain":175,"player_choice":"AGREE","damage_taken":0,"max_hp_gain":0,"max_hp_loss":0,"event_name":"Liars Game","floor":5,"gold_loss":0,"cards_obtained":["Doubt"]},{"damage_healed":0,"gold_gain":0,"player_choice":"Fought Mushrooms","damage_taken":0,"max_hp_gain":0,"max_hp_loss":0,"event_name":"Mushrooms","floor":8,"gold_loss":0},{"damage_healed":0,"gold_gain":0,"player_choice":"Forge","damage_taken":0,"max_hp_gain":0,"max_hp_loss":0,"event_name":"Accursed Blacksmith","floor":13,"gold_loss":0,"cards_upgraded":["Setup"]}],"is_beta":false,"boss_relics":[{"not_picked":["Orrery","Black Star"],"picked":"Ectoplasm"}],"items_purged_floors":[],"is_endless":false,"potions_floor_spawned":[3,8,12,22],"killed_by":"Book of Stabbing","ascension_level":4}