{"gold_per_floor":[114,389,404,418,57,90,90,40,94,94,124,141,154,154,154,259,259,271,271],"floor_reached":19,"playtime":801,"items_purged":["Strike_G","Regret"],"score":283,"play_id":"3ceff61f-f640-4349-8596-68028122d033","local_time":"20190404001544","is_ascension_mode":true,"campfire_choices":[{"data":"Noxious Fumes","floor":7,"key":"SMITH"},{"data":"Footwork","floor":10,"key":"SMITH"},{"floor":15,"key":"REST"}],"neow_cost":"NONE","seed_source_timestamp":217014398185682,"circlet_count":0,"master_deck":["AscendersBane","Defend_G","Defend_G","Defend_G","Defend_G","Defend_G","Strike_G","Strike_G","Strike_G+1","Strike_G","Survivor","Neutralize+1","Infinite Blades","Blade Dance","Footwork+1","Noxious Fumes+1","Dodge and Roll","Catalyst","Dodge and Roll","Envenom+1","Dagger Spray"],"relics":["Ring of the Snake","NeowsBlessing","Membership Card","Snake Skull","Whetstone","Strawberry","Ancient Tea Set","Frozen Egg 2","Sozu"],"potions_floor_usage":[6,11,16],"damage_taken":[{"damage":0,"enemies":"Jaw Worm","floor":1,"turns":1},{"damage":0,"enemies":"Cultist","floor":3,"turns":1},{"damage":0,"enemies":"Small Slimes","floor":4,"turns":1},{"damage":24,"enemies":"Lagavulin","floor":6,"turns":9},{"damage":22,"enemies":"3 Sentries","floor":11,"turns":8},{"damage":9,"enemies":"3 Louse","floor":12,"turns":4},{"damage":0,"enemies":"2 Fungi Beasts","floor":13,"turns":5},{"damage":13,"enemies":"Hexaghost","floor":16,"turns":10},{"damage":13,"enemies":"3 Byrds","floor":18,"turns":4},{"damage":9,"enemies":"Colosseum Slavers","floor":19,"turns":5},{"damage":47,"enemies":"Colosseum Nobs","floor":19,"turns":4}],"seed_played":"8296017441447226659","potions_obtained":[{"floor":3,"key":"Swift Potion"},{"floor":4,"key":"Weak Potion"},{"floor":6,"key":"SkillPotion"}],"is_trial":false,"path_per_floor":["M","?","M","M","$","E","R","$","T","R","E","M","M","T","R","B",null,"M","?"],"character_chosen":"THE_SILENT","items_purchased":["Membership Card","Footwork","Snake Skull"],"campfire_rested":1,"item_purchase_floors":[5,5,5],"current_hp_per_floor":[63,63,63,63,63,39,39,39,46,46,24,15,15,15,38,25,64,51,0],"gold":271,"neow_bonus":"THREE_ENEMY_KILL","is_prod":false,"is_daily":false,"chose_seed":false,"campfire_upgraded":2,"win_rate":0,"timestamp":1554347744,"path_taken":["M","?","?","M","$","E","R","$","T","R","E","M","M","?","R","BOSS","M","?"],"build_version":"2019-01-23","purchased_purges":2,"victory":false,"max_hp_per_floor":[70,70,70,70,70,70,70,70,77,77,77,77,77,77,77,77,77,77,77],"card_choices":[{"not_picked":["Flying Knee","Bane"],"picked":"Infinite Blades","floor":1},{"not_picked":["Deadly Poison","Dagger Throw"],"picked":"Blade Dance","floor":3},{"not_picked":["Distraction","Slice","Catalyst"],"picked":"SKIP","floor":4},{"not_picked":["Quick Slash","Dagger Spray"],"picked":"Noxious Fumes","floor":6},{"not_picked":["Quick Slash","Outmaneuver"],"picked":"Dodge and Roll","floor":11},{"not_picked":["Crippling Poison","Quick Slash"],"picked":"Catalyst","floor":12},{"not_picked":["Backflip","PiercingWail"],"picked":"Dodge and Roll","floor":13},{"not_picked":["Night Terror","Wraith Form v2+1"],"picked":"Envenom+1","floor":16},{"not_picked":["Cloak And Dagger","Heel Hook"],"picked":"Dagger Spray","floor":18}],"player_experience":1035425,"relics_obtained":[{"floor":6,"key":"Whetstone"},{"floor":9,"key":"Strawberry"},{"floor":11,"key":"Ancient Tea Set"},{"floor":14,"key":"Frozen Egg 2"}],"event_choices":[{"damage_healed":0,"gold_gain":275,"player_choice":"Desecrate","damage_taken":0,"max_hp_gain":0,"max_hp_loss":0,"event_name":"Golden Shrine","floor":2,"gold_loss":0,"cards_obtained":["Regret"]},{"damage_healed":0,"gold_gain":0,"player_choice":"Fight","damage_taken":0,"max_hp_gain":0,"max_hp_loss":0,"event_name":"Colosseum","floor":19,"gold_loss":0},{"damage_healed":0,"gold_gain":0,"player_choice":"Fought Nobs","damage_taken":0,"max_hp_gain":0,"max_hp_loss":0,"event_name":"Colosseum","floor":19,"gold_loss":0}],"is_beta":false,"boss_relics":[{"not_picked":["Coffee Dripper","Astrolabe"],"picked":"Sozu"}],"items_purged_floors":[5,8],"is_endless":false,"potions_floor_spawned":[3,4,6,18,19],"killed_by":"Colosseum Nobs","ascension_level":12}