{"gold_per_floor":[369,369,369,384,8,38,49,78,78,78,109,134,154,194,194,314,314,332,348,548,82,181,221,121,157,157,181,181,181,181,216,216,340,340,360,360,270,100,121,121,165,165,189,204,240,240,280,298,298,298,298,298,146,182,182],"floor_reached":56,"playtime":4906,"items_purged":["Strike_B","Strike_B","Defend_B"],"score":1630,"play_id":"6fdd0e9e-7a2a-44f9-817f-d338f7248119","local_time":"20190503011540","is_ascension_mode":true,"campfire_choices":[{"data":"Defragment","floor":15,"key":"SMITH"},{"data":"Consume","floor":30,"key":"SMITH"},{"data":"Chaos","floor":32,"key":"SMITH"},{"floor":40,"key":"RECALL"},{"data":"Rainbow","floor":46,"key":"SMITH"},{"data":"Hologram","floor":49,"key":"SMITH"},{"data":"Coolheaded","floor":52,"key":"SMITH"}],"neow_cost":"CURSE","seed_source_timestamp":4511765245160217,"circlet_count":0,"master_deck":["Strike_B+1","Defend_B","Zap+1","Dualcast","Conserve Battery","Consume+1","Rainbow+1","Good Instincts+1","Capacitor","Buffer","Chaos+1","Defragment+1","Conserve Battery","Buffer","Chill","Chill","BootSequence","Self Repair","Coolheaded+1","Steam+1","Echo Form+1","Aggregate","Go for the Eyes+1","Electrodynamics+1","Undo","Hologram+1","Chaos+1","Darkness+1","Darkness+1","Redo+1","Fusion+1","Stack+1","Hello World+1"],"relics":["Cracked Core","Cables","Peace Pipe","Emotion Chip","Golden Idol","Gremlin Horn","Unceasing Top","Inserter","Incense Burner","Frozen Egg 2","Blue Candle","Pear","Orichalcum","Philosopher\u0027s Stone","Gambling Chip","Anchor","Toxic Egg 2","Blood Vial","Mercury Hourglass"],"potions_floor_usage":[16,31,55,55],"damage_taken":[{"damage":9,"enemies":"Small Slimes","floor":1,"turns":4},{"damage":0,"enemies":"2 Louse","floor":4,"turns":1},{"damage":7,"enemies":"Gremlin Nob","floor":6,"turns":4},{"damage":0,"enemies":"Cultist","floor":7,"turns":2},{"damage":0,"enemies":"Lagavulin","floor":8,"turns":6},{"damage":5,"enemies":"Gremlin Nob","floor":11,"turns":3},{"damage":0,"enemies":"Blue Slaver","floor":12,"turns":2},{"damage":0,"enemies":"Looter","floor":13,"turns":3},{"damage":16,"enemies":"3 Sentries","floor":14,"turns":5},{"damage":0,"enemies":"Slime Boss","floor":16,"turns":5},{"damage":1,"enemies":"Shell Parasite","floor":18,"turns":9},{"damage":0,"enemies":"Spheric Guardian","floor":19,"turns":6},{"damage":0,"enemies":"Book of Stabbing","floor":23,"turns":7},{"damage":4,"enemies":"Slavers","floor":25,"turns":9},{"damage":0,"enemies":"Gremlin Leader","floor":31,"turns":11},{"damage":0,"enemies":"Collector","floor":33,"turns":9},{"damage":0,"enemies":"3 Shapes","floor":35,"turns":5},{"damage":0,"enemies":"3 Darklings","floor":39,"turns":5},{"damage":0,"enemies":"Nemesis","floor":41,"turns":9},{"damage":0,"enemies":"Maw","floor":44,"turns":6},{"damage":0,"enemies":"Giant Head","floor":45,"turns":7},{"damage":0,"enemies":"Nemesis","floor":47,"turns":7},{"damage":0,"enemies":"Jaw Worm Horde","floor":48,"turns":4},{"damage":1,"enemies":"Donu and Deca","floor":50,"turns":9},{"damage":50,"enemies":"Shield and Spear","floor":54,"turns":6},{"damage":28,"enemies":"The Heart","floor":55,"turns":10}],"seed_played":"2502524626816945058","potions_obtained":[{"floor":6,"key":"SteroidPotion"},{"floor":12,"key":"AttackPotion"},{"floor":14,"key":"SpeedPotion"},{"floor":16,"key":"PowerPotion"},{"floor":31,"key":"Poison Potion"},{"floor":33,"key":"Energy Potion"}],"is_trial":false,"path_per_floor":["M","?","?","M","$","E","M","E","T","?","E","M","M","E","R","B",null,"M","M","?","$","?","E","$","E","T","T","?","?","R","E","R","B",null,"M","?","?","$","M","R","E","?","T","M","E","R","E","M","R","B",null,"R","$","E","B",null],"character_chosen":"DEFECT","items_purchased":["Consume","Rainbow","Good Instincts","BootSequence","Self Repair","Incense Burner","Hologram","PowerPotion","Fusion+1","Stack+1"],"campfire_rested":0,"item_purchase_floors":[5,5,5,21,21,21,38,53,53,53],"current_hp_per_floor":[66,51,51,51,51,44,44,44,44,44,39,39,39,23,23,23,69,68,68,68,68,68,69,69,69,79,79,63,63,63,70,70,77,79,79,79,79,79,79,79,79,79,79,79,79,79,79,79,79,79,79,79,79,36,17],"gold":182,"neow_bonus":"TWO_FIFTY_GOLD","is_prod":false,"is_daily":false,"chose_seed":false,"campfire_upgraded":6,"win_rate":0,"timestamp":1556860540,"path_taken":["M","?","?","?","$","E","M","E","T","?","E","M","M","E","R","BOSS","M","M","?","?","?","E","$","E","T","?","?","?","R","E","R","BOSS","M","?","?","$","?","R","E","?","T","M","E","R","E","?","R","BOSS","R","$","E","BOSS"],"build_version":"2019-04-23","purchased_purges":3,"victory":true,"max_hp_per_floor":[75,75,75,75,75,75,75,75,75,69,69,69,69,69,69,69,69,69,69,69,69,69,69,69,69,79,79,79,79,79,79,79,79,79,79,79,79,79,79,79,79,79,79,79,79,79,79,79,79,79,79,79,79,79,79],"card_choices":[{"not_picked":["Gash","Capacitor"],"picked":"Ball Lightning","floor":1},{"not_picked":["Compile Driver","Force Field"],"picked":"Conserve Battery","floor":4},{"not_picked":["Gash","Rebound"],"picked":"Capacitor","floor":6},{"not_picked":["Hologram","Go for the Eyes"],"picked":"Buffer","floor":7},{"not_picked":["Streamline","Heatsinks","Aggregate"],"picked":"SKIP","floor":8},{"not_picked":["Gash","Go for the Eyes"],"picked":"Chaos","floor":11},{"not_picked":["Streamline","Scrape"],"picked":"Defragment","floor":12},{"not_picked":["Recycle","Go for the Eyes"],"picked":"Conserve Battery","floor":13},{"not_picked":["Lockon","Rebound","Melter"],"picked":"SKIP","floor":14},{"not_picked":["Thunder Strike","Reboot"],"picked":"Buffer","floor":16},{"not_picked":["Go for the Eyes","Streamline"],"picked":"Chill","floor":18},{"not_picked":["Leap","Ball Lightning"],"picked":"Chill","floor":19},{"not_picked":["Cold Snap","Doom and Gloom"],"picked":"Coolheaded","floor":23},{"not_picked":["Hello World+1","Redo"],"picked":"Steam+1","floor":25},{"not_picked":["Hello World+1","Blizzard"],"picked":"Go for the Eyes+1","floor":31},{"not_picked":["Hyperbeam","Rainbow"],"picked":"Electrodynamics+1","floor":33},{"not_picked":["Reinforced Body","Capacitor+1"],"picked":"Undo","floor":35},{"not_picked":["Loop+1","Compile Driver"],"picked":"Chaos+1","floor":39},{"not_picked":["Heatsinks+1","Hello World+1"],"picked":"Darkness+1","floor":41},{"not_picked":["Beam Cell","Turbo+1","Fusion"],"picked":"SKIP","floor":44},{"not_picked":["Coolheaded+1","FTL"],"picked":"Redo+1","floor":45},{"not_picked":["Streamline+1","Double Energy+1","Ball Lightning+1"],"picked":"SKIP","floor":47},{"not_picked":["Auto Shields+1","Reinforced Body+1","Static Discharge+1"],"picked":"SKIP","floor":48},{"not_picked":["Compile Driver+1","Rebound+1"],"picked":"Hello World+1","floor":54}],"player_experience":5604883,"relics_obtained":[{"floor":6,"key":"Cables"},{"floor":8,"key":"Peace Pipe"},{"floor":9,"key":"Emotion Chip"},{"floor":11,"key":"Gremlin Horn"},{"floor":14,"key":"Unceasing Top"},{"floor":23,"key":"Frozen Egg 2"},{"floor":25,"key":"Blue Candle"},{"floor":26,"key":"Pear"},{"floor":31,"key":"Orichalcum"},{"floor":41,"key":"Gambling Chip"},{"floor":43,"key":"Anchor"},{"floor":45,"key":"Toxic Egg 2"},{"floor":47,"key":"Blood Vial"},{"floor":54,"key":"Mercury Hourglass"}],"event_choices":[{"damage_healed":0,"gold_gain":0,"player_choice":"Entered Light","damage_taken":15,"max_hp_gain":0,"max_hp_loss":0,"event_name":"Shining Light","floor":2,"gold_loss":0,"cards_upgraded":["Strike_B","Zap"]},{"cards_removed":["Injury"],"damage_healed":0,"gold_gain":0,"player_choice":"Purged","damage_taken":0,"max_hp_gain":0,"max_hp_loss":0,"event_name":"Purifier","floor":3,"gold_loss":0},{"damage_healed":0,"gold_gain":0,"player_choice":"Lose Max HP","damage_taken":0,"relics_obtained":["Golden Idol"],"max_hp_gain":0,"max_hp_loss":6,"event_name":"Golden Idol","floor":10,"gold_loss":0},{"damage_healed":0,"gold_gain":200,"player_choice":"Gold","damage_taken":0,"max_hp_gain":0,"max_hp_loss":0,"event_name":"Wheel of Change","floor":20,"gold_loss":0},{"damage_healed":0,"gold_gain":99,"player_choice":"Stole From Cult","damage_taken":0,"max_hp_gain":0,"max_hp_loss":0,"event_name":"Nest","floor":22,"gold_loss":0},{"damage_healed":0,"gold_gain":0,"player_choice":"Obtained Book","damage_taken":16,"max_hp_gain":0,"max_hp_loss":0,"event_name":"Cursed Tome","floor":28,"gold_loss":0},{"damage_healed":0,"gold_gain":0,"cards_transformed":["Defend_B","Strike_B"],"player_choice":"Became Test Subject","damage_taken":0,"max_hp_gain":0,"max_hp_loss":0,"event_name":"Drug Dealer","floor":29,"gold_loss":0,"cards_obtained":["Echo Form","Aggregate"]},{"cards_removed":["Ball Lightning"],"damage_healed":0,"gold_gain":0,"player_choice":"Removed Attack","damage_taken":0,"max_hp_gain":0,"max_hp_loss":0,"event_name":"Falling","floor":36,"gold_loss":0},{"cards_removed":["Defend_B"],"damage_healed":0,"gold_gain":0,"player_choice":"Upgrade and Remove","damage_taken":0,"max_hp_gain":0,"max_hp_loss":0,"event_name":"Designer","floor":37,"gold_loss":90,"cards_upgraded":["Good Instincts"]},{"damage_healed":0,"gold_gain":0,"player_choice":"Copied","damage_taken":0,"max_hp_gain":0,"max_hp_loss":0,"event_name":"Duplicator","floor":42,"gold_loss":0,"cards_obtained":["Darkness"]}],"is_beta":true,"boss_relics":[{"not_picked":["Black Star","Runic Pyramid"],"picked":"Inserter"},{"not_picked":["Snecko Eye","Pandora\u0027s Box"],"picked":"Philosopher\u0027s Stone"}],"items_purged_floors":[5,24,38],"is_endless":false,"potions_floor_spawned":[6,12,14,16,31,33,44,45,47,48],"ascension_level":1}