{"gold_per_floor":[110,285,302,302,302,341,353,401,413,425,480,513,565,602,614,719,731,766,778,806,874,886,942,954,980,1069,1081,1018,1068,1105,1132,1144,1251,1263,1296,1308,1339,744,744,744,775,775,775,794,189,189,64,78,78,78,78,78,56,56],"floor_reached":54,"playtime":2296,"items_purged":["Strike_B","Strike_B","Strike_B"],"score":1322,"play_id":"63d794f1-0f3a-4abe-8736-299f5900ea17","local_time":"20190409234931","is_ascension_mode":true,"campfire_choices":[{"data":"Chill","floor":7,"key":"SMITH"},{"data":"Zap","floor":10,"key":"SMITH"},{"data":"Loop","floor":15,"key":"SMITH"},{"data":"Defragment","floor":24,"key":"SMITH"},{"data":"Self Repair","floor":27,"key":"SMITH"},{"data":"Blizzard","floor":32,"key":"SMITH"},{"data":"Blizzard","floor":40,"key":"SMITH"},{"data":"Capacitor","floor":42,"key":"SMITH"},{"floor":49,"key":"RECALL"},{"floor":52,"key":"REST"}],"neow_cost":"NONE","seed_source_timestamp":732380305439874,"circlet_count":0,"master_deck":["AscendersBane","Defend_B","Defend_B","Defend_B","Defend_B+1","Zap+1","Dualcast+1","Chill+1","Cold Snap","Cold Snap","Leap","Loop+1","Cold Snap","Electrodynamics","Self Repair+1","Coolheaded","Defragment+1","Coolheaded","Blizzard+1","Blizzard+1","Echo Form+1","Glacier","Capacitor+1","Writhe","Cold Snap","Cold Snap"],"relics":["FrozenCore","NeowsBlessing","Golden Idol","Kunai","MawBank","Bird Faced Urn","War Paint","Mango","Bag of Preparation","Lizard Tail","Tiny Chest","Symbiotic Virus","Ornamental Fan","Blood Vial","Medical Kit","Vajra","Strawberry","Mercury Hourglass","Gremlin Horn","Blue Candle"],"potions_floor_usage":[11,16,23,30,50],"damage_taken":[{"damage":0,"enemies":"Jaw Worm","floor":1,"turns":1},{"damage":0,"enemies":"Small Slimes","floor":3,"turns":1},{"damage":0,"enemies":"Lagavulin","floor":6,"turns":1},{"damage":2,"enemies":"3 Sentries","floor":8,"turns":11},{"damage":9,"enemies":"Lagavulin","floor":11,"turns":6},{"damage":1,"enemies":"2 Louse","floor":12,"turns":4},{"damage":28,"enemies":"Gremlin Nob","floor":13,"turns":6},{"damage":0,"enemies":"Exordium Wildlife","floor":14,"turns":3},{"damage":25,"enemies":"The Guardian","floor":16,"turns":15},{"damage":20,"enemies":"Spheric Guardian","floor":18,"turns":6},{"damage":5,"enemies":"Shell Parasite","floor":20,"turns":10},{"damage":9,"enemies":"Slavers","floor":23,"turns":4},{"damage":15,"enemies":"Centurion and Healer","floor":25,"turns":7},{"damage":18,"enemies":"Gremlin Leader","floor":29,"turns":9},{"damage":12,"enemies":"Snake Plant","floor":30,"turns":7},{"damage":3,"enemies":"Shelled Parasite and Fungi","floor":31,"turns":7},{"damage":107,"enemies":"Automaton","floor":33,"turns":14},{"damage":20,"enemies":"Orb Walker","floor":35,"turns":6},{"damage":58,"enemies":"3 Darklings","floor":37,"turns":6},{"damage":43,"enemies":"Nemesis","floor":41,"turns":13},{"damage":48,"enemies":"Spire Growth","floor":44,"turns":8},{"damage":7,"enemies":"4 Shapes","floor":48,"turns":3},{"damage":52,"enemies":"Awakened One","floor":50,"turns":15},{"damage":104,"enemies":"Shield and Spear","floor":54,"turns":5}],"seed_played":"3867396723551156034","potions_obtained":[{"floor":6,"key":"Poison Potion"},{"floor":11,"key":"LiquidBronze"},{"floor":16,"key":"FocusPotion"},{"floor":25,"key":"Poison Potion"},{"floor":29,"key":"SkillPotion"},{"floor":33,"key":"GamblersBrew"}],"is_trial":false,"path_per_floor":["M","?","M","?","?","E","R","E","T","R","E","M","E","M","R","B",null,"M","?","M","T","?","E","R","M","T","R","?","E","M","M","R","B",null,"M","?","M","$","?","R","E","R","T","M","$","?","$","M","R","B",null,"R","$","E"],"character_chosen":"DEFECT","items_purchased":["Blood Vial","Capacitor","Medical Kit","Vajra","Gremlin Horn","Blue Candle","Cold Snap"],"campfire_rested":1,"item_purchase_floors":[38,38,38,38,45,45,53],"current_hp_per_floor":[68,68,68,68,65,65,65,63,63,63,68,67,39,41,41,18,67,51,51,59,59,59,63,63,63,63,63,63,63,67,82,82,41,73,83,83,39,39,60,60,60,60,60,50,50,50,50,63,63,47,79,90,90,0],"gold":56,"neow_bonus":"THREE_ENEMY_KILL","is_prod":false,"is_daily":false,"chose_seed":false,"campfire_upgraded":8,"win_rate":0,"timestamp":1554864571,"path_taken":["M","?","M","?","?","E","R","E","T","R","E","M","E","M","R","BOSS","M","?","M","?","?","E","R","?","T","R","?","E","M","M","R","BOSS","M","?","?","$","?","R","E","R","T","M","$","?","?","M","R","BOSS","R","$","E"],"build_version":"2019-01-23","purchased_purges":3,"victory":false,"max_hp_per_floor":[75,75,75,69,69,69,69,69,69,69,83,83,83,83,83,83,83,83,83,83,83,83,83,83,83,83,83,83,83,83,83,83,83,83,83,83,83,83,83,83,90,90,90,90,90,90,90,90,90,90,90,90,90,90],"card_choices":[{"not_picked":["Beam Cell","Steam Power"],"picked":"Chill","floor":1},{"not_picked":["Steam","Chill"],"picked":"Cold Snap","floor":3},{"not_picked":["Rip and Tear","Turbo"],"picked":"Cold Snap","floor":6},{"not_picked":["Gash","Stack","Streamline"],"picked":"SKIP","floor":8},{"not_picked":["Recycle","Hello World"],"picked":"Leap","floor":11},{"not_picked":["Genetic Algorithm","Beam Cell","Conserve Battery"],"picked":"SKIP","floor":12},{"not_picked":["Beam Cell","Stack"],"picked":"Loop","floor":13},{"not_picked":["Static Discharge","Gash"],"picked":"Cold Snap","floor":14},{"not_picked":["Hyperbeam","Reboot"],"picked":"Electrodynamics","floor":16},{"not_picked":["Sunder","Sweeping Beam"],"picked":"Self Repair","floor":18},{"not_picked":["Gash","Hologram"],"picked":"Coolheaded","floor":20},{"not_picked":["Doom and Gloom","Streamline"],"picked":"Defragment","floor":23},{"not_picked":["Conserve Battery","Compile Driver"],"picked":"Coolheaded","floor":25},{"not_picked":["Barrage","Go for the Eyes"],"picked":"Blizzard","floor":29},{"not_picked":["Auto Shields","Turbo"],"picked":"Cold Snap","floor":30},{"not_picked":["Hologram+1","Electrodynamics"],"picked":"Blizzard","floor":31},{"not_picked":["Multi-Cast","Reboot"],"picked":"Echo Form","floor":33},{"not_picked":["Doom and Gloom","Darkness","Redo"],"picked":"SKIP","floor":35},{"not_picked":["Leap+1","Tempest"],"picked":"Glacier","floor":37},{"not_picked":["Hologram","Gash","Steam+1"],"picked":"SKIP","floor":41},{"not_picked":["Cold Snap","Chaos","FTL"],"picked":"SKIP","floor":44},{"not_picked":["Reprogram","Turbo+1"],"picked":"Cold Snap","floor":48}],"player_experience":1058336,"relics_obtained":[{"floor":6,"key":"MawBank"},{"floor":8,"key":"Bird Faced Urn"},{"floor":9,"key":"War Paint"},{"floor":11,"key":"Mango"},{"floor":13,"key":"Bag of Preparation"},{"floor":21,"key":"Tiny Chest"},{"floor":23,"key":"Symbiotic Virus"},{"floor":29,"key":"Ornamental Fan"},{"floor":41,"key":"Strawberry"},{"floor":43,"key":"Mercury Hourglass"}],"event_choices":[{"damage_healed":0,"gold_gain":175,"player_choice":"AGREE","damage_taken":0,"max_hp_gain":0,"max_hp_loss":0,"event_name":"Liars Game","floor":2,"gold_loss":0,"cards_obtained":["Doubt"]},{"damage_healed":0,"gold_gain":0,"player_choice":"Lose Max HP","damage_taken":0,"relics_obtained":["Golden Idol"],"max_hp_gain":0,"max_hp_loss":6,"event_name":"Golden Idol","floor":4,"gold_loss":0},{"damage_healed":0,"gold_gain":0,"player_choice":"Success","damage_taken":3,"relics_obtained":["Kunai"],"max_hp_gain":0,"max_hp_loss":0,"event_name":"Scrap Ooze","floor":5,"gold_loss":0},{"damage_healed":0,"gold_gain":0,"player_choice":"Ignored","damage_taken":0,"max_hp_gain":0,"max_hp_loss":0,"event_name":"Ghosts","floor":19,"gold_loss":0},{"cards_removed":["Doubt"],"damage_healed":0,"gold_gain":0,"player_choice":"Purged","damage_taken":0,"max_hp_gain":0,"max_hp_loss":0,"event_name":"Purifier","floor":22,"gold_loss":0},{"cards_removed":["Strike_B"],"damage_healed":0,"gold_gain":0,"player_choice":"Gave Gold","damage_taken":0,"max_hp_gain":0,"max_hp_loss":0,"event_name":"Beggar","floor":28,"gold_loss":75},{"damage_healed":0,"gold_gain":0,"player_choice":"Upgraded","damage_taken":0,"max_hp_gain":0,"max_hp_loss":0,"event_name":"Upgrade Shrine","floor":36,"gold_loss":0,"cards_upgraded":["Echo Form"]},{"damage_healed":21,"gold_gain":0,"player_choice":"Writhe","damage_taken":0,"max_hp_gain":0,"max_hp_loss":0,"event_name":"Winding Halls","floor":39,"gold_loss":0,"cards_obtained":["Writhe"]},{"cards_removed":["Cold Snap"],"damage_healed":0,"gold_gain":0,"player_choice":"Removed Attack","damage_taken":0,"max_hp_gain":0,"max_hp_loss":0,"event_name":"Falling","floor":46,"gold_loss":0}],"is_beta":false,"boss_relics":[{"not_picked":["Eternal Feather","Snecko Eye"],"picked":"Lizard Tail"},{"not_picked":["Pandora\u0027s Box","Orrery"],"picked":"FrozenCore"}],"items_purged_floors":[38,45,47],"is_endless":false,"potions_floor_spawned":[6,11,16,25,29,33,35,41,48],"killed_by":"Shield and Spear","ascension_level":13}