{"gold_per_floor":[118,137,137,155,330,330,361,361,361,361,361,380,380,38,38,138,138,150,150,150,42,42],"floor_reached":22,"playtime":561,"items_purged":[],"score":252,"play_id":"89cb19d1-be04-4a93-99a7-91b9367465af","local_time":"20190126231637","is_ascension_mode":true,"campfire_choices":[{"data":"Conserve Battery","floor":6,"key":"SMITH"},{"floor":8,"key":"REST"},{"floor":13,"key":"REST"},{"data":"Storm","floor":15,"key":"SMITH"}],"neow_cost":"NONE","seed_source_timestamp":346421386634097,"circlet_count":0,"master_deck":["Strike_B","Strike_B","Strike_B","Strike_B","Defend_B","Defend_B","Defend_B","Defend_B","Zap","Dualcast","Go for the Eyes","Conserve Battery+1","Sweeping Beam","Storm+1","BootSequence","Madness","Core Surge","Coolheaded","Sweeping Beam","Conserve Battery","Go for the Eyes","Go for the Eyes","Self Repair","Decay","Static Discharge","Barrage"],"relics":["Cracked Core","NeowsBlessing","NlothsMask","Pantograph","Mummified Hand","Orrery","MutagenicStrength"],"potions_floor_usage":[7,16],"damage_taken":[{"damage":0,"enemies":"Small Slimes","floor":1,"turns":1},{"damage":0,"enemies":"Cultist","floor":2,"turns":1},{"damage":0,"enemies":"2 Louse","floor":4,"turns":1},{"damage":51,"enemies":"Gremlin Nob","floor":7,"turns":5},{"damage":24,"enemies":"Exordium Wildlife","floor":12,"turns":5},{"damage":47,"enemies":"The Guardian","floor":16,"turns":15},{"damage":54,"enemies":"3 Byrds","floor":18,"turns":7},{"damage":19,"enemies":"Spheric Guardian","floor":22,"turns":3}],"seed_played":"-7423571707757175270","potions_obtained":[{"floor":2,"key":"LiquidBronze"},{"floor":7,"key":"AttackPotion"},{"floor":18,"key":"Fire Potion"}],"is_trial":false,"path_per_floor":["M","M","?","M","?","R","E","R","T","?","?","M","R","$","R","B",null,"M","?","?","$","M"],"character_chosen":"DEFECT","items_purchased":["Madness","Mummified Hand","Static Discharge","Barrage"],"campfire_rested":2,"item_purchase_floors":[14,14,21,21],"current_hp_per_floor":[68,68,68,68,68,68,17,39,39,64,57,33,55,55,55,28,63,9,9,9,9,0],"gold":42,"neow_bonus":"THREE_ENEMY_KILL","is_prod":false,"is_daily":false,"chose_seed":false,"campfire_upgraded":2,"win_rate":0,"timestamp":1548555397,"path_taken":["M","M","?","?","?","R","E","R","T","?","?","?","R","$","R","BOSS","M","?","?","?","?"],"build_version":"2019-01-23","purchased_purges":0,"victory":false,"max_hp_per_floor":[75,75,75,75,75,75,75,75,75,75,75,75,75,75,75,75,75,75,75,75,75,75],"card_choices":[{"not_picked":["Ball Lightning","Rebound"],"picked":"Go for the Eyes","floor":1},{"not_picked":["Go for the Eyes","Aggregate"],"picked":"Conserve Battery","floor":2},{"not_picked":["Consume","Thunder Strike"],"picked":"Sweeping Beam","floor":4},{"not_picked":["Ball Lightning","Chaos"],"picked":"Storm","floor":7},{"not_picked":["Genetic Algorithm","Stack"],"picked":"BootSequence","floor":12},{"not_picked":["Meteor Strike","All For One"],"picked":"Core Surge","floor":16},{"not_picked":["Steam","Lockon"],"picked":"Coolheaded","floor":17},{"not_picked":["Reprogram","Darkness"],"picked":"Sweeping Beam","floor":17},{"not_picked":["Skim","Coolheaded"],"picked":"Conserve Battery","floor":17},{"not_picked":["Stack","Skim"],"picked":"Go for the Eyes","floor":17},{"not_picked":["Gash","Consume"],"picked":"Go for the Eyes","floor":17},{"not_picked":["Double Energy","Reinforced Body"],"picked":"Self Repair","floor":18}],"player_experience":679727,"relics_obtained":[{"floor":7,"key":"Pantograph"}],"event_choices":[{"damage_healed":0,"gold_gain":0,"player_choice":"Trade","damage_taken":0,"relics_obtained":["NlothsMask"],"max_hp_gain":0,"max_hp_loss":0,"event_name":"FaceTrader","floor":3,"gold_loss":0},{"damage_healed":0,"gold_gain":175,"player_choice":"AGREE","damage_taken":0,"max_hp_gain":0,"max_hp_loss":0,"event_name":"Liars Game","floor":5,"gold_loss":0,"cards_obtained":["Doubt"]},{"damage_healed":25,"gold_gain":0,"player_choice":"Banana","damage_taken":0,"max_hp_gain":0,"max_hp_loss":0,"event_name":"Big Fish","floor":10,"gold_loss":0},{"cards_removed":["Doubt"],"damage_healed":0,"gold_gain":0,"player_choice":"Card Removal","damage_taken":7,"max_hp_gain":0,"max_hp_loss":0,"event_name":"Golden Wing","floor":11,"gold_loss":0},{"damage_healed":0,"gold_gain":0,"player_choice":"Smashed Altar","damage_taken":0,"max_hp_gain":0,"max_hp_loss":0,"event_name":"Forgotten Altar","floor":19,"gold_loss":0,"cards_obtained":["Decay"]},{"damage_healed":0,"gold_gain":0,"player_choice":"Inject Mutagens","damage_taken":0,"relics_obtained":["MutagenicStrength"],"max_hp_gain":0,"max_hp_loss":0,"event_name":"Drug Dealer","floor":20,"gold_loss":0}],"is_beta":false,"boss_relics":[{"not_picked":["Lizard Tail","Velvet Choker"],"picked":"Orrery"}],"items_purged_floors":[],"is_endless":false,"potions_floor_spawned":[2,7,18],"killed_by":"Spheric Guardian","ascension_level":8}