{"gold_per_floor":[114,114,114,114,126,126,152,164,164,195,205,205,4,29,29,134,134,152,67,67,67,78,109,109,140,163,182,182,192,192],"floor_reached":30,"playtime":864,"items_purged":[],"score":342,"play_id":"474e7173-f978-4da7-8495-253b44fb2ce2","local_time":"20190428193742","is_ascension_mode":true,"campfire_choices":[{"data":"White Noise","floor":6,"key":"SMITH"},{"data":"Defragment","floor":15,"key":"SMITH"},{"floor":24,"key":"REST"},{"floor":28,"key":"REST"}],"neow_cost":"NONE","seed_source_timestamp":1399438394014100,"circlet_count":0,"master_deck":["Strike_B","Strike_B","Strike_B","Strike_B","Defend_B","Defend_B","Defend_B+1","Zap","Dualcast","White Noise+1","Self Repair","Stack","Ball Lightning+1","Go for the Eyes+1","Storm+1","Defragment+1","Leap","Beam Cell+1","Ball Lightning+1","Multi-Cast","Creative AI","Conserve Battery","Defragment","Injury","White Noise+1"],"relics":["Cracked Core","Pen Nib","Molten Egg 2","Matryoshka","PreservedInsect","Sundial","Cursed Key","Pantograph","Singing Bowl","Juzu Bracelet","Lantern","Ancient Tea Set"],"potions_floor_usage":[10,23,23,23,29,30],"damage_taken":[{"damage":2,"enemies":"Jaw Worm","floor":1,"turns":3},{"damage":3,"enemies":"2 Louse","floor":5,"turns":2},{"damage":17,"enemies":"3 Sentries","floor":7,"turns":4},{"damage":1,"enemies":"Cultist","floor":8,"turns":3},{"damage":22,"enemies":"Gremlin Nob","floor":10,"turns":4},{"damage":10,"enemies":"2 Fungi Beasts","floor":11,"turns":3},{"damage":0,"enemies":"Lagavulin","floor":14,"turns":3},{"damage":12,"enemies":"Hexaghost","floor":16,"turns":6},{"damage":2,"enemies":"Chosen","floor":18,"turns":3},{"damage":4,"enemies":"Shell Parasite","floor":22,"turns":3},{"damage":61,"enemies":"Slavers","floor":23,"turns":4},{"damage":28,"enemies":"Gremlin Leader","floor":25,"turns":3},{"damage":11,"enemies":"Cultist and Chosen","floor":27,"turns":4},{"damage":36,"enemies":"Shelled Parasite and Fungi","floor":29,"turns":4},{"damage":16,"enemies":"Snake Plant","floor":30,"turns":2}],"seed_played":"-4142463155453507830","potions_obtained":[{"floor":7,"key":"Block Potion"},{"floor":8,"key":"LiquidBronze"},{"floor":10,"key":"SkillPotion"},{"floor":16,"key":"Regen Potion"},{"floor":18,"key":"Explosive Potion"},{"floor":27,"key":"EssenceOfSteel"},{"floor":29,"key":"GamblersBrew"}],"is_trial":false,"path_per_floor":["M","?","?","?","M","R","E","M","T","E","M","?","$","E","R","B",null,"M","?","?","?","M","E","R","E","T","M","R","M","M"],"character_chosen":"DEFECT","items_purchased":["Defragment","Leap","Beam Cell+1","Ball Lightning+1"],"campfire_rested":2,"item_purchase_floors":[13,13,13,13],"current_hp_per_floor":[73,73,73,73,70,70,60,66,66,51,48,33,33,40,40,35,75,73,73,73,73,69,26,49,30,30,19,42,15,0],"gold":192,"neow_bonus":"RANDOM_COMMON_RELIC","is_prod":false,"is_daily":false,"chose_seed":false,"campfire_upgraded":2,"win_rate":0,"timestamp":1556494662,"path_taken":["M","?","?","?","M","R","E","?","T","E","M","?","$","E","R","BOSS","M","?","?","?","M","E","R","E","T","M","R","M","M"],"build_version":"2019-01-23","purchased_purges":0,"victory":false,"max_hp_per_floor":[75,75,75,75,75,75,75,75,75,75,75,75,75,75,75,75,75,75,75,75,75,75,77,77,79,79,79,79,81,81],"card_choices":[{"not_picked":["Compile Driver","Leap"],"picked":"White Noise","floor":1},{"not_picked":["Conserve Battery","Blizzard"],"picked":"Self Repair","floor":5},{"not_picked":["Reprogram","Steam"],"picked":"Stack","floor":7},{"not_picked":["Steam","BootSequence"],"picked":"Ball Lightning+1","floor":8},{"not_picked":["Hello World","Loop"],"picked":"Go for the Eyes+1","floor":10},{"not_picked":["FTL+1","Darkness"],"picked":"Storm","floor":11},{"not_picked":["Sweeping Beam+1","Consume"],"picked":"Multi-Cast","floor":14},{"not_picked":["Rainbow","Reboot"],"picked":"Creative AI","floor":16},{"not_picked":["Chaos","Ball Lightning+1"],"picked":"Conserve Battery","floor":18},{"not_picked":["Rebound+1","Redo","Scrape+1"],"picked":"SKIP","floor":22},{"not_picked":["Redo","Meteor Strike+1","Stack"],"picked":"Singing Bowl","floor":23},{"not_picked":["Heatsinks","Go for the Eyes+1","Coolheaded+1"],"picked":"Singing Bowl","floor":25},{"not_picked":["Ball Lightning+1","Cold Snap+1"],"picked":"White Noise+1","floor":27},{"not_picked":["Leap","Redo","BootSequence"],"picked":"Singing Bowl","floor":29}],"player_experience":124044,"relics_obtained":[{"floor":7,"key":"Molten Egg 2"},{"floor":9,"key":"Matryoshka"},{"floor":10,"key":"PreservedInsect"},{"floor":14,"key":"Sundial"},{"floor":23,"key":"Singing Bowl"},{"floor":25,"key":"Juzu Bracelet"},{"floor":26,"key":"Lantern"},{"floor":26,"key":"Ancient Tea Set"}],"event_choices":[{"damage_healed":0,"gold_gain":0,"player_choice":"Ignored","damage_taken":0,"max_hp_gain":0,"max_hp_loss":0,"event_name":"Golden Wing","floor":2,"gold_loss":0},{"damage_healed":0,"gold_gain":0,"player_choice":"Ignored","damage_taken":0,"max_hp_gain":0,"max_hp_loss":0,"event_name":"Liars Game","floor":3,"gold_loss":0},{"cards_removed":["Defend_B"],"damage_healed":0,"gold_gain":0,"player_choice":"Purged","damage_taken":0,"max_hp_gain":0,"max_hp_loss":0,"event_name":"Purifier","floor":4,"gold_loss":0},{"damage_healed":0,"gold_gain":0,"player_choice":"Entered Light","damage_taken":15,"max_hp_gain":0,"max_hp_loss":0,"event_name":"Shining Light","floor":12,"gold_loss":0,"cards_upgraded":["Defend_B","Storm"]},{"damage_healed":0,"gold_gain":0,"player_choice":"Obtained Relic","damage_taken":0,"relics_obtained":["Pantograph"],"max_hp_gain":0,"max_hp_loss":0,"event_name":"Addict","floor":19,"gold_loss":85},{"damage_healed":0,"gold_gain":0,"player_choice":"Ignored","damage_taken":0,"max_hp_gain":0,"max_hp_loss":0,"event_name":"Beggar","floor":20,"gold_loss":0},{"damage_healed":0,"gold_gain":0,"player_choice":"Read","damage_taken":0,"max_hp_gain":0,"max_hp_loss":0,"event_name":"The Library","floor":21,"gold_loss":0,"cards_obtained":["Defragment"]}],"is_beta":false,"boss_relics":[{"not_picked":["FrozenCore","Eternal Feather"],"picked":"Cursed Key"}],"items_purged_floors":[],"is_endless":false,"potions_floor_spawned":[7,8,10,16,18,27,29],"killed_by":"Snake Plant","ascension_level":2}