{"gold_per_floor":[112,187,207,207,220,246,246,40,64,64,64,79,112,77,77,175,175,191,191,191,191,191,191],"floor_reached":23,"playtime":1075,"items_purged":[],"score":230,"play_id":"eba44664-33e1-4591-b2de-2d80cea20e3d","local_time":"20190404081037","is_ascension_mode":true,"campfire_choices":[{"data":"Power Through","floor":7,"key":"SMITH"},{"data":"Shrug It Off","floor":15,"key":"SMITH"}],"neow_cost":"NONE","seed_source_timestamp":1030774586445700,"circlet_count":0,"master_deck":["Defend_R","Defend_R","Defend_R","Defend_R","Bash","Cleave","Flame Barrier+1","Thunderclap","Headbutt","Power Through+1","Armaments","Shrug It Off+1","Limit Break","Body Slam+1","Bite","Bite","Bite","Bite","Bite"],"relics":["Black Blood","Juzu Bracelet","MealTicket","Centennial Puzzle","Magic Flower","Matryoshka","Art of War"],"potions_floor_usage":[16,16],"damage_taken":[{"damage":2,"enemies":"Small Slimes","floor":1,"turns":4},{"damage":0,"enemies":"2 Louse","floor":3,"turns":2},{"damage":1,"enemies":"Cultist","floor":5,"turns":4},{"damage":38,"enemies":"Lagavulin","floor":6,"turns":9},{"damage":8,"enemies":"Lots of Slimes","floor":12,"turns":2},{"damage":8,"enemies":"3 Sentries","floor":13,"turns":6},{"damage":61,"enemies":"The Guardian","floor":16,"turns":18},{"damage":48,"enemies":"Chosen","floor":18,"turns":9},{"damage":46,"enemies":"Colosseum Slavers","floor":21,"turns":9},{"damage":27,"enemies":"Gremlin Leader","floor":23,"turns":2}],"seed_played":"-4080626980913468234","potions_obtained":[{"floor":3,"key":"SneckoOil"},{"floor":5,"key":"SmokeBomb"},{"floor":12,"key":"SkillPotion"}],"is_trial":false,"path_per_floor":["M","?","M","?","M","E","R","$","T","?","?","M","E","?","R","B",null,"M","?","?","?","?","E"],"character_chosen":"IRONCLAD","items_purchased":["MealTicket"],"campfire_rested":0,"item_purchase_floors":[8],"current_hp_per_floor":[80,69,75,75,80,48,48,48,48,48,41,42,43,63,63,11,80,47,47,47,16,16,0],"gold":191,"neow_bonus":"THREE_CARDS","is_prod":false,"is_daily":false,"chose_seed":false,"campfire_upgraded":2,"win_rate":0,"timestamp":1554379837,"path_taken":["M","?","M","?","?","E","R","?","T","?","?","M","E","?","R","BOSS","M","?","?","?","?","E"],"build_version":"2019-01-23","purchased_purges":0,"victory":false,"max_hp_per_floor":[80,80,80,80,80,80,80,80,80,80,80,80,80,80,80,80,80,80,80,80,80,56,56],"card_choices":[{"not_picked":["Headbutt","True Grit"],"picked":"Cleave","floor":0},{"not_picked":["Anger","Pommel Strike"],"picked":"Flame Barrier","floor":1},{"not_picked":["True Grit","Rage"],"picked":"Thunderclap","floor":3},{"not_picked":["Iron Wave","Body Slam"],"picked":"Headbutt","floor":5},{"not_picked":["Evolve","Wild Strike"],"picked":"Power Through","floor":6},{"not_picked":["Rampage","Pommel Strike"],"picked":"Armaments","floor":12},{"not_picked":["Metallicize","Twin Strike"],"picked":"Shrug It Off","floor":13},{"not_picked":["Juggernaut","Dark Embrace"],"picked":"Limit Break","floor":16},{"not_picked":["Warcry","Headbutt"],"picked":"Body Slam+1","floor":18}],"player_experience":66472,"relics_obtained":[{"floor":6,"key":"Juzu Bracelet"},{"floor":9,"key":"Centennial Puzzle"},{"floor":13,"key":"Matryoshka"}],"event_choices":[{"damage_healed":0,"gold_gain":75,"player_choice":"Gather Gold","damage_taken":11,"max_hp_gain":0,"max_hp_loss":0,"event_name":"World of Goop","floor":2,"gold_loss":0},{"damage_healed":0,"gold_gain":0,"player_choice":"Forge","damage_taken":0,"max_hp_gain":0,"max_hp_loss":0,"event_name":"Accursed Blacksmith","floor":4,"gold_loss":0,"cards_upgraded":["Flame Barrier"]},{"damage_healed":0,"gold_gain":0,"player_choice":"Ignored","damage_taken":0,"max_hp_gain":0,"max_hp_loss":0,"event_name":"Liars Game","floor":10,"gold_loss":0},{"damage_healed":0,"gold_gain":0,"player_choice":"Success","damage_taken":7,"relics_obtained":["Magic Flower"],"max_hp_gain":0,"max_hp_loss":0,"event_name":"Scrap Ooze","floor":11,"gold_loss":0},{"damage_healed":20,"gold_gain":0,"player_choice":"Healed","damage_taken":0,"max_hp_gain":0,"max_hp_loss":0,"event_name":"The Cleric","floor":14,"gold_loss":35},{"damage_healed":0,"gold_gain":0,"player_choice":"Ignored","damage_taken":0,"max_hp_gain":0,"max_hp_loss":0,"event_name":"Cursed Tome","floor":19,"gold_loss":0},{"damage_healed":0,"gold_gain":0,"player_choice":"Opened","damage_taken":0,"relics_obtained":["Art of War"],"max_hp_gain":0,"max_hp_loss":0,"event_name":"The Mausoleum","floor":20,"gold_loss":0},{"damage_healed":0,"gold_gain":0,"player_choice":"Fight","damage_taken":0,"max_hp_gain":0,"max_hp_loss":0,"event_name":"Colosseum","floor":21,"gold_loss":0},{"damage_healed":0,"gold_gain":0,"player_choice":"Fled From Nobs","damage_taken":0,"max_hp_gain":0,"max_hp_loss":0,"event_name":"Colosseum","floor":21,"gold_loss":0},{"damage_healed":0,"gold_gain":0,"player_choice":"Became a vampire","damage_taken":0,"max_hp_gain":0,"max_hp_loss":24,"event_name":"Vampires","floor":22,"gold_loss":0,"cards_obtained":["Bite","Bite","Bite","Bite","Bite"]}],"is_beta":false,"boss_relics":[{"not_picked":["Eternal Feather","Astrolabe"],"picked":"Black Blood"}],"items_purged_floors":[],"is_endless":false,"potions_floor_spawned":[3,5,12],"killed_by":"Gremlin Leader","ascension_level":1}