{"gold_per_floor":[119,134,209,209,27,62,62,74,144,171,171,185,185,201,201,201],"floor_reached":16,"playtime":642,"items_purged":[],"score":110,"play_id":"a55f9c75-8350-41be-87b0-f0cd0fd6b830","local_time":"20190314212218","is_ascension_mode":false,"campfire_choices":[{"floor":7,"key":"REST"},{"data":"Riddle With Holes","floor":11,"key":"SMITH"},{"floor":13,"key":"REST"},{"data":"Quick Slash","floor":15,"key":"SMITH"}],"neow_cost":"NONE","seed_source_timestamp":130482316185809,"circlet_count":0,"master_deck":["Defend_G","Defend_G","Defend_G","Defend_G","Defend_G","Strike_G","Strike_G","Strike_G","Strike_G","Survivor","Neutralize","Riddle With Holes+1","Escape Plan","Poisoned Stab","Well Laid Plans","PiercingWail","Footwork","Die Die Die","Quick Slash+1"],"relics":["Ring of the Snake","Smiling Mask","Orichalcum","Lantern","Singing Bowl","Paper Crane"],"potions_floor_usage":[10,16],"damage_taken":[{"damage":0,"enemies":"Cultist","floor":1,"turns":4},{"damage":0,"enemies":"Small Slimes","floor":2,"turns":3},{"damage":15,"enemies":"3 Sentries","floor":6,"turns":11},{"damage":0,"enemies":"Jaw Worm","floor":8,"turns":3},{"damage":4,"enemies":"Gremlin Nob","floor":10,"turns":5},{"damage":9,"enemies":"Large Slime","floor":12,"turns":7},{"damage":0,"enemies":"Looter","floor":14,"turns":3},{"damage":33,"enemies":"Hexaghost","floor":16,"turns":10}],"seed_played":"3673393120039489307","potions_obtained":[{"floor":2,"key":"Swift Potion"},{"floor":10,"key":"SpeedPotion"},{"floor":14,"key":"Energy Potion"}],"is_trial":false,"path_per_floor":["M","M","?","?","$","E","R","M","T","E","R","M","R","M","R","B"],"character_chosen":"THE_SILENT","items_purchased":["Well Laid Plans","Orichalcum"],"campfire_rested":2,"item_purchase_floors":[5,5],"current_hp_per_floor":[70,70,59,17,17,2,23,23,23,19,19,10,31,33,33,0],"gold":201,"neow_bonus":"TRANSFORM_CARD","is_prod":false,"is_daily":false,"chose_seed":false,"campfire_upgraded":2,"win_rate":0,"timestamp":1552598538,"path_taken":["M","?","?","?","?","E","R","M","T","E","R","M","R","M","R","BOSS"],"build_version":"2019-02-06","purchased_purges":0,"victory":false,"max_hp_per_floor":[70,70,70,70,70,70,70,70,70,70,70,70,70,72,72,72],"card_choices":[{"not_picked":["Outmaneuver","Underhanded Strike"],"picked":"Escape Plan","floor":1},{"not_picked":["Outmaneuver","Dagger Spray"],"picked":"Poisoned Stab","floor":2},{"not_picked":["Finisher","Deflect"],"picked":"PiercingWail","floor":6},{"not_picked":["Cloak And Dagger","Backflip"],"picked":"Footwork","floor":8},{"not_picked":["Prepared","Cloak And Dagger"],"picked":"Die Die Die","floor":10},{"not_picked":["Outmaneuver","Sucker Punch"],"picked":"Quick Slash","floor":12},{"not_picked":["Dagger Spray","All Out Attack","Blade Dance"],"picked":"Singing Bowl","floor":14}],"player_experience":1087781,"relics_obtained":[{"floor":6,"key":"Lantern"},{"floor":9,"key":"Singing Bowl"},{"floor":10,"key":"Paper Crane"}],"event_choices":[{"damage_healed":0,"gold_gain":75,"player_choice":"Gather Gold","damage_taken":11,"max_hp_gain":0,"max_hp_loss":0,"event_name":"World of Goop","floor":3,"gold_loss":0},{"damage_healed":0,"gold_gain":0,"player_choice":"Success","damage_taken":42,"relics_obtained":["Smiling Mask"],"max_hp_gain":0,"max_hp_loss":0,"event_name":"Scrap Ooze","floor":4,"gold_loss":0}],"is_beta":true,"boss_relics":[],"items_purged_floors":[],"is_endless":false,"potions_floor_spawned":[2,10,14],"killed_by":"Hexaghost","ascension_level":0}