{"gold_per_floor":[112,112,19,34,51,80,80,380,456,473,506,523,537,537,537,638,638,628,628,642,88,188,218,238,238,262,7,21,40,40,40,40,143,143,157,157,0,14,14,43,43,53,80,80,26,26,26,46,46,46],"floor_reached":51,"playtime":2781,"items_purged":["Defend_R","Strike_R"],"score":830,"play_id":"2114fedc-d500-4c00-8a19-297a0d308aff","local_time":"20190329094859","is_ascension_mode":false,"campfire_choices":[{"data":"Infernal Blade","floor":7,"key":"SMITH"},{"floor":15,"key":"REST"},{"data":"Armaments","floor":25,"key":"SMITH"},{"data":"Reaper","floor":30,"key":"SMITH"},{"data":"Inflame","floor":32,"key":"SMITH"},{"data":"Demon Form","floor":41,"key":"SMITH"},{"data":"Cleave","floor":47,"key":"SMITH"},{"data":"Impatience","floor":49,"key":"SMITH"}],"neow_cost":"NONE","seed_source_timestamp":0,"circlet_count":0,"master_deck":["Strike_R","Strike_R+1","Strike_R","Defend_R","Defend_R","Defend_R","Bash","Thunderclap","Corruption","Cleave+1","Armaments+1","Infernal Blade+1","Flame Barrier+1","Shrug It Off","Pommel Strike","Inflame+1","Battle Trance+1","Reaper+1","Shrug It Off","Burning Pact","Heavy Blade+1","Impatience+1","Rampage+1","Shrug It Off+1","Limit Break+1","Bloodletting+1","Injury","Dual Wield+1","Deep Breath+1","Spot Weakness+1","Power Through+1","Shame","Demon Form+1","Entrench+1","Discovery+1","Apotheosis+1","Entrench+1","Writhe","Anger+1","Regret","Bash","Shrug It Off+1","Armaments+1","Shrug It Off+1"],"special_seed":0,"relics":["Black Blood","Juzu Bracelet","Old Coin","Darkstone Periapt","Du-Vu Doll","Cursed Key","Sling","Orichalcum","Ginger","Toxic Egg 2","Whetstone","Lantern","Question Card","Red Mask","Frozen Egg 2","Pen Nib"],"potions_floor_usage":[16,16,33,33,50,50,50],"damage_taken":[{"damage":1.0,"enemies":"Jaw Worm","floor":1.0,"turns":6.0},{"damage":0,"enemies":"2 Louse","floor":4,"turns":2},{"damage":0,"enemies":"Small Slimes","floor":5,"turns":3},{"damage":21,"enemies":"Lagavulin","floor":6,"turns":6},{"damage":21,"enemies":"Exordium Thugs","floor":10,"turns":5},{"damage":16,"enemies":"3 Sentries","floor":11,"turns":8},{"damage":1,"enemies":"Gremlin Gang","floor":12,"turns":3},{"damage":5,"enemies":"Looter","floor":13,"turns":3},{"damage":34,"enemies":"The Guardian","floor":16,"turns":13},{"damage":6,"enemies":"2 Thieves","floor":18,"turns":4},{"damage":13,"enemies":"Spheric Guardian","floor":20,"turns":6},{"damage":13,"enemies":"Colosseum Slavers","floor":22,"turns":4},{"damage":19,"enemies":"Colosseum Nobs","floor":22,"turns":5},{"damage":16,"enemies":"Slavers","floor":23,"turns":7},{"damage":2,"enemies":"Snecko","floor":24,"turns":5},{"damage":12,"enemies":"Shelled Parasite and Fungi","floor":28,"turns":4},{"damage":3,"enemies":"Snake Plant","floor":29,"turns":2},{"damage":38,"enemies":"Champ","floor":33,"turns":8},{"damage":33,"enemies":"3 Darklings","floor":35,"turns":5},{"damage":10,"enemies":"Orb Walker","floor":38,"turns":4},{"damage":8,"enemies":"Giant Head","floor":40,"turns":6},{"damage":9,"enemies":"3 Darklings","floor":42,"turns":4},{"damage":9,"enemies":"Jaw Worm Horde","floor":48,"turns":3},{"damage":47,"enemies":"Time Eater","floor":50,"turns":7}],"seed_played":"-4858947215074122422","potions_obtained":[{"floor":4,"key":"SkillPotion"},{"floor":10,"key":"Regen Potion"},{"floor":11,"key":"Block Potion"},{"floor":13,"key":"Swift Potion"},{"floor":16,"key":"Ancient Potion"},{"floor":18,"key":"SpeedPotion"},{"floor":20,"key":"LiquidBronze"},{"floor":33,"key":"Poison Potion"},{"floor":35,"key":"Poison Potion"}],"is_trial":false,"path_per_floor":["M","?","$","M","M","E","R","?","T","M","E","M","M","?","R","B",null,"M","?","M","$","?","E","M","R","T","$","M","M","R","?","R","B",null,"M","?","?","M","?","E","R","M","T","?","$","$","R","M","R","B",null],"character_chosen":"IRONCLAD","items_purchased":["Corruption","Cleave","Impatience","Rampage","Sling","Orichalcum","Dual Wield+1","Deep Breath+1","Armaments+1"],"campfire_rested":1,"item_purchase_floors":[3,3,21,21,21,21,27,27,45],"current_hp_per_floor":[88,88,88,88,88,73,73,55,55,40,30,35,36,18,44,16,88,88,88,81,81,68,72,76,76,82,82,76,79,79,85,85,81,100,77,72,72,83,106,106,106,106,112,112,112,112,112,112,112,75],"gold":46,"neow_bonus":"TEN_PERCENT_HP_BONUS","is_prod":false,"is_daily":false,"chose_seed":false,"campfire_upgraded":7,"win_rate":0.0,"timestamp":1553867339,"path_taken":["M","?","$","M","M","E","R","?","T","M","E","M","M","?","R","BOSS","M","?","M","?","?","E","M","R","T","$","M","M","R","?","R","BOSS","M","?","?","M","?","E","R","M","T","?","?","$","R","M","R","BOSS"],"build_version":"2019-01-23","purchased_purges":2,"victory":true,"max_hp_per_floor":[88,88,88,88,88,88,88,88,88,88,88,88,88,88,88,88,88,88,88,88,88,88,88,88,88,94,94,94,94,94,100,100,100,100,100,100,100,100,106,106,106,106,112,112,112,112,112,112,112,112],"card_choices":[{"not_picked":["Clothesline","Body Slam"],"picked":"Thunderclap","floor":1.0},{"not_picked":["Pommel Strike","Double Tap"],"picked":"Armaments","floor":4},{"not_picked":["Rage","Metallicize"],"picked":"Infernal Blade","floor":5},{"not_picked":["Reckless Charge","Sever Soul"],"picked":"Flame Barrier","floor":6},{"not_picked":["Flex","Heavy Blade"],"picked":"Shrug It Off","floor":10},{"not_picked":["Blood for Blood","Hemokinesis"],"picked":"Pommel Strike","floor":11},{"not_picked":["Reckless Charge","True Grit"],"picked":"Inflame","floor":12},{"not_picked":["Thunderclap","Flex"],"picked":"Battle Trance","floor":13},{"not_picked":["Double Tap","Brutality"],"picked":"Reaper","floor":16},{"not_picked":["Clothesline","True Grit"],"picked":"Shrug It Off","floor":18},{"not_picked":["Pommel Strike","Clash"],"picked":"Heavy Blade+1","floor":20},{"not_picked":["Flex","Clash"],"picked":"Shrug It Off","floor":22},{"not_picked":["Fire Breathing","Spot Weakness+1"],"picked":"Limit Break+1","floor":23},{"not_picked":["Carnage","Thunderclap"],"picked":"Bloodletting+1","floor":24},{"not_picked":["Warcry+1","Sword Boomerang"],"picked":"Spot Weakness+1","floor":28},{"not_picked":["Flex+1","Body Slam"],"picked":"Power Through+1","floor":29},{"not_picked":["Barricade","Brutality","Feed"],"picked":"Demon Form","floor":33},{"not_picked":["Battle Trance+1","Perfected Strike+1","Iron Wave+1"],"picked":"Entrench+1","floor":35},{"not_picked":["Deep Breath+1","PanicButton+1","Impatience+1"],"picked":"Discovery+1","floor":36},{"not_picked":["HandOfGreed","Impatience+1","Enlightenment+1"],"picked":"Apotheosis+1","floor":36},{"not_picked":["Shockwave+1","Clash","Sever Soul"],"picked":"Entrench+1","floor":38},{"not_picked":["Rage+1","Rupture","Combust+1"],"picked":"Anger+1","floor":40},{"not_picked":["Warcry+1","Thunderclap","True Grit+1","Whirlwind"],"picked":"SKIP","floor":42},{"not_picked":["Flex+1","Battle Trance+1","Carnage"],"picked":"Shrug It Off+1","floor":48}],"player_experience":27627,"relics_obtained":[{"floor":6,"key":"Juzu Bracelet"},{"floor":9,"key":"Darkstone Periapt"},{"floor":11,"key":"Du-Vu Doll"},{"floor":22,"key":"Ginger"},{"floor":22,"key":"Toxic Egg 2"},{"floor":23,"key":"Whetstone"},{"floor":26,"key":"Lantern"},{"floor":40,"key":"Frozen Egg 2"},{"floor":43,"key":"Pen Nib"}],"event_choices":[{"damage_healed":0.0,"max_hp_gain":0.0,"max_hp_loss":0.0,"gold_gain":0.0,"event_name":"Golden Wing","player_choice":"Ignored","floor":2.0,"gold_loss":0.0,"damage_taken":0.0},{"damage_healed":0,"gold_gain":0,"player_choice":"Success","damage_taken":18,"relics_obtained":["Old Coin"],"max_hp_gain":0,"max_hp_loss":0,"event_name":"Scrap Ooze","floor":8,"gold_loss":0},{"damage_healed":0,"gold_gain":0,"player_choice":"Entered Light","damage_taken":18,"max_hp_gain":0,"max_hp_loss":0,"event_name":"Shining Light","floor":14,"gold_loss":0,"cards_upgraded":["Flame Barrier","Battle Trance"]},{"damage_healed":0,"gold_gain":0,"cards_transformed":["Strike_R"],"player_choice":"Transformed","damage_taken":0,"max_hp_gain":0,"max_hp_loss":0,"event_name":"Transmorgrifier","floor":19,"gold_loss":0,"cards_obtained":["Burning Pact"]},{"damage_healed":0,"gold_gain":0,"player_choice":"Fight","damage_taken":0,"max_hp_gain":0,"max_hp_loss":0,"event_name":"Colosseum","floor":22,"gold_loss":0},{"damage_healed":0,"gold_gain":0,"player_choice":"Fought Nobs","damage_taken":0,"max_hp_gain":0,"max_hp_loss":0,"event_name":"Colosseum","floor":22,"gold_loss":0},{"damage_healed":0,"gold_gain":0,"player_choice":"Stole Relic","damage_taken":0,"relics_obtained":["Question Card"],"max_hp_gain":0,"max_hp_loss":0,"event_name":"Addict","floor":31,"gold_loss":0,"cards_obtained":["Shame"]},{"damage_healed":0,"gold_gain":0,"player_choice":"Memory 2","damage_taken":5,"max_hp_gain":0,"max_hp_loss":0,"event_name":"SensoryStone","floor":36,"gold_loss":0},{"damage_healed":0,"gold_gain":0,"player_choice":"Paid","damage_taken":0,"relics_obtained":["Red Mask"],"max_hp_gain":0,"max_hp_loss":0,"event_name":"Tomb of Lord Red Mask","floor":37,"gold_loss":157},{"damage_healed":25,"gold_gain":0,"player_choice":"Writhe","damage_taken":0,"max_hp_gain":0,"max_hp_loss":0,"event_name":"Winding Halls","floor":39,"gold_loss":0,"cards_obtained":["Writhe"]},{"damage_healed":0,"gold_gain":0,"player_choice":"2 cards matched","damage_taken":0,"max_hp_gain":0,"max_hp_loss":0,"event_name":"Match and Keep!","floor":44,"gold_loss":0,"cards_obtained":["Bash","Shrug It Off"]}],"is_beta":false,"boss_relics":[{"not_picked":["Velvet Choker","Black Star"],"picked":"Cursed Key"},{"not_picked":["Tiny House","Mark of Pain"],"picked":"Black Blood"}],"items_purged_floors":[21,27],"is_endless":false,"potions_floor_spawned":[4,10,11,13,16,18,20,23,33,35,42],"ascension_level":0}