{"gold_per_floor":[214,226,243,15,30,56,56,85,165,165,200,200,227,243,243,348,348,358,371,391,391,36,63,63,98,98,98,98,115,15,40,40,135,135,145,145,20,0,11,11,38,38,64,92,42,42,42,61,61,61],"floor_reached":50,"playtime":3443,"items_purged":["Strike_R","Strike_R","Strike_R"],"score":639,"play_id":"473d83b8-5b15-4912-9e90-559161a3045e","local_time":"20190425155434","is_ascension_mode":true,"campfire_choices":[{"floor":7,"key":"REST"},{"data":"Bash","floor":10,"key":"SMITH"},{"floor":12,"key":"REST"},{"data":"Armaments","floor":15,"key":"SMITH"},{"floor":24,"key":"REST"},{"floor":28,"key":"REST"},{"floor":32,"key":"REST"},{"floor":40,"key":"REST"},{"data":"Entrench","floor":42,"key":"SMITH"},{"floor":46,"key":"REST"},{"floor":49,"key":"REST"}],"neow_cost":"NONE","seed_source_timestamp":215090948292,"circlet_count":0,"master_deck":["Defend_R","Defend_R","Defend_R","Defend_R","Bash+1","Dropkick","Thunderclap","Reckless Charge","Reckless Charge","Thunderclap","Fiend Fire","Evolve","Armaments+1","Offering","Shockwave","Immolate","True Grit+1","Inflame","Entrench","Entrench+1","Wild Strike+1","Shrug It Off","Juggernaut","Body Slam+1","Rupture+1","Finesse","Whirlwind+1","Body Slam"],"relics":["Burning Blood","PreservedInsect","Calipers","Peace Pipe","Blue Candle","Art of War","Boot","Mark of Pain","Vajra","Kunai","Pantograph","Sundial","Prayer Wheel","Empty Cage","Red Mask","Juzu Bracelet","Potion Belt","Blood Vial"],"potions_floor_usage":[6,6,16,16,21,23,23,31,33,41,44,44,48,50],"damage_taken":[{"damage":0,"enemies":"2 Louse","floor":1,"turns":3},{"damage":5,"enemies":"Jaw Worm","floor":2,"turns":4},{"damage":10,"enemies":"Small Slimes","floor":3,"turns":4},{"damage":10,"enemies":"Looter","floor":5,"turns":3},{"damage":36,"enemies":"Lagavulin","floor":6,"turns":4},{"damage":14,"enemies":"Gremlin Nob","floor":8,"turns":3},{"damage":16,"enemies":"3 Sentries","floor":11,"turns":5},{"damage":3,"enemies":"Gremlin Nob","floor":13,"turns":3},{"damage":3,"enemies":"Gremlin Gang","floor":14,"turns":3},{"damage":16,"enemies":"Slime Boss","floor":16,"turns":8},{"damage":30,"enemies":"2 Thieves","floor":18,"turns":4},{"damage":6,"enemies":"Chosen","floor":19,"turns":3},{"damage":24,"enemies":"Snecko","floor":20,"turns":4},{"damage":17,"enemies":"Colosseum Slavers","floor":21,"turns":3},{"damage":14,"enemies":"Gremlin Leader","floor":23,"turns":4},{"damage":46,"enemies":"Book of Stabbing","floor":25,"turns":5},{"damage":0,"enemies":"3 Cultists","floor":29,"turns":2},{"damage":20,"enemies":"Slavers","floor":31,"turns":4},{"damage":35,"enemies":"Collector","floor":33,"turns":8},{"damage":26,"enemies":"3 Shapes","floor":35,"turns":2},{"damage":7,"enemies":"Orb Walker","floor":39,"turns":4},{"damage":6,"enemies":"Giant Head","floor":41,"turns":6},{"damage":68,"enemies":"Nemesis","floor":44,"turns":9},{"damage":20,"enemies":"4 Shapes","floor":48,"turns":4},{"damage":84,"enemies":"Donu and Deca","floor":50,"turns":5}],"seed_played":"3625070016175667894","potions_obtained":[{"floor":3,"key":"SkillPotion"},{"floor":5,"key":"LiquidBronze"},{"floor":13,"key":"AttackPotion"},{"floor":14,"key":"SkillPotion"},{"floor":16,"key":"SpeedPotion"},{"floor":20,"key":"BloodPotion"},{"floor":25,"key":"Ancient Potion"},{"floor":29,"key":"Regen Potion"},{"floor":31,"key":"BloodPotion"},{"floor":33,"key":"Strength Potion"},{"floor":41,"key":"Regen Potion"},{"floor":48,"key":"LiquidBronze"}],"is_trial":false,"path_per_floor":["M","M","M","$","M","E","R","E","T","R","E","R","E","M","R","B",null,"M","M","M","?","$","E","R","E","T","?","R","M","$","E","R","B",null,"M","?","$","?","M","R","E","R","T","E","$","R","?","M","R","B"],"character_chosen":"IRONCLAD","items_purchased":["PreservedInsect","Reckless Charge","Vajra","Strength Potion","Ancient Potion","Explosive Potion"],"campfire_rested":8,"item_purchase_floors":[4,4,22,22,22,45],"current_hp_per_floor":[80,80,76,76,72,42,66,58,58,58,48,72,75,78,78,68,80,56,56,38,35,35,27,51,11,11,37,61,67,67,53,77,59,80,60,60,60,60,59,80,80,80,80,30,30,54,54,42,66,0],"gold":61,"neow_bonus":"HUNDRED_GOLD","is_prod":false,"is_daily":false,"chose_seed":false,"campfire_upgraded":3,"win_rate":0,"timestamp":1556225674,"path_taken":["M","M","M","$","M","E","R","E","T","R","E","R","E","M","R","BOSS","M","M","M","?","$","E","R","E","T","?","R","M","$","E","R","BOSS","M","?","$","?","M","R","E","R","T","E","$","R","?","M","R","BOSS"],"build_version":"2019-01-23","purchased_purges":3,"victory":false,"max_hp_per_floor":[80,80,80,80,80,80,80,80,80,80,80,80,80,80,80,80,80,80,80,80,80,80,80,80,80,80,80,80,80,80,80,80,80,80,80,80,80,80,80,80,80,80,80,80,80,80,80,80,80,80],"card_choices":[{"not_picked":["Thunderclap","Flame Barrier"],"picked":"Dropkick","floor":1},{"not_picked":["Warcry","Sword Boomerang"],"picked":"Thunderclap","floor":2},{"not_picked":["Havoc","Battle Trance"],"picked":"Reckless Charge","floor":3},{"not_picked":["Iron Wave","Clothesline"],"picked":"Thunderclap","floor":5},{"not_picked":["True Grit","Clothesline"],"picked":"Fiend Fire","floor":6},{"not_picked":["Shockwave","Flame Barrier"],"picked":"Evolve","floor":8},{"not_picked":["Headbutt","Seeing Red"],"picked":"Armaments","floor":11},{"not_picked":["Rupture","Infernal Blade"],"picked":"Offering","floor":13},{"not_picked":["Rampage","Twin Strike"],"picked":"Shockwave","floor":14},{"not_picked":["Juggernaut","Brutality"],"picked":"Immolate","floor":16},{"not_picked":["Flex","Dual Wield"],"picked":"True Grit","floor":18},{"not_picked":["Clothesline","Infernal Blade"],"picked":"Inflame","floor":19},{"not_picked":["Thunderclap+1","Headbutt"],"picked":"Entrench","floor":20},{"not_picked":["Exhume","Havoc"],"picked":"Entrench","floor":23},{"not_picked":["Sword Boomerang+1","Combust+1"],"picked":"Wild Strike+1","floor":25},{"not_picked":["Clash","Pommel Strike","Immolate"],"picked":"SKIP","floor":29},{"not_picked":["Intimidate+1","Carnage"],"picked":"Shrug It Off","floor":31},{"not_picked":["Berserk","Barricade"],"picked":"Juggernaut","floor":33},{"not_picked":["Headbutt+1","Anger+1"],"picked":"Body Slam+1","floor":35},{"not_picked":["Headbutt+1","Clothesline"],"picked":"Rupture+1","floor":35},{"not_picked":["Transmutation","Blind"],"picked":"Finesse","floor":36},{"not_picked":["Wild Strike","Iron Wave+1","Sword Boomerang+1"],"picked":"SKIP","floor":39},{"not_picked":["Clothesline+1","Evolve","Combust"],"picked":"SKIP","floor":39},{"not_picked":["Uppercut+1","Intimidate","Ghostly Armor+1"],"picked":"SKIP","floor":41},{"not_picked":["Bloodletting","Clothesline"],"picked":"Whirlwind+1","floor":44},{"not_picked":["Corruption+1","Flex+1"],"picked":"Body Slam","floor":48},{"not_picked":["Clash","Anger","Warcry+1"],"picked":"SKIP","floor":48}],"player_experience":240113,"relics_obtained":[{"floor":6,"key":"Calipers"},{"floor":8,"key":"Peace Pipe"},{"floor":9,"key":"Blue Candle"},{"floor":11,"key":"Art of War"},{"floor":13,"key":"Boot"},{"floor":23,"key":"Kunai"},{"floor":25,"key":"Pantograph"},{"floor":26,"key":"Sundial"},{"floor":31,"key":"Prayer Wheel"},{"floor":41,"key":"Juzu Bracelet"},{"floor":43,"key":"Potion Belt"},{"floor":44,"key":"Blood Vial"}],"event_choices":[{"damage_healed":0,"gold_gain":0,"player_choice":"Fight","damage_taken":0,"max_hp_gain":0,"max_hp_loss":0,"event_name":"Colosseum","floor":21,"gold_loss":0},{"damage_healed":0,"gold_gain":0,"player_choice":"Fled From Nobs","damage_taken":0,"max_hp_gain":0,"max_hp_loss":0,"event_name":"Colosseum","floor":21,"gold_loss":0},{"damage_healed":26,"gold_gain":0,"player_choice":"Heal","damage_taken":0,"max_hp_gain":0,"max_hp_loss":0,"event_name":"The Library","floor":27,"gold_loss":0},{"damage_healed":0,"gold_gain":0,"player_choice":"Memory 1","damage_taken":0,"max_hp_gain":0,"max_hp_loss":0,"event_name":"SensoryStone","floor":36,"gold_loss":0},{"damage_healed":0,"gold_gain":0,"player_choice":"Paid","damage_taken":0,"relics_obtained":["Red Mask"],"max_hp_gain":0,"max_hp_loss":0,"event_name":"Tomb of Lord Red Mask","floor":38,"gold_loss":20},{"damage_healed":0,"gold_gain":0,"player_choice":"Upgraded","damage_taken":0,"max_hp_gain":0,"max_hp_loss":0,"event_name":"Upgrade Shrine","floor":47,"gold_loss":0,"cards_upgraded":["True Grit"]}],"is_beta":false,"boss_relics":[{"not_picked":["Orrery","Tiny House"],"picked":"Mark of Pain"},{"not_picked":["Black Star","Velvet Choker"],"picked":"Empty Cage"}],"items_purged_floors":[22,30,37],"is_endless":false,"potions_floor_spawned":[3,5,13,14,16,20,25,29,31,33,41,48],"killed_by":"Donu and Deca","ascension_level":1}