{"gold_per_floor":[118,118,134,4,21,21,50,125,179,179,205,205,205,223,223,323,323,337,437,449,180,193,193,224,40,88,126,138,177,71,87,87,189,189,209,209,209,227,46,79,79,89,113,113,124,149,149,149,149,149,149,149,8,35,35],"floor_reached":56,"playtime":3512,"items_purged":["Defend_G","Strike_G"],"score":1451,"play_id":"7504ec78-8005-4a9b-9bf1-d9182be3f8c1","local_time":"20190425125835","is_ascension_mode":true,"campfire_choices":[{"data":"A Thousand Cuts","floor":6,"key":"SMITH"},{"data":"Neutralize","floor":10,"key":"SMITH"},{"data":"Cloak And Dagger","floor":13,"key":"SMITH"},{"data":"Dodge and Roll","floor":15,"key":"SMITH"},{"data":"Calculated Gamble","floor":23,"key":"SMITH"},{"data":"Well Laid Plans","floor":28,"key":"SMITH"},{"data":"Footwork","floor":32,"key":"SMITH"},{"data":"Cloak And Dagger","floor":41,"key":"SMITH"},{"floor":44,"key":"RECALL"},{"data":"After Image","floor":49,"key":"SMITH"},{"data":"Cloak And Dagger","floor":52,"key":"SMITH"}],"neow_cost":"NONE","seed_source_timestamp":388746705867190,"circlet_count":0,"master_deck":["Defend_G","Defend_G","Strike_G+1","Strike_G+1","Survivor","Neutralize+1","Cloak And Dagger+1","A Thousand Cuts+1","Dodge and Roll+1","Flash of Steel","Quick Slash","Backflip","Escape Plan","Neutralize","Corpse Explosion","Accuracy+1","Expertise","Backflip","Calculated Gamble+1","Prepared+1","Well Laid Plans+1","Cloak And Dagger+1","Blade Dance","Footwork+1","After Image+1","Cloak And Dagger+1","Blade Dance+1","Burst","Backflip+1"],"relics":["Ring of the Snake","Regal Pillow","Whetstone","Ancient Tea Set","Busted Crown","Molten Egg 2","MawBank","Juzu Bracelet","Blood Vial","Eternal Feather","Bag of Preparation","Incense Burner","Pear","Orichalcum"],"potions_floor_usage":[18,29,33,38,40,50,55,55],"damage_taken":[{"damage":1,"enemies":"Cultist","floor":1,"turns":4},{"damage":1,"enemies":"Jaw Worm","floor":3,"turns":4},{"damage":1,"enemies":"Small Slimes","floor":5,"turns":3},{"damage":8,"enemies":"3 Sentries","floor":7,"turns":6},{"damage":11,"enemies":"Lagavulin","floor":11,"turns":6},{"damage":0,"enemies":"Exordium Thugs","floor":14,"turns":2},{"damage":10,"enemies":"The Guardian","floor":16,"turns":12},{"damage":0,"enemies":"Chosen","floor":18,"turns":4},{"damage":0,"enemies":"3 Byrds","floor":20,"turns":3},{"damage":8,"enemies":"Shelled Parasite and Fungi","floor":22,"turns":6},{"damage":8,"enemies":"Gremlin Leader","floor":24,"turns":6},{"damage":0,"enemies":"Book of Stabbing","floor":27,"turns":6},{"damage":3,"enemies":"Slavers","floor":29,"turns":2},{"damage":2,"enemies":"Snecko","floor":31,"turns":3},{"damage":23,"enemies":"Champ","floor":33,"turns":10},{"damage":5,"enemies":"3 Darklings","floor":35,"turns":5},{"damage":3,"enemies":"3 Shapes","floor":38,"turns":4},{"damage":11,"enemies":"Reptomancer","floor":40,"turns":7},{"damage":2,"enemies":"Maw","floor":42,"turns":7},{"damage":5,"enemies":"Transient","floor":45,"turns":5},{"damage":0,"enemies":"Giant Head","floor":46,"turns":8},{"damage":0,"enemies":"Donu and Deca","floor":50,"turns":7},{"damage":2,"enemies":"Shield and Spear","floor":54,"turns":4},{"damage":70,"enemies":"The Heart","floor":55,"turns":14}],"seed_played":"2009478990488770726","potions_obtained":[{"floor":3,"key":"EssenceOfSteel"},{"floor":7,"key":"Energy Potion"},{"floor":35,"key":"SpeedPotion"},{"floor":45,"key":"Swift Potion"},{"floor":54,"key":"Ancient Potion"}],"is_trial":false,"path_per_floor":["M","?","M","$","M","R","E","?","T","R","E","?","R","M","R","B",null,"M","?","M","$","M","R","E","$","T","E","R","E","$","M","R","B",null,"M","?","?","M","$","E","R","M","T","R","M","E","?","?","R","B",null,"R","$","E","B",null],"character_chosen":"THE_SILENT","items_purchased":["Flash of Steel","Fire Potion","Expertise","Backflip","GhostInAJar","Well Laid Plans","Cloak And Dagger","Footwork","Block Potion","Bag of Preparation","Cloak And Dagger","Burst"],"campfire_rested":0,"item_purchase_floors":[4,4,21,21,21,25,25,30,30,39,39,53],"current_hp_per_floor":[69,69,68,68,67,67,59,48,48,48,37,37,37,37,37,27,70,70,70,70,70,62,62,54,54,54,54,54,51,51,51,51,30,70,65,65,65,63,63,54,66,64,64,66,61,73,73,73,76,76,76,76,76,74,6],"gold":35,"neow_bonus":"REMOVE_CARD","is_prod":false,"is_daily":false,"chose_seed":false,"campfire_upgraded":10,"win_rate":0,"timestamp":1556193515,"path_taken":["M","?","M","$","?","R","E","?","T","R","E","?","R","M","R","BOSS","M","?","M","$","M","R","E","$","T","E","R","E","$","M","R","BOSS","M","?","?","M","$","E","R","M","T","R","M","E","?","?","R","BOSS","R","$","E","BOSS"],"build_version":"2019-04-23","purchased_purges":2,"victory":true,"max_hp_per_floor":[70,70,70,70,70,70,70,70,70,70,70,70,70,70,70,70,70,70,70,70,70,70,70,70,70,70,70,70,70,70,70,70,70,70,70,66,66,66,66,66,66,66,66,66,66,76,76,76,76,76,76,76,76,76,76],"card_choices":[{"not_picked":["Underhanded Strike","Acrobatics"],"picked":"Cloak And Dagger","floor":1},{"not_picked":["Deadly Poison","Distraction"],"picked":"Dodge and Roll","floor":3},{"not_picked":["Poisoned Stab","Flying Knee"],"picked":"Quick Slash","floor":5},{"not_picked":["Bane","Skewer"],"picked":"Backflip","floor":7},{"not_picked":["Outmaneuver","Catalyst"],"picked":"Escape Plan","floor":11},{"not_picked":["Quick Slash","Poisoned Stab","Dodge and Roll"],"picked":"SKIP","floor":14},{"not_picked":["Phantasmal Killer","Unload"],"picked":"Corpse Explosion","floor":16},{"not_picked":[],"picked":"Accuracy+1","floor":18},{"not_picked":["Backstab"],"picked":"SKIP","floor":20},{"not_picked":[],"picked":"Calculated Gamble","floor":22},{"not_picked":[],"picked":"Prepared+1","floor":24},{"not_picked":["Outmaneuver+1"],"picked":"SKIP","floor":27},{"not_picked":[],"picked":"Blade Dance","floor":29},{"not_picked":["Distraction+1"],"picked":"SKIP","floor":31},{"not_picked":[],"picked":"After Image","floor":33},{"not_picked":["Slice+1"],"picked":"SKIP","floor":35},{"not_picked":["Expertise+1"],"picked":"SKIP","floor":38},{"not_picked":["Footwork"],"picked":"SKIP","floor":40},{"not_picked":["Backflip+1"],"picked":"SKIP","floor":42},{"not_picked":[],"picked":"Blade Dance+1","floor":45},{"not_picked":["Sucker Punch+1"],"picked":"SKIP","floor":46},{"not_picked":[],"picked":"Backflip+1","floor":54}],"player_experience":20815,"relics_obtained":[{"floor":7,"key":"Regal Pillow"},{"floor":9,"key":"Whetstone"},{"floor":11,"key":"Ancient Tea Set"},{"floor":24,"key":"Molten Egg 2"},{"floor":26,"key":"MawBank"},{"floor":27,"key":"Juzu Bracelet"},{"floor":29,"key":"Blood Vial"},{"floor":40,"key":"Incense Burner"},{"floor":46,"key":"Pear"},{"floor":54,"key":"Orichalcum"}],"event_choices":[{"damage_healed":0,"gold_gain":0,"cards_transformed":["Strike_G"],"player_choice":"Transformed","damage_taken":0,"max_hp_gain":0,"max_hp_loss":0,"event_name":"Transmorgrifier","floor":2,"gold_loss":0,"cards_obtained":["A Thousand Cuts"]},{"damage_healed":0,"gold_gain":75,"player_choice":"Gather Gold","damage_taken":11,"max_hp_gain":0,"max_hp_loss":0,"event_name":"World of Goop","floor":8,"gold_loss":0},{"damage_healed":0,"gold_gain":0,"player_choice":"1 cards matched","damage_taken":0,"max_hp_gain":0,"max_hp_loss":0,"event_name":"Match and Keep!","floor":12,"gold_loss":0,"cards_obtained":["Neutralize"]},{"damage_healed":0,"gold_gain":100,"player_choice":"Pray","damage_taken":0,"max_hp_gain":0,"max_hp_loss":0,"event_name":"Golden Shrine","floor":19,"gold_loss":0},{"damage_healed":0,"gold_gain":0,"player_choice":"Max HP","damage_taken":0,"max_hp_gain":0,"max_hp_loss":4,"event_name":"Winding Halls","floor":36,"gold_loss":0},{"damage_healed":0,"gold_gain":0,"player_choice":"Memory 1","damage_taken":0,"max_hp_gain":0,"max_hp_loss":0,"event_name":"SensoryStone","floor":37,"gold_loss":0},{"cards_removed":["Strike_G"],"damage_healed":0,"gold_gain":0,"player_choice":"Offered Basic","damage_taken":0,"max_hp_gain":0,"max_hp_loss":0,"event_name":"Bonfire Elementals","floor":47,"gold_loss":0},{"cards_removed":["Defend_G"],"damage_healed":0,"gold_gain":0,"player_choice":"Card Removal","damage_taken":0,"max_hp_gain":0,"max_hp_loss":0,"event_name":"Wheel of Change","floor":48,"gold_loss":0}],"is_beta":true,"boss_relics":[{"not_picked":["Snecko Eye","Tiny House"],"picked":"Busted Crown"},{"not_picked":["Fusion Hammer","HoveringKite"],"picked":"Eternal Feather"}],"items_purged_floors":[21,25],"is_endless":false,"potions_floor_spawned":[3,7,14,24,27,31,35,45,54],"ascension_level":2}