{"gold_per_floor":[16,16,40,64,139,139,163,163,214,214,237,268,289,330,330,455,455,478,478,502,278,293,98,98,98,125,145,60,80,80,119,119,242,242,256,256,309,325,341,341,361,361,361,405,418,462,476,499,499,499,499,499,60,100,100],"floor_reached":56,"playtime":3749,"items_purged":["Strike_G","Strike_G","Strike_G"],"score":1366,"play_id":"c0d769b5-633d-4a39-94cb-d0fcf55c5fb5","local_time":"20190321001534","is_ascension_mode":false,"campfire_choices":[{"data":"Neutralize","floor":6,"key":"SMITH"},{"data":"Crippling Poison","floor":10,"key":"SMITH"},{"data":"Acrobatics","floor":15,"key":"SMITH"},{"data":"Tactician","floor":24,"key":"SMITH"},{"data":"Acrobatics","floor":30,"key":"SMITH"},{"data":"Storm of Steel","floor":32,"key":"SMITH"},{"data":"Envenom","floor":40,"key":"SMITH"},{"data":"Survivor","floor":42,"key":"SMITH"},{"floor":49,"key":"RECALL"},{"data":"Backflip","floor":52,"key":"SMITH"}],"neow_cost":"NO_GOLD","seed_source_timestamp":377135212834527,"circlet_count":0,"master_deck":["Defend_G","Defend_G","Defend_G","Defend_G","Strike_G","Survivor+1","Neutralize+1","Acrobatics+1","Footwork+1","Tactician+1","Crippling Poison+1","Dash","Backflip+1","Storm of Steel+1","Prepared+1","Acrobatics+1","Blade Dance+1","Finesse","Backflip","Envenom+1","Cloak And Dagger+1","Slice+1","Backflip+1","Calculated Gamble+1","Night Terror+1","Prepared+1","Master of Strategy+1","Well Laid Plans","Backflip+1"],"relics":["Ring of the Snake","Tough Bandages","Golden Idol","PreservedInsect","Bottled Flame","WristBlade","MutagenicStrength","Bag of Preparation","Anchor","Dodecahedron","Centennial Puzzle","Empty Cage","Boot","Toxic Egg 2","Sundial","Omamori","Bronze Scales"],"potions_floor_usage":[12,14,16,31,33,33,33,33,33,41,50,55,55,55],"damage_taken":[{"damage":0,"enemies":"Jaw Worm","floor":1,"turns":6},{"damage":0,"enemies":"2 Louse","floor":3,"turns":3},{"damage":2,"enemies":"Small Slimes","floor":4,"turns":6},{"damage":0,"enemies":"Blue Slaver","floor":7,"turns":6},{"damage":0,"enemies":"2 Fungi Beasts","floor":11,"turns":5},{"damage":0,"enemies":"Lagavulin","floor":12,"turns":7},{"damage":0,"enemies":"Gremlin Gang","floor":13,"turns":4},{"damage":2,"enemies":"3 Sentries","floor":14,"turns":10},{"damage":21,"enemies":"The Guardian","floor":16,"turns":16},{"damage":6,"enemies":"3 Byrds","floor":18,"turns":5},{"damage":9,"enemies":"2 Thieves","floor":20,"turns":3},{"damage":0,"enemies":"Sentry and Sphere","floor":22,"turns":5},{"damage":0,"enemies":"Snake Plant","floor":27,"turns":4},{"damage":0,"enemies":"Shelled Parasite and Fungi","floor":29,"turns":3},{"damage":0,"enemies":"Book of Stabbing","floor":31,"turns":3},{"damage":19,"enemies":"Automaton","floor":33,"turns":9},{"damage":0,"enemies":"3 Darklings","floor":35,"turns":4},{"damage":0,"enemies":"Orb Walker","floor":38,"turns":1},{"damage":0,"enemies":"4 Shapes","floor":39,"turns":4},{"damage":0,"enemies":"Writhing Mass","floor":41,"turns":5},{"damage":0,"enemies":"Giant Head","floor":44,"turns":3},{"damage":0,"enemies":"Spire Growth","floor":45,"turns":2},{"damage":0,"enemies":"Reptomancer","floor":46,"turns":2},{"damage":0,"enemies":"Transient","floor":47,"turns":5},{"damage":0,"enemies":"3 Darklings","floor":48,"turns":2},{"damage":1,"enemies":"Awakened One","floor":50,"turns":10},{"damage":0,"enemies":"Shield and Spear","floor":54,"turns":3},{"damage":55,"enemies":"The Heart","floor":55,"turns":10}],"seed_played":"4656444251341279613","potions_obtained":[{"floor":1,"key":"Swift Potion"},{"floor":4,"key":"SpeedPotion"},{"floor":7,"key":"Strength Potion"},{"floor":13,"key":"Regen Potion"},{"floor":14,"key":"PowerPotion"},{"floor":20,"key":"EntropicBrew"},{"floor":22,"key":"Strength Potion"},{"floor":27,"key":"PowerPotion"},{"floor":31,"key":"Poison Potion"},{"floor":33,"key":"Weak Potion"},{"floor":41,"key":"AttackPotion"},{"floor":44,"key":"Energy Potion"},{"floor":54,"key":"Energy Potion"}],"is_trial":false,"path_per_floor":["M","?","M","M","?","R","M","?","T","R","M","E","M","E","R","B",null,"M","?","M","$","M","$","R","?","T","M","?","M","R","E","R","B",null,"M","?","T","M","M","R","M","R","T","E","M","E","M","M","R","B",null,"R","$","E","B",null],"character_chosen":"THE_SILENT","items_purchased":["Bag of Preparation","Finesse","Prepared+1","Master of Strategy+1","Well Laid Plans","Backflip+1"],"campfire_rested":0,"item_purchase_floors":[21,23,53,53,53,53],"current_hp_per_floor":[70,65,65,63,52,52,52,57,57,57,57,57,57,55,55,34,70,64,64,55,55,55,55,55,55,55,55,55,55,55,55,55,51,70,70,70,70,70,70,70,70,70,70,70,70,70,70,70,70,69,70,70,70,70,15],"gold":100,"neow_bonus":"ONE_RARE_RELIC","is_prod":false,"is_daily":false,"chose_seed":false,"campfire_upgraded":9,"win_rate":0,"timestamp":1553127334,"path_taken":["M","?","M","M","?","R","M","?","T","R","M","E","M","E","R","BOSS","M","?","M","$","M","$","R","?","T","?","?","M","R","E","R","BOSS","M","?","?","M","M","R","M","R","T","E","?","E","?","M","R","BOSS","R","$","E","BOSS"],"build_version":"2019-03-15","purchased_purges":3,"victory":true,"max_hp_per_floor":[70,65,65,65,65,65,65,70,70,70,70,70,70,70,70,70,70,70,70,70,70,70,70,70,70,70,70,70,70,70,70,70,70,70,70,70,70,70,70,70,70,70,70,70,70,70,70,70,70,70,70,70,70,70,70],"card_choices":[{"not_picked":["Reflex","Bane"],"picked":"Acrobatics","floor":1},{"not_picked":["Prepared","Endless Agony"],"picked":"Footwork","floor":3},{"not_picked":["Slice","PiercingWail"],"picked":"Tactician","floor":4},{"not_picked":["Eviscerate","Leg Sweep"],"picked":"Crippling Poison","floor":7},{"not_picked":["Masterful Stab","Underhanded Strike"],"picked":"Dash","floor":11},{"not_picked":["Expertise","Sucker Punch","Blur"],"picked":"SKIP","floor":12},{"not_picked":["Predator","Prepared","Distraction"],"picked":"SKIP","floor":13},{"not_picked":["Expertise","Envenom"],"picked":"Backflip","floor":14},{"not_picked":["Malaise","Envenom"],"picked":"Storm of Steel","floor":16},{"not_picked":["Blade Dance","Infinite Blades"],"picked":"Prepared+1","floor":18},{"not_picked":["Slice","Dagger Spray+1"],"picked":"Acrobatics","floor":20},{"not_picked":["Finisher","Dagger Throw+1"],"picked":"Blade Dance+1","floor":22},{"not_picked":["Blur","Underhanded Strike","Dagger Throw"],"picked":"SKIP","floor":27},{"not_picked":["Poisoned Stab+1","Predator"],"picked":"Backflip","floor":29},{"not_picked":["Poisoned Stab","Riddle With Holes","Predator"],"picked":"SKIP","floor":31},{"not_picked":["Unload","Venomology"],"picked":"Envenom","floor":33},{"not_picked":["PiercingWail","Blade Dance"],"picked":"Cloak And Dagger+1","floor":35},{"not_picked":["Cloak And Dagger+1","Dagger Throw"],"picked":"Slice+1","floor":38},{"not_picked":["Poisoned Stab","PiercingWail+1"],"picked":"Backflip+1","floor":39},{"not_picked":["Flying Knee","Expertise+1","Deflect"],"picked":"SKIP","floor":41},{"not_picked":["Poisoned Stab","Flying Knee+1","Blade Dance+1"],"picked":"SKIP","floor":44},{"not_picked":["Poisoned Stab+1","Underhanded Strike","Crippling Poison+1"],"picked":"SKIP","floor":45},{"not_picked":["Well Laid Plans+1","Underhanded Strike+1"],"picked":"Calculated Gamble+1","floor":46},{"not_picked":["Deadly Poison+1","Prepared+1"],"picked":"Night Terror+1","floor":47},{"not_picked":["Footwork","Dagger Spray","Dodge and Roll+1"],"picked":"SKIP","floor":48},{"not_picked":["Flying Knee","Cloak And Dagger+1","Poisoned Stab"],"picked":"SKIP","floor":54}],"player_experience":1124675,"relics_obtained":[{"floor":12,"key":"PreservedInsect"},{"floor":14,"key":"Bottled Flame"},{"floor":26,"key":"Anchor"},{"floor":31,"key":"Centennial Puzzle"},{"floor":37,"key":"Boot"},{"floor":43,"key":"Toxic Egg 2"},{"floor":44,"key":"Sundial"},{"floor":46,"key":"Omamori"},{"floor":54,"key":"Bronze Scales"}],"event_choices":[{"damage_healed":0,"gold_gain":0,"player_choice":"Lose Max HP","damage_taken":0,"relics_obtained":["Golden Idol"],"max_hp_gain":0,"max_hp_loss":5,"event_name":"Golden Idol","floor":2,"gold_loss":0},{"damage_healed":0,"gold_gain":75,"player_choice":"Gather Gold","damage_taken":11,"max_hp_gain":0,"max_hp_loss":0,"event_name":"World of Goop","floor":5,"gold_loss":0},{"damage_healed":0,"gold_gain":0,"player_choice":"Donut","damage_taken":0,"max_hp_gain":5,"max_hp_loss":0,"event_name":"Big Fish","floor":8,"gold_loss":0},{"damage_healed":0,"gold_gain":0,"player_choice":"Inject Mutagens","damage_taken":0,"relics_obtained":["MutagenicStrength"],"max_hp_gain":0,"max_hp_loss":0,"event_name":"Drug Dealer","floor":19,"gold_loss":0},{"damage_healed":0,"gold_gain":0,"player_choice":"Upgraded","damage_taken":0,"max_hp_gain":0,"max_hp_loss":0,"event_name":"Upgrade Shrine","floor":25,"gold_loss":0,"cards_upgraded":["Footwork"]},{"damage_healed":0,"gold_gain":0,"player_choice":"Obtained Relic","damage_taken":0,"relics_obtained":["Dodecahedron"],"max_hp_gain":0,"max_hp_loss":0,"event_name":"Addict","floor":28,"gold_loss":85},{"damage_healed":0,"gold_gain":0,"player_choice":"Memory 1","damage_taken":0,"max_hp_gain":0,"max_hp_loss":0,"event_name":"SensoryStone","floor":36,"gold_loss":0}],"is_beta":true,"boss_relics":[{"not_picked":["Busted Crown","Fusion Hammer"],"picked":"WristBlade"},{"not_picked":["Astrolabe","Calling Bell"],"picked":"Empty Cage"}],"items_purged_floors":[21,23,53],"is_endless":false,"potions_floor_spawned":[1,4,7,11,13,14,20,22,27,31,33,41,44,45,47,54],"ascension_level":0}