{"gold_per_floor":[112,112,130,80,80,80,108,108,108,108,120,131,149,175,175,279,279,299,310,323,174,192,192,212,212,212,246,246,266,266,277,277,377,377,390,401,57,0,0,34,34,34,61,78,78,88,88,101,101,101,101,101,55,89,89],"floor_reached":55,"playtime":2381,"items_purged":["Strike_R"],"score":1161,"play_id":"ac84552f-b3ec-46e2-a350-7379bfc4de75","local_time":"20190223033438","is_ascension_mode":true,"campfire_choices":[{"data":"Havoc","floor":6,"key":"SMITH"},{"data":"Feel No Pain","floor":8,"key":"SMITH"},{"data":"Limit Break","floor":10,"key":"SMITH"},{"data":"Havoc","floor":15,"key":"SMITH"},{"data":"Corruption","floor":23,"key":"SMITH"},{"data":"Corruption","floor":25,"key":"SMITH"},{"floor":28,"key":"REST"},{"data":"Spot Weakness","floor":30,"key":"SMITH"},{"floor":32,"key":"RECALL"},{"floor":42,"key":"REST"},{"floor":49,"key":"REST"},{"data":"Demon Form","floor":52,"key":"SMITH"}],"neow_cost":"NONE","seed_source_timestamp":739622307021506,"circlet_count":0,"master_deck":["Strike_R","Strike_R","Defend_R","Defend_R","Defend_R","Bash","Cleave","Havoc+1","Feel No Pain+1","Limit Break+1","Flame Barrier","Havoc+1","Cleave","Offering","Corruption+1","Power Through","Spot Weakness+1","Corruption+1","Havoc+1","Flex+1","Demon Form+1","Rupture+1","Immolate+1","Intimidate","Doubt","Heavy Blade+1","Iron Wave+1"],"relics":["Black Blood","Art of War","Dead Branch","Orichalcum","Molten Egg 2","Potion Belt","Runic Dome","ClockworkSouvenir","Red Mask","Anchor","Ancient Tea Set","Happy Flower"],"potions_floor_usage":[7,16,16,18,33,33,40,44,54],"damage_taken":[{"damage":7,"enemies":"Small Slimes","floor":1,"turns":3},{"damage":6,"enemies":"Cultist","floor":3,"turns":3},{"damage":31,"enemies":"Gremlin Nob","floor":7,"turns":4},{"damage":13,"enemies":"2 Louse","floor":11,"turns":3},{"damage":3,"enemies":"Blue Slaver","floor":12,"turns":4},{"damage":6,"enemies":"Gremlin Gang","floor":13,"turns":5},{"damage":10,"enemies":"3 Sentries","floor":14,"turns":9},{"damage":19,"enemies":"The Guardian","floor":16,"turns":7},{"damage":22,"enemies":"3 Byrds","floor":18,"turns":5},{"damage":13,"enemies":"Shell Parasite","floor":19,"turns":4},{"damage":17,"enemies":"3 Cultists","floor":20,"turns":5},{"damage":21,"enemies":"Shelled Parasite and Fungi","floor":22,"turns":3},{"damage":12,"enemies":"Sentry and Sphere","floor":24,"turns":3},{"damage":11,"enemies":"Gremlin Leader","floor":27,"turns":3},{"damage":7,"enemies":"3 Cultists","floor":29,"turns":4},{"damage":18,"enemies":"Snake Plant","floor":31,"turns":2},{"damage":30,"enemies":"Automaton","floor":33,"turns":6},{"damage":9,"enemies":"3 Darklings","floor":35,"turns":4},{"damage":16,"enemies":"3 Shapes","floor":36,"turns":2},{"damage":50,"enemies":"Nemesis","floor":40,"turns":7},{"damage":19,"enemies":"Transient","floor":44,"turns":5},{"damage":6,"enemies":"Maw","floor":46,"turns":6},{"damage":17,"enemies":"3 Darklings","floor":48,"turns":3},{"damage":9,"enemies":"Donu and Deca","floor":50,"turns":5},{"damage":6,"enemies":"Shield and Spear","floor":54,"turns":4},{"damage":76,"enemies":"The Heart","floor":55,"turns":3}],"seed_played":"-4160815368595087156","potions_obtained":[{"floor":3,"key":"SkillPotion"},{"floor":12,"key":"SteroidPotion"},{"floor":13,"key":"Strength Potion"},{"floor":16,"key":"BloodPotion"},{"floor":18,"key":"PowerPotion"},{"floor":20,"key":"Swift Potion"},{"floor":22,"key":"SteroidPotion"},{"floor":29,"key":"GamblersBrew"},{"floor":44,"key":"GamblersBrew"},{"floor":54,"key":"SmokeBomb"}],"is_trial":false,"path_per_floor":["M","?","M","?","?","R","E","R","T","R","M","M","M","E","R","B",null,"M","M","M","$","M","R","M","R","T","E","R","M","R","M","R","B",null,"M","M","$","?","?","E","$","R","T","M","?","M","?","M","R","B",null,"R","$","E","B"],"character_chosen":"IRONCLAD","items_purchased":["Spot Weakness","Immolate+1","ClockworkSouvenir","Iron Wave+1"],"campfire_rested":3,"item_purchase_floors":[21,37,37,53],"current_hp_per_floor":[71,80,80,80,80,80,55,55,55,55,48,51,51,47,47,34,69,65,62,55,55,44,44,42,42,42,41,65,68,68,60,60,40,70,71,65,65,65,65,25,25,47,47,38,76,76,76,69,76,76,76,76,76,76,0],"gold":89,"neow_bonus":"RANDOM_COMMON_RELIC","is_prod":false,"is_daily":false,"chose_seed":false,"campfire_upgraded":8,"win_rate":0,"timestamp":1550903678,"path_taken":["M","?","?","?","?","R","E","R","T","R","?","M","M","E","R","BOSS","M","?","?","$","M","R","M","R","T","E","R","M","R","M","R","BOSS","M","M","$","?","?","E","$","R","T","M","?","M","?","M","R","BOSS","R","$","E","BOSS"],"build_version":"2019-01-23","purchased_purges":1,"victory":false,"max_hp_per_floor":[80,80,80,80,80,80,80,80,80,80,80,80,80,80,80,80,80,80,80,80,80,80,80,80,80,80,80,80,80,80,80,80,80,80,80,80,80,80,76,76,76,76,76,76,76,76,76,76,76,76,76,76,76,76,76],"card_choices":[{"not_picked":["Sever Soul","Headbutt"],"picked":"Cleave","floor":1},{"not_picked":["Intimidate","Sentinel"],"picked":"Havoc","floor":3},{"not_picked":["Rampage","Headbutt"],"picked":"Limit Break","floor":7},{"not_picked":["Pommel Strike","Iron Wave"],"picked":"Flame Barrier","floor":11},{"not_picked":["Wild Strike","Perfected Strike","Hemokinesis"],"picked":"SKIP","floor":12},{"not_picked":["Rupture","Twin Strike"],"picked":"Havoc","floor":13},{"not_picked":["Warcry","Pommel Strike"],"picked":"Cleave","floor":14},{"not_picked":["Brutality","Reaper"],"picked":"Offering","floor":16},{"not_picked":["Feel No Pain","Inflame+1"],"picked":"Corruption","floor":18},{"not_picked":["Infernal Blade","Warcry","Combust"],"picked":"SKIP","floor":19},{"not_picked":["Wild Strike","Body Slam"],"picked":"Power Through","floor":20},{"not_picked":["Armaments","Thunderclap+1"],"picked":"Corruption","floor":22},{"not_picked":["Whirlwind","True Grit","Armaments"],"picked":"SKIP","floor":24},{"not_picked":["Body Slam+1","Berserk"],"picked":"Havoc+1","floor":27},{"not_picked":["Carnage+1","Headbutt+1","Perfected Strike+1"],"picked":"SKIP","floor":29},{"not_picked":["Pummel+1","Heavy Blade+1"],"picked":"Flex+1","floor":31},{"not_picked":["Dark Embrace","Barricade"],"picked":"Demon Form","floor":33},{"not_picked":["Sentinel","Uppercut+1"],"picked":"Rupture+1","floor":35},{"not_picked":["Shrug It Off","Burning Pact","Uppercut+1"],"picked":"SKIP","floor":36},{"not_picked":["Pommel Strike+1","Cleave+1","Clash+1"],"picked":"SKIP","floor":40},{"not_picked":["Metallicize","Ghostly Armor"],"picked":"Intimidate","floor":44},{"not_picked":["True Grit+1","Warcry+1"],"picked":"Heavy Blade+1","floor":46},{"not_picked":["Iron Wave+1","Flex","Power Through+1"],"picked":"SKIP","floor":48},{"not_picked":["Headbutt+1","Fiend Fire+1","Reckless Charge+1"],"picked":"SKIP","floor":54}],"player_experience":829357,"relics_obtained":[{"floor":7,"key":"Dead Branch"},{"floor":14,"key":"Orichalcum"},{"floor":26,"key":"Molten Egg 2"},{"floor":27,"key":"Potion Belt"},{"floor":40,"key":"Anchor"},{"floor":43,"key":"Ancient Tea Set"},{"floor":54,"key":"Happy Flower"}],"event_choices":[{"damage_healed":9,"gold_gain":0,"player_choice":"Full Heal","damage_taken":0,"max_hp_gain":0,"max_hp_loss":0,"event_name":"Wheel of Change","floor":2,"gold_loss":0},{"cards_removed":["Strike_R"],"damage_healed":0,"gold_gain":0,"player_choice":"Card Removal","damage_taken":0,"max_hp_gain":0,"max_hp_loss":0,"event_name":"The Cleric","floor":4,"gold_loss":50},{"damage_healed":0,"gold_gain":0,"cards_transformed":["Defend_R"],"player_choice":"Transformed","damage_taken":0,"max_hp_gain":0,"max_hp_loss":0,"event_name":"Transmorgrifier","floor":5,"gold_loss":0,"cards_obtained":["Feel No Pain"]},{"damage_healed":0,"gold_gain":0,"player_choice":"Paid","damage_taken":0,"relics_obtained":["Red Mask"],"max_hp_gain":0,"max_hp_loss":0,"event_name":"Tomb of Lord Red Mask","floor":38,"gold_loss":57},{"damage_healed":0,"gold_gain":0,"player_choice":"Max HP","damage_taken":0,"max_hp_gain":0,"max_hp_loss":4,"event_name":"Winding Halls","floor":39,"gold_loss":0},{"damage_healed":38,"gold_gain":0,"player_choice":"Heal","damage_taken":0,"max_hp_gain":0,"max_hp_loss":0,"event_name":"MindBloom","floor":45,"gold_loss":0,"cards_obtained":["Doubt"]},{"cards_removed":["Strike_R"],"damage_healed":0,"gold_gain":0,"player_choice":"Removed Attack","damage_taken":0,"max_hp_gain":0,"max_hp_loss":0,"event_name":"Falling","floor":47,"gold_loss":0}],"is_beta":false,"boss_relics":[{"not_picked":["Calling Bell","Snecko Eye"],"picked":"Black Blood"},{"not_picked":["Eternal Feather","Coffee Dripper"],"picked":"Runic Dome"}],"items_purged_floors":[21],"is_endless":false,"potions_floor_spawned":[3,12,13,16,18,20,22,29,44,54],"killed_by":"The Heart","ascension_level":8}