{"gold_per_floor":[119,119,194,209,111,145,145,156,228,263,273,289,306,320,320,422,422,433,128,148,75,105,105,125,125,125,125],"floor_reached":27,"playtime":972,"items_purged":[],"score":288,"play_id":"7a8d592d-9b37-4b70-a1eb-7a3c25bb5ac3","local_time":"20190507143232","is_ascension_mode":true,"campfire_choices":[{"floor":15,"key":"REST"},{"data":"Feed","floor":23,"key":"SMITH"}],"neow_cost":"NONE","seed_source_timestamp":128745040819400,"circlet_count":0,"master_deck":["Strike_R","Strike_R+1","Strike_R","Strike_R","Strike_R","Defend_R","Defend_R+1","Defend_R","Defend_R","Bash","Sword Boomerang","Sword Boomerang","Shrug It Off","Flex","Feed+1","Wild Strike","Inflame","Whirlwind","Shrug It Off","Berserk","Havoc+1","Armaments","Armaments","Battle Trance","Writhe","Flame Barrier"],"relics":["Burning Blood","NeowsBlessing","Orichalcum","Mercury Hourglass","Mark of Pain","Paper Frog","Tiny Chest","Self Forming Clay"],"potions_floor_usage":[16,16,16,18,18,20],"damage_taken":[{"damage":0,"enemies":"Small Slimes","floor":1,"turns":1},{"damage":0,"enemies":"2 Louse","floor":4,"turns":1},{"damage":0,"enemies":"3 Sentries","floor":6,"turns":2},{"damage":4,"enemies":"Jaw Worm","floor":8,"turns":3},{"damage":21,"enemies":"Gremlin Nob","floor":10,"turns":4},{"damage":3,"enemies":"2 Fungi Beasts","floor":11,"turns":2},{"damage":11,"enemies":"Gremlin Gang","floor":12,"turns":2},{"damage":13,"enemies":"Red Slaver","floor":13,"turns":4},{"damage":23,"enemies":"Exordium Thugs","floor":14,"turns":4},{"damage":50,"enemies":"Hexaghost","floor":16,"turns":11},{"damage":21,"enemies":"Shell Parasite","floor":18,"turns":5},{"damage":23,"enemies":"3 Byrds","floor":20,"turns":5},{"damage":54,"enemies":"Snake Plant","floor":24,"turns":4},{"damage":14,"enemies":"Chosen and Byrds","floor":27,"turns":4}],"seed_played":"7160445598248319938","potions_obtained":[{"floor":1,"key":"Block Potion"},{"floor":10,"key":"Fire Potion"},{"floor":11,"key":"EntropicBrew"},{"floor":20,"key":"Fruit Juice"},{"floor":24,"key":"LiquidBronze"}],"is_trial":false,"path_per_floor":["M","$","?","M","$","E","?","M","T","E","M","M","M","M","R","B",null,"M","$","M","$","?","R","M","?","T","M"],"character_chosen":"IRONCLAD","items_purchased":["Shrug It Off","Flex","Paper Frog","Armaments","Battle Trance"],"campfire_rested":1,"item_purchase_floors":[5,5,19,19,21],"current_hp_per_floor":[80,80,69,75,75,80,64,66,66,51,54,52,45,28,52,8,83,68,68,56,56,56,56,8,13,13,0],"gold":125,"neow_bonus":"THREE_ENEMY_KILL","is_prod":false,"is_daily":false,"chose_seed":false,"campfire_upgraded":1,"win_rate":0,"timestamp":1557253952,"path_taken":["M","$","?","M","$","E","?","M","T","E","M","M","M","M","R","BOSS","M","$","M","$","?","R","M","?","T","M"],"build_version":"2019-01-23","purchased_purges":0,"victory":false,"max_hp_per_floor":[80,80,80,80,80,80,80,80,80,80,80,83,83,83,83,83,83,83,83,88,88,88,88,88,88,88,88],"card_choices":[{"not_picked":["Second Wind","Clash"],"picked":"Sword Boomerang","floor":1},{"not_picked":["Pommel Strike","Clash"],"picked":"Sword Boomerang","floor":4},{"not_picked":["Iron Wave","Rampage"],"picked":"Feed","floor":6},{"not_picked":["Burning Pact","Perfected Strike"],"picked":"Wild Strike","floor":8},{"not_picked":["Iron Wave","Evolve"],"picked":"Inflame","floor":10},{"not_picked":["Clash","Body Slam"],"picked":"Wild Strike","floor":11},{"not_picked":["Body Slam","Sentinel","Sword Boomerang"],"picked":"SKIP","floor":12},{"not_picked":["Fire Breathing","Havoc"],"picked":"Whirlwind","floor":13},{"not_picked":["Headbutt","Power Through"],"picked":"Shrug It Off","floor":14},{"not_picked":["Exhume","Impervious"],"picked":"Berserk","floor":16},{"not_picked":["Flex","Clothesline"],"picked":"Havoc+1","floor":18},{"not_picked":["Clash","Blood for Blood"],"picked":"Armaments","floor":20},{"not_picked":["Shrug It Off","Body Slam+1"],"picked":"Flame Barrier","floor":24}],"player_experience":141093,"relics_obtained":[{"floor":6,"key":"Orichalcum"},{"floor":10,"key":"Mercury Hourglass"},{"floor":26,"key":"Self Forming Clay"}],"event_choices":[{"damage_healed":0,"gold_gain":75,"player_choice":"Gather Gold","damage_taken":11,"max_hp_gain":0,"max_hp_loss":0,"event_name":"World of Goop","floor":3,"gold_loss":0},{"damage_healed":0,"gold_gain":0,"player_choice":"Entered Light","damage_taken":16,"max_hp_gain":0,"max_hp_loss":0,"event_name":"Shining Light","floor":7,"gold_loss":0,"cards_upgraded":["Defend_R","Strike_R"]},{"damage_healed":0,"gold_gain":0,"player_choice":"Opened","damage_taken":0,"relics_obtained":["Tiny Chest"],"max_hp_gain":0,"max_hp_loss":0,"event_name":"The Mausoleum","floor":22,"gold_loss":0,"cards_obtained":["Writhe"]},{"cards_removed":["Wild Strike"],"damage_healed":5,"gold_gain":0,"player_choice":"Offered Common","damage_taken":0,"max_hp_gain":0,"max_hp_loss":0,"event_name":"Bonfire Elementals","floor":25,"gold_loss":0},{"cards_removed":["Wild Strike"],"damage_healed":5,"gold_gain":0,"player_choice":"Offered Special","damage_taken":0,"max_hp_gain":0,"max_hp_loss":0,"event_name":"Bonfire Elementals","floor":25,"gold_loss":0}],"is_beta":false,"boss_relics":[{"not_picked":["Busted Crown","Coffee Dripper"],"picked":"Mark of Pain"}],"items_purged_floors":[],"is_endless":false,"potions_floor_spawned":[1,10,11,12,20,24],"killed_by":"Chosen and Byrds","ascension_level":3}