{"gold_per_floor":[117,132,132,151,58,58,119,144,144,155,166,291,291,341,341,442,442,462,512,562,125,185,185,235,235,235,235,302,352,352],"floor_reached":30,"playtime":796,"items_purged":[],"score":308,"play_id":"0e63448b-8e9c-479d-8f15-20a0af166abc","local_time":"20190131155534","is_ascension_mode":true,"campfire_choices":[{"data":"Armaments","floor":6,"key":"SMITH"},{"data":"Combust","floor":13,"key":"SMITH"},{"data":"Metallicize","floor":15,"key":"SMITH"},{"data":"Armaments","floor":23,"key":"SMITH"},{"floor":25,"key":"REST"},{"data":"Berserk","floor":27,"key":"SMITH"}],"neow_cost":"NONE","seed_source_timestamp":140816758960820,"circlet_count":0,"master_deck":["Strike_R","Strike_R","Strike_R","Strike_R","Defend_R","Defend_R","Defend_R","Defend_R","Bash","Clash","Battle Trance","Intimidate","Metallicize+1","Armaments+1","Thunderclap","Combust+1","Cleave","Headbutt","Metallicize","Berserk+1","Sword Boomerang","Metallicize","Fiend Fire","Combust","Bash","Corruption","Armaments+1","Inflame","Headbutt"],"relics":["Burning Blood","NeowsBlessing","SsserpentHead","Paper Frog","Gambling Chip","Sozu","FossilizedHelix","Mummified Hand","MutagenicStrength"],"potions_floor_usage":[7,10,16],"damage_taken":[{"damage":0,"enemies":"Jaw Worm","floor":1,"turns":1},{"damage":0,"enemies":"Cultist","floor":2,"turns":1},{"damage":0,"enemies":"Small Slimes","floor":4,"turns":1},{"damage":13,"enemies":"Exordium Wildlife","floor":7,"turns":4},{"damage":20,"enemies":"3 Sentries","floor":8,"turns":4},{"damage":14,"enemies":"Exordium Thugs","floor":10,"turns":4},{"damage":0,"enemies":"Looter","floor":11,"turns":3},{"damage":43,"enemies":"Hexaghost","floor":16,"turns":12},{"damage":10,"enemies":"2 Thieves","floor":18,"turns":4},{"damage":36,"enemies":"Shell Parasite","floor":22,"turns":6},{"damage":27,"enemies":"Sentry and Sphere","floor":28,"turns":5},{"damage":38,"enemies":"Book of Stabbing","floor":30,"turns":4}],"seed_played":"-7998012981667548232","potions_obtained":[{"floor":2,"key":"Explosive Potion"},{"floor":8,"key":"SkillPotion"},{"floor":10,"key":"Weak Potion"}],"is_trial":false,"path_per_floor":["M","M","?","M","$","R","M","E","T","M","M","?","R","?","R","B",null,"M","?","?","$","M","R","?","R","T","R","M","?","E"],"character_chosen":"IRONCLAD","items_purchased":["Metallicize","Armaments","Thunderclap","Corruption","FossilizedHelix","Armaments"],"campfire_rested":1,"item_purchase_floors":[5,5,5,21,21,21],"current_hp_per_floor":[78,80,80,80,80,80,73,59,59,51,57,46,46,72,72,35,69,65,65,65,65,35,35,35,59,59,59,38,38,0],"gold":352,"neow_bonus":"THREE_ENEMY_KILL","is_prod":false,"is_daily":false,"chose_seed":false,"campfire_upgraded":5,"win_rate":0,"timestamp":1548960934,"path_taken":["M","M","?","M","?","R","?","E","T","M","M","?","R","?","R","BOSS","M","?","?","$","?","R","?","R","T","R","?","?","E"],"build_version":"2019-01-23","purchased_purges":0,"victory":false,"max_hp_per_floor":[80,80,80,80,80,80,80,80,80,80,80,80,80,80,80,80,80,80,80,80,80,80,80,80,80,80,80,80,80,80],"card_choices":[{"not_picked":["Bloodletting","Rage"],"picked":"Clash","floor":1},{"not_picked":["Thunderclap","Sentinel"],"picked":"Battle Trance","floor":2},{"not_picked":["Rage","True Grit"],"picked":"Intimidate","floor":4},{"not_picked":["Sword Boomerang","True Grit"],"picked":"Combust","floor":7},{"not_picked":["Entrench","Body Slam"],"picked":"Cleave","floor":8},{"not_picked":["Anger","Exhume"],"picked":"Headbutt","floor":10},{"not_picked":["Hemokinesis","Carnage"],"picked":"Metallicize","floor":11},{"not_picked":["Impervious","Juggernaut"],"picked":"Berserk","floor":16},{"not_picked":["Pummel","Clothesline"],"picked":"Sword Boomerang","floor":18},{"not_picked":["Clothesline","Clash"],"picked":"Inflame","floor":22},{"not_picked":["Sever Soul","Pommel Strike"],"picked":"Headbutt","floor":28}],"player_experience":694479,"relics_obtained":[{"floor":8,"key":"Paper Frog"},{"floor":9,"key":"Gambling Chip"},{"floor":26,"key":"Mummified Hand"}],"event_choices":[{"damage_healed":0,"gold_gain":0,"player_choice":"Trade","damage_taken":0,"relics_obtained":["SsserpentHead"],"max_hp_gain":0,"max_hp_loss":0,"event_name":"FaceTrader","floor":3,"gold_loss":0},{"damage_healed":0,"gold_gain":75,"player_choice":"Gather Gold","damage_taken":11,"max_hp_gain":0,"max_hp_loss":0,"event_name":"World of Goop","floor":12,"gold_loss":0},{"damage_healed":26,"gold_gain":0,"player_choice":"Banana","damage_taken":0,"max_hp_gain":0,"max_hp_loss":0,"event_name":"Big Fish","floor":14,"gold_loss":0},{"damage_healed":0,"gold_gain":0,"player_choice":"Read","damage_taken":0,"max_hp_gain":0,"max_hp_loss":0,"event_name":"The Library","floor":19,"gold_loss":0,"cards_obtained":["Metallicize"]},{"damage_healed":0,"gold_gain":0,"player_choice":"3 cards matched","damage_taken":0,"max_hp_gain":0,"max_hp_loss":0,"event_name":"Match and Keep!","floor":20,"gold_loss":0,"cards_obtained":["Fiend Fire","Combust","Bash"]},{"cards_removed":["Strike_R"],"damage_healed":0,"gold_gain":0,"player_choice":"Purged","damage_taken":0,"max_hp_gain":0,"max_hp_loss":0,"event_name":"Purifier","floor":24,"gold_loss":0},{"damage_healed":0,"gold_gain":0,"player_choice":"Inject Mutagens","damage_taken":0,"relics_obtained":["MutagenicStrength"],"max_hp_gain":0,"max_hp_loss":0,"event_name":"Drug Dealer","floor":29,"gold_loss":0}],"is_beta":false,"boss_relics":[{"not_picked":["White Beast Statue","Runic Pyramid"],"picked":"Sozu"}],"items_purged_floors":[],"is_endless":false,"potions_floor_spawned":[2,8,10,22,28],"killed_by":"Book of Stabbing","ascension_level":7}