{"gold_per_floor":[367,379,36,36,87,158,158,217,217,286,343,363,406,493,493,623,623,663,706,706,805,114,166,183,268,268,268,44,44,106,147,147,276,276,318,76,114,174,174,174,228,273,321,380,417,457,457,467,467,517,517,517,30,84,109],"floor_reached":56,"playtime":3881,"items_purged":["Strike_R","Strike_R","Strike_R","Defend_R"],"score":1240,"play_id":"eb1d3f7a-d302-4733-832a-84e68a7a82c2","local_time":"20190424113200","is_ascension_mode":false,"campfire_choices":[{"data":"HandOfGreed","floor":7.0,"key":"SMITH"},{"data":"True Grit","floor":15.0,"key":"SMITH"},{"floor":29,"key":"REST"},{"data":"Bash","floor":32,"key":"SMITH"},{"data":"Bloodletting","floor":40,"key":"SMITH"},{"floor":47,"key":"RECALL"},{"data":"Rage","floor":49,"key":"SMITH"},{"data":"Thunderclap","floor":52,"key":"SMITH"}],"neow_cost":"TEN_PERCENT_HP_LOSS","seed_source_timestamp":0,"circlet_count":0,"master_deck":["Defend_R","Defend_R","Defend_R","Bash+1","Cleave","Iron Wave","Flex","HandOfGreed+1","Shrug It Off","Anger","True Grit+1","Demon Form+1","Shrug It Off","Rage+1","Dropkick","Metallicize+1","Shrug It Off","Corruption+1","Thunderclap+1","Reaper","Armaments+1","Bloodletting+1","Dark Embrace+1","Dual Wield+1","Reaper","Sword Boomerang+1"],"special_seed":0,"relics":["Burning Blood","Frozen Egg 2","Torii","Du-Vu Doll","Runic Pyramid","Orichalcum","Paper Frog","The Courier","Strawberry","Regal Pillow","Empty Cage","FossilizedHelix","Boot","Ginger","Bag of Preparation","Bottled Tornado","Incense Burner"],"potions_floor_usage":[44,50,55,55,55],"damage_taken":[{"damage":0.0,"enemies":"Small Slimes","floor":1.0,"turns":3.0},{"damage":6.0,"enemies":"Jaw Worm","floor":2.0,"turns":4.0},{"damage":0.0,"enemies":"2 Louse","floor":5.0,"turns":3.0},{"damage":4.0,"enemies":"Gremlin Gang","floor":6.0,"turns":7.0},{"damage":18.0,"enemies":"Gremlin Nob","floor":8.0,"turns":4.0},{"damage":2.0,"enemies":"3 Louse","floor":10.0,"turns":5.0},{"damage":14.0,"enemies":"Lagavulin","floor":11.0,"turns":4.0},{"damage":8.0,"enemies":"Red Slaver","floor":12.0,"turns":2.0},{"damage":0.0,"enemies":"Large Slime","floor":13.0,"turns":4.0},{"damage":1.0,"enemies":"Gremlin Gang","floor":14.0,"turns":8.0},{"damage":46.0,"enemies":"Slime Boss","floor":16.0,"turns":10.0},{"damage":2.0,"enemies":"Chosen","floor":18.0,"turns":4.0},{"damage":20.0,"enemies":"2 Thieves","floor":19.0,"turns":5.0},{"damage":38.0,"enemies":"Gremlin Leader","floor":23.0,"turns":7.0},{"damage":2.0,"enemies":"Snecko","floor":24.0,"turns":8.0},{"damage":14.0,"enemies":"Slavers","floor":25.0,"turns":8.0},{"damage":1,"enemies":"Centurion and Healer","floor":30,"turns":5},{"damage":3,"enemies":"Chosen and Byrds","floor":31,"turns":7},{"damage":23,"enemies":"Collector","floor":33,"turns":8},{"damage":16,"enemies":"3 Darklings","floor":35,"turns":7},{"damage":0,"enemies":"Orb Walker","floor":37,"turns":5},{"damage":16,"enemies":"Jaw Worm Horde","floor":38,"turns":6},{"damage":10,"enemies":"Nemesis","floor":41,"turns":7},{"damage":2,"enemies":"Writhing Mass","floor":42,"turns":7},{"damage":65,"enemies":"Reptomancer","floor":44,"turns":8},{"damage":4,"enemies":"Spire Growth","floor":45,"turns":6},{"damage":10,"enemies":"Maw","floor":46,"turns":9},{"damage":3,"enemies":"Transient","floor":48,"turns":5},{"damage":31,"enemies":"Donu and Deca","floor":50,"turns":8},{"damage":59,"enemies":"Shield and Spear","floor":54,"turns":6},{"damage":116,"enemies":"The Heart","floor":55,"turns":9}],"seed_played":"-7574702026886542082","potions_obtained":[{"floor":1.0,"key":"FearPotion"},{"floor":11.0,"key":"SteroidPotion"},{"floor":12.0,"key":"GamblersBrew"},{"floor":13.0,"key":"SpeedPotion"},{"floor":19.0,"key":"Explosive Potion"},{"floor":23.0,"key":"Fire Potion"},{"floor":33,"key":"LiquidBronze"},{"floor":39,"key":"PowerPotion"},{"floor":44,"key":"Strength Potion"}],"is_trial":false,"path_per_floor":["M","M","$","?","M","M","R","E","T","M","E","M","M","M","R","B",null,"M","M","?","?","$","E","M","E","T","?","$","R","M","M","R","B",null,"M","$","M","M","?","R","E","M","T","E","M","M","R","M","R","B",null,"R","$","E","B",null],"character_chosen":"IRONCLAD","items_purchased":["Flex","HandOfGreed","Shrug It Off","Orichalcum","Paper Frog","Dropkick","Metallicize+1","Shrug It Off","Regal Pillow","FossilizedHelix","PowerPotion","Bag of Preparation","Bottled Tornado"],"campfire_rested":1,"item_purchase_floors":[3,3,3,22,22,22,22,22,28,36,53,53,53],"current_hp_per_floor":[72,72,72,72,72,72,72,60,60,64,56,54,60,65,65,25,72,72,58,58,58,58,26,30,22,29,29,29,67,72,75,75,58,79,79,79,79,79,79,79,75,79,79,48,79,75,75,79,79,79,79,79,79,66,45],"gold":109,"neow_bonus":"TWO_FIFTY_GOLD","is_prod":false,"is_daily":false,"chose_seed":false,"campfire_upgraded":6,"win_rate":0,"timestamp":1556101920,"path_taken":["M","M","$","?","M","M","R","E","T","M","E","M","M","M","R","BOSS","M","M","?","?","$","E","M","E","T","?","$","R","M","M","R","BOSS","M","$","M","M","?","R","E","?","T","E","M","M","R","M","R","BOSS","R","$","E","BOSS"],"build_version":"2019-04-23","purchased_purges":4,"victory":true,"max_hp_per_floor":[72,72,72,72,72,72,72,72,72,72,72,72,72,72,72,72,72,72,72,72,72,72,72,72,72,79,79,79,79,79,79,79,79,79,79,79,79,79,79,79,79,79,79,79,79,79,79,79,79,79,79,79,79,79,79],"card_choices":[{"not_picked":["Sever Soul","Pummel"],"picked":"Cleave","floor":1.0},{"not_picked":["Entrench","Clash"],"picked":"Iron Wave","floor":2.0},{"not_picked":["Flex","Iron Wave"],"picked":"Anger","floor":5.0},{"not_picked":["Clash","Sword Boomerang","Flex"],"picked":"SKIP","floor":6.0},{"not_picked":["Heavy Blade","Sword Boomerang","True Grit"],"picked":"SKIP","floor":8.0},{"not_picked":["Intimidate","Flex","Blood for Blood"],"picked":"SKIP","floor":10.0},{"not_picked":["Power Through","Corruption+1"],"picked":"True Grit","floor":11.0},{"not_picked":["Hemokinesis","Clothesline","Shockwave"],"picked":"SKIP","floor":12.0},{"not_picked":["Fire Breathing+1","Berserk+1","Shockwave"],"picked":"SKIP","floor":13.0},{"not_picked":["Seeing Red","Clash","Flex"],"picked":"SKIP","floor":14.0},{"not_picked":["Feed","Exhume"],"picked":"Demon Form+1","floor":16.0},{"not_picked":["Heavy Blade+1","Spot Weakness"],"picked":"Shrug It Off","floor":18.0},{"not_picked":["Pummel","Feel No Pain+1"],"picked":"Rage","floor":19.0},{"not_picked":["Feed","Anger","Flex"],"picked":"SKIP","floor":23.0},{"not_picked":["Clash","Dual Wield","Havoc"],"picked":"SKIP","floor":24.0},{"not_picked":["Impervious","Spot Weakness"],"picked":"Corruption+1","floor":25.0},{"not_picked":["Power Through+1","Second Wind","True Grit+1"],"picked":"SKIP","floor":30},{"not_picked":["Evolve+1","Warcry"],"picked":"Thunderclap","floor":31},{"not_picked":["Double Tap","Limit Break"],"picked":"Reaper","floor":33},{"not_picked":["Warcry+1","Pommel Strike"],"picked":"Armaments+1","floor":35},{"not_picked":["Shrug It Off","Perfected Strike+1","Ghostly Armor"],"picked":"SKIP","floor":37},{"not_picked":["Armaments+1","Sword Boomerang"],"picked":"Bloodletting","floor":38},{"not_picked":["Body Slam","Sword Boomerang"],"picked":"Dark Embrace+1","floor":41},{"not_picked":["Rage","Body Slam+1"],"picked":"Dual Wield+1","floor":42},{"not_picked":["Anger","Cleave+1"],"picked":"Reaper","floor":44},{"not_picked":["Second Wind","Hemokinesis+1","Blood for Blood"],"picked":"SKIP","floor":45},{"not_picked":["Armaments","Flex+1"],"picked":"Sword Boomerang+1","floor":46},{"not_picked":["Twin Strike","Blood for Blood","Armaments"],"picked":"SKIP","floor":48},{"not_picked":["True Grit","Wild Strike+1","Sword Boomerang+1"],"picked":"SKIP","floor":54}],"player_experience":1225352,"relics_obtained":[{"floor":8.0,"key":"Frozen Egg 2"},{"floor":9.0,"key":"Torii"},{"floor":11.0,"key":"Du-Vu Doll"},{"floor":25.0,"key":"The Courier"},{"floor":26.0,"key":"Strawberry"},{"floor":41,"key":"Boot"},{"floor":44,"key":"Ginger"},{"floor":54,"key":"Incense Burner"}],"event_choices":[{"damage_healed":0.0,"max_hp_gain":0.0,"max_hp_loss":0.0,"gold_gain":0.0,"event_name":"The Cleric","player_choice":"Leave","floor":4.0,"gold_loss":0.0,"damage_taken":0.0},{"damage_healed":0.0,"max_hp_gain":0.0,"max_hp_loss":0.0,"gold_gain":0.0,"event_name":"Ghosts","player_choice":"Ignored","floor":20.0,"gold_loss":0.0,"damage_taken":0.0},{"damage_healed":0.0,"max_hp_gain":0.0,"max_hp_loss":0.0,"gold_gain":99.0,"event_name":"Nest","player_choice":"Stole From Cult","floor":21.0,"gold_loss":0.0,"damage_taken":0.0},{"damage_healed":0.0,"max_hp_gain":0.0,"max_hp_loss":0.0,"gold_gain":0.0,"event_name":"Vampires","player_choice":"Ignored","floor":27.0,"gold_loss":0.0,"damage_taken":0.0},{"damage_healed":0,"gold_gain":0,"player_choice":"Got Potions","damage_taken":0,"max_hp_gain":0,"max_hp_loss":0,"event_name":"Lab","floor":39,"gold_loss":0}],"is_beta":true,"boss_relics":[{"not_picked":["Ectoplasm","Tiny House"],"picked":"Runic Pyramid"},{"not_picked":["Runic Cube","Fusion Hammer"],"picked":"Empty Cage"}],"items_purged_floors":[3,22,28,53],"is_endless":false,"potions_floor_spawned":[1,11,12,13,19,23,33,38,41,44,45,48],"ascension_level":0}