{"gold_per_floor":[113,129,145,164,89,89,99,99,124,299,309,309,58,77,77,178,178,188,188,277,328,345,345,144,163,163,163,176,202,202,214,214,312,312,330,330,262,277,295,295,295],"floor_reached":41,"playtime":1665,"items_purged":["Strike_R","Doubt","ReplayTheSpireMod:Splinters"],"score":580,"play_id":"9451a48c-d46a-473f-826c-987d3fc672a2","local_time":"20190503191026","is_ascension_mode":false,"campfire_choices":[{"data":"Havoc","floor":6,"key":"SMITH"},{"data":"Spot Weakness","floor":8,"key":"SMITH"},{"data":"Disarm","floor":15,"key":"SMITH"},{"data":"Massacre","floor":23,"key":"SMITH"},{"data":"vexMod:StrikeStorm","floor":27,"key":"SMITH"},{"data":"ReplayTheSpireMod:Limb From Limb","floor":30,"key":"SMITH"},{"data":"Flex","floor":32,"key":"SMITH"},{"data":"Inflame","floor":40,"key":"SMITH"}],"neow_cost":"NONE","seed_source_timestamp":1918990048130441,"circlet_count":0,"master_deck":["Strike_R","Strike_R","Defend_R+1","Defend_R","Defend_R","Defend_R+1","Bash+1","Spot Weakness+1","Anger","Havoc+1","Power Through","Cleave","Cleave","Disarm+1","vexMod:StrikeStorm+1","Feel No Pain+1","Pot Of Greed","Massacre+1","Carnage","Metallicize","Offering","ReplayTheSpireMod:Limb From Limb+1","Flex+1","Impervious","Pummel+1","Iron Wave","Inflame+1","Parasite","Pummel+1"],"relics":["Burning Blood","Simple Rune","Happy Flower","Empty Cage","Grinning Jar","Ancient Tea Set","hubris:SlimyHat","hubris:Backtick","PreservedInsect"],"potions_floor_usage":[18],"damage_taken":[{"damage":6,"enemies":"Cultist","floor":1,"turns":3},{"damage":9,"enemies":"2 Louse","floor":2,"turns":3},{"damage":6,"enemies":"Jaw Worm","floor":3,"turns":4},{"damage":12,"enemies":"Looter","floor":4,"turns":4},{"damage":11,"enemies":"2 Fungi Beasts","floor":7,"turns":3},{"damage":3,"enemies":"Red Slaver","floor":11,"turns":5},{"damage":2,"enemies":"3 Louse","floor":14,"turns":3},{"damage":21,"enemies":"Slime Boss","floor":16,"turns":9},{"damage":15,"enemies":"3 Byrds","floor":18,"turns":4},{"damage":8,"enemies":"2 Thieves","floor":22,"turns":4},{"damage":0,"enemies":"Snecko","floor":25,"turns":4},{"damage":2,"enemies":"Chosen and Byrds","floor":28,"turns":6},{"damage":21,"enemies":"Book of Stabbing","floor":29,"turns":4},{"damage":6,"enemies":"3 Cultists","floor":31,"turns":4},{"damage":26,"enemies":"Pondfish","floor":33,"turns":7},{"damage":15,"enemies":"3 Darklings","floor":35,"turns":4},{"damage":18,"enemies":"Orb Walker","floor":38,"turns":5},{"damage":17,"enemies":"Writhing Mass","floor":39,"turns":8},{"damage":61,"enemies":"Reptomancer","floor":41,"turns":2}],"seed_played":"-1813583817678981571","potions_obtained":[{"floor":3,"key":"Milkshake"},{"floor":14,"key":"EssenceOfSteel"},{"floor":16,"key":"Explosive Potion"},{"floor":21,"key":"Cursed Concoction"},{"floor":38,"key":"Cursed Concoction"}],"is_trial":false,"path_per_floor":["M","M","M","M","$","R","M","R","T","?","M","?","$","M","R","B",null,"M","?","?","?","M","R","$","M","T","R","M","E","R","M","R","B",null,"M","?","$","M","M","R","E"],"character_chosen":"IRONCLAD","items_purchased":["Happy Flower","Metallicize","Inflame"],"campfire_rested":0,"item_purchase_floors":[13,24,37],"current_hp_per_floor":[80,77,77,71,71,71,66,66,66,66,69,69,69,73,73,58,80,71,71,71,71,69,69,69,75,75,75,79,64,64,64,64,44,80,71,71,71,59,48,48,0],"gold":295,"neow_bonus":"THREE_CARDS","is_prod":false,"is_daily":false,"chose_seed":false,"campfire_upgraded":8,"win_rate":0,"timestamp":1556921426,"path_taken":["M","M","M","?","?","R","?","R","T","?","M","?","$","M","R","BOSS","M","?","?","?","M","R","$","M","T","R","?","E","R","M","R","BOSS","M","?","$","M","M","R","E"],"build_version":"2019-01-23","purchased_purges":3,"victory":false,"max_hp_per_floor":[80,80,80,80,80,80,80,80,80,80,80,80,80,80,80,80,80,80,80,80,80,80,80,80,80,80,80,80,80,80,80,80,80,80,80,80,80,80,80,80,80],"card_choices":[{"not_picked":["Clash","ReplayTheSpireMod:Strike From Hell"],"picked":"Spot Weakness","floor":0},{"not_picked":["Fire Breathing","Abandon"],"picked":"Anger","floor":1},{"not_picked":["True Grit","Rupture"],"picked":"Havoc","floor":2},{"not_picked":["Rupture","Clash"],"picked":"Power Through","floor":3},{"not_picked":["vexMod:TrainingStrike","True Grit"],"picked":"Cleave","floor":4},{"not_picked":["Perfected Strike","Pommel Strike"],"picked":"Cleave","floor":7},{"not_picked":["Pommel Strike","Wild Strike"],"picked":"Disarm","floor":11},{"not_picked":["Abandon","True Grit","Replay:Undeath\u0027s Touch"],"picked":"SKIP","floor":14},{"not_picked":["vexMod:Devastation","Brutality"],"picked":"vexMod:StrikeStorm","floor":16},{"not_picked":["hubris:ReadiedAction","Replay:Undeath\u0027s Touch"],"picked":"Feel No Pain+1","floor":18},{"not_picked":["Shrug It Off","vexMod:TrainingStrike"],"picked":"Massacre","floor":21},{"not_picked":["Wild Strike","Warcry"],"picked":"Carnage","floor":22},{"not_picked":["Sword Boomerang","Run Through","ReplayTheSpireMod:Strike From Hell"],"picked":"SKIP","floor":25},{"not_picked":["hubris:CleavingFinish","ReplayTheSpireMod:Strike From Hell+1"],"picked":"Offering","floor":28},{"not_picked":["ReplayTheSpireMod:Strike From Hell","Sever Soul"],"picked":"ReplayTheSpireMod:Limb From Limb","floor":29},{"not_picked":["ReplayTheSpireMod:Corrosion Curse","vexMod:BloodToGold"],"picked":"Flex","floor":31},{"not_picked":["Eclipse","Immolate"],"picked":"Impervious","floor":33},{"not_picked":["Dropkick+1","True Grit"],"picked":"Pummel+1","floor":35},{"not_picked":["Warcry","Pommel Strike+1","vexMod:BloodToGold"],"picked":"SKIP","floor":38},{"not_picked":["Clash","Warcry"],"picked":"Pummel+1","floor":39}],"player_experience":1289764,"relics_obtained":[{"floor":9,"key":"Simple Rune"},{"floor":21,"key":"Grinning Jar"},{"floor":26,"key":"Ancient Tea Set"},{"floor":29,"key":"hubris:SlimyHat"}],"event_choices":[{"damage_healed":0,"gold_gain":175,"player_choice":"AGREE","damage_taken":0,"max_hp_gain":0,"max_hp_loss":0,"event_name":"Liars Game","floor":10,"gold_loss":0,"cards_obtained":["Doubt"]},{"damage_healed":0,"gold_gain":0,"player_choice":"Grow","damage_taken":0,"max_hp_gain":0,"max_hp_loss":0,"event_name":"Living Wall","floor":12,"gold_loss":0,"cards_upgraded":["Bash"]},{"damage_healed":0,"gold_gain":0,"player_choice":"Ignored","damage_taken":0,"max_hp_gain":0,"max_hp_loss":0,"event_name":"Ghosts","floor":19,"gold_loss":0},{"cards_removed":["Pot Of Greed"],"damage_healed":0,"gold_gain":0,"player_choice":"Took Card","damage_taken":0,"max_hp_gain":0,"max_hp_loss":0,"event_name":"NoteForYourself","floor":36,"gold_loss":0,"cards_obtained":["Iron Wave"]}],"is_beta":false,"boss_relics":[{"not_picked":["hubris:ScarierMask","vexMod:TanglingVine"],"picked":"Empty Cage"},{"not_picked":["Fusion Hammer","hubris:GrandSneckoEye"],"picked":"hubris:Backtick"}],"items_purged_floors":[5,13,24],"is_endless":false,"potions_floor_spawned":[3,14,16,22,29,33,38,39],"killed_by":"Reptomancer","ascension_level":0}