{"gold_per_floor":[110,110,110,125,139,174,174,193,245,245,245,284,304,340,340,460,460,483,212,212,212,212,246,246,281,304,318,328,344,344,377,377,480,530,546,646,697,712,468,503,503,538,563,575,575,605,605,605,605,605],"floor_reached":51,"playtime":2127,"items_purged":["Injury"],"score":897,"play_id":"39124d76-00e7-4e75-abfc-137b357b852f","local_time":"20190429154647","is_ascension_mode":true,"campfire_choices":[{"data":"Zap","floor":7,"key":"SMITH"},{"data":"Static Discharge","floor":11,"key":"SMITH"},{"floor":15,"key":"REST"},{"data":"Storm","floor":24,"key":"SMITH"},{"data":"Beam Cell","floor":32,"key":"SMITH"},{"data":"Dualcast","floor":41,"key":"SMITH"},{"floor":45,"key":"REST"},{"data":"Redo","floor":47,"key":"SMITH"},{"data":"Gash","floor":49,"key":"SMITH"}],"neow_cost":"NONE","seed_source_timestamp":1521997833633600,"circlet_count":0,"master_deck":["Defend_B","Defend_B","Defend_B","Defend_B","Zap+1","Dualcast+1","Rip and Tear","Conserve Battery+1","Coolheaded+1","Static Discharge+1","Melter+1","Cold Snap","Compile Driver","Barrage+1","Bite","Bite","Bite","Bite","Bite","Storm+1","Beam Cell+1","Ball Lightning","Gash+1","Core Surge","Steam+1","Hologram+1","Glacier+1","Conserve Battery+1","Redo+1","Multi-Cast","Defragment+1","Barrage+1"],"relics":["Cracked Core","Vajra","Bloody Idol","Singing Bowl","Regal Pillow","War Paint","Bag of Preparation","Strawberry","Sozu","MealTicket","Anchor","Shuriken","Dream Catcher","DataDisk","PreservedInsect","Tiny House","Turnip","Incense Burner","Runic Capacitor","Potion Belt","Omamori","Lantern","Bag of Marbles","Toxic Egg 2"],"potions_floor_usage":[12,14,33,50],"damage_taken":[{"damage":1,"enemies":"Cultist","floor":1,"turns":3},{"damage":6,"enemies":"Jaw Worm","floor":4,"turns":2},{"damage":0,"enemies":"Small Slimes","floor":5,"turns":2},{"damage":24,"enemies":"Lagavulin","floor":6,"turns":8},{"damage":0,"enemies":"2 Fungi Beasts","floor":8,"turns":3},{"damage":27,"enemies":"Gremlin Nob","floor":12,"turns":3},{"damage":0,"enemies":"Large Slime","floor":13,"turns":4},{"damage":13,"enemies":"Lagavulin","floor":14,"turns":5},{"damage":40,"enemies":"Slime Boss","floor":16,"turns":9},{"damage":18,"enemies":"2 Thieves","floor":18,"turns":3},{"damage":17,"enemies":"Book of Stabbing","floor":23,"turns":4},{"damage":26,"enemies":"Gremlin Leader","floor":25,"turns":4},{"damage":0,"enemies":"Spheric Guardian","floor":27,"turns":2},{"damage":12,"enemies":"3 Cultists","floor":28,"turns":4},{"damage":0,"enemies":"Sentry and Sphere","floor":29,"turns":2},{"damage":9,"enemies":"Book of Stabbing","floor":31,"turns":3},{"damage":47,"enemies":"Automaton","floor":33,"turns":7},{"damage":38,"enemies":"3 Darklings","floor":35,"turns":4},{"damage":0,"enemies":"Mind Bloom Boss Battle","floor":36,"turns":4},{"damage":30,"enemies":"2 Orb Walkers","floor":37,"turns":4},{"damage":0,"enemies":"Orb Walker","floor":38,"turns":3},{"damage":29,"enemies":"Nemesis","floor":40,"turns":5},{"damage":26,"enemies":"Giant Head","floor":42,"turns":7},{"damage":22,"enemies":"Maw","floor":44,"turns":5},{"damage":6,"enemies":"Reptomancer","floor":46,"turns":4},{"damage":35,"enemies":"Donu and Deca","floor":50,"turns":9}],"seed_played":"3159303613720823233","potions_obtained":[{"floor":1,"key":"Ancient Potion"},{"floor":5,"key":"Dexterity Potion"},{"floor":12,"key":"FocusPotion"},{"floor":16,"key":"Swift Potion"}],"is_trial":false,"path_per_floor":["M","$","?","M","M","E","R","M","T","T","R","E","M","E","R","B",null,"M","$","?","?","?","E","R","E","T","M","M","M","?","E","R","B",null,"M","?","?","M","$","E","R","E","T","M","R","E","R","T","R","B",null],"character_chosen":"DEFECT","items_purchased":["MealTicket","Runic Capacitor","Redo"],"campfire_rested":2,"item_purchase_floors":[19,39,39],"current_hp_per_floor":[74,74,74,68,68,44,44,44,44,44,44,17,17,13,53,15,86,68,68,60,60,60,50,50,39,44,55,54,63,63,66,66,38,71,40,53,32,45,45,33,33,20,25,20,58,59,59,59,59,32],"gold":605,"neow_bonus":"RANDOM_COMMON_RELIC","is_prod":false,"is_daily":false,"chose_seed":false,"campfire_upgraded":7,"win_rate":0,"timestamp":1556567207,"path_taken":["M","?","?","M","M","E","R","M","T","?","R","E","M","E","R","BOSS","M","$","?","?","?","E","R","E","T","M","?","M","?","E","R","BOSS","M","?","?","M","?","E","R","E","T","M","R","E","R","?","R","BOSS"],"build_version":"2019-01-23","purchased_purges":1,"victory":true,"max_hp_per_floor":[75,75,75,75,75,75,75,75,75,75,75,75,75,84,84,86,86,86,86,60,60,60,60,60,62,62,62,64,64,64,66,66,66,71,71,71,71,73,73,75,75,75,75,77,77,77,77,77,77,77],"card_choices":[{"not_picked":["Fusion","Scrape"],"picked":"Rip and Tear","floor":1},{"not_picked":["Sweeping Beam","Barrage"],"picked":"Conserve Battery","floor":4},{"not_picked":["Sweeping Beam","Leap"],"picked":"Coolheaded","floor":5},{"not_picked":["Steam","Double Energy"],"picked":"Static Discharge","floor":6},{"not_picked":["Barrage","Hyperbeam"],"picked":"Melter","floor":8},{"not_picked":["Gash","Reboot"],"picked":"Cold Snap","floor":12},{"not_picked":["Conserve Battery","Hologram"],"picked":"Compile Driver","floor":13},{"not_picked":["Sweeping Beam","Hologram","Stack"],"picked":"Singing Bowl","floor":14},{"not_picked":["Creative AI","Meteor Strike","All For One"],"picked":"Singing Bowl","floor":16},{"not_picked":["Hologram","Leap"],"picked":"Barrage+1","floor":18},{"not_picked":["Cold Snap","Streamline"],"picked":"Beam Cell","floor":23},{"not_picked":["Barrage","Rip and Tear","Meteor Strike"],"picked":"Singing Bowl","floor":25},{"not_picked":["Melter","Force Field"],"picked":"Ball Lightning","floor":27},{"not_picked":["Sunder","Coolheaded","Force Field"],"picked":"Singing Bowl","floor":28},{"not_picked":["Heatsinks","Barrage"],"picked":"Gash","floor":29},{"not_picked":["Double Energy","Barrage","Fission"],"picked":"Singing Bowl","floor":31},{"not_picked":["Hyperbeam","Creative AI"],"picked":"Core Surge","floor":33},{"not_picked":["Cold Snap+1","Ball Lightning+1"],"picked":"Steam+1","floor":34},{"not_picked":["Gash","Steam Power+1"],"picked":"Hologram+1","floor":35},{"not_picked":["Doom and Gloom","Compile Driver"],"picked":"Glacier+1","floor":36},{"not_picked":["FTL","Stack+1"],"picked":"Conserve Battery+1","floor":37},{"not_picked":["Consume+1","Stack+1","Tempest"],"picked":"Singing Bowl","floor":38},{"not_picked":["Compile Driver","Ball Lightning","Loop+1"],"picked":"Singing Bowl","floor":40},{"not_picked":["Streamline+1","Hologram+1"],"picked":"Multi-Cast","floor":42},{"not_picked":["Streamline","Melter","Hologram+1"],"picked":"Singing Bowl","floor":44},{"not_picked":["Doom and Gloom","Conserve Battery+1"],"picked":"Defragment+1","floor":45},{"not_picked":["Go for the Eyes","Aggregate+1"],"picked":"Barrage+1","floor":46}],"player_experience":127861,"relics_obtained":[{"floor":6,"key":"Singing Bowl"},{"floor":9,"key":"Regal Pillow"},{"floor":10,"key":"War Paint"},{"floor":12,"key":"Bag of Preparation"},{"floor":14,"key":"Strawberry"},{"floor":23,"key":"Anchor"},{"floor":25,"key":"Shuriken"},{"floor":26,"key":"Dream Catcher"},{"floor":30,"key":"DataDisk"},{"floor":31,"key":"PreservedInsect"},{"floor":36,"key":"Turnip"},{"floor":37,"key":"Incense Burner"},{"floor":40,"key":"Potion Belt"},{"floor":42,"key":"Omamori"},{"floor":43,"key":"Lantern"},{"floor":46,"key":"Bag of Marbles"},{"floor":48,"key":"Toxic Egg 2"}],"event_choices":[{"damage_healed":0,"gold_gain":0,"player_choice":"Take Wound","damage_taken":0,"relics_obtained":["Golden Idol"],"max_hp_gain":0,"max_hp_loss":0,"event_name":"Golden Idol","floor":3,"gold_loss":0,"cards_obtained":["Injury"]},{"damage_healed":0,"gold_gain":0,"player_choice":"Became a vampire","damage_taken":0,"max_hp_gain":0,"max_hp_loss":26,"event_name":"Vampires","floor":20,"gold_loss":0,"cards_obtained":["Bite","Bite","Bite","Bite","Bite"]},{"damage_healed":0,"gold_gain":0,"player_choice":"Read","damage_taken":0,"max_hp_gain":0,"max_hp_loss":0,"event_name":"The Library","floor":21,"gold_loss":0,"cards_obtained":["Storm"]},{"damage_healed":0,"gold_gain":0,"player_choice":"Gave Idol","damage_taken":0,"relics_obtained":["Bloody Idol"],"max_hp_gain":0,"max_hp_loss":0,"event_name":"Forgotten Altar","floor":22,"relics_lost":["Golden Idol"],"gold_loss":0},{"damage_healed":0,"gold_gain":0,"player_choice":"Relic","damage_taken":0,"max_hp_gain":0,"max_hp_loss":0,"event_name":"Wheel of Change","floor":30,"gold_loss":0},{"damage_healed":0,"gold_gain":0,"player_choice":"Fight","damage_taken":0,"max_hp_gain":0,"max_hp_loss":0,"event_name":"MindBloom","floor":36,"gold_loss":0},{"damage_healed":0,"gold_gain":0,"player_choice":"Fight","damage_taken":0,"max_hp_gain":0,"max_hp_loss":0,"event_name":"Mysterious Sphere","floor":37,"gold_loss":0}],"is_beta":false,"boss_relics":[{"not_picked":["Inserter","Orrery"],"picked":"Sozu"},{"not_picked":["Snecko Eye","Runic Dome"],"picked":"Tiny House"}],"items_purged_floors":[19],"is_endless":false,"potions_floor_spawned":[1,5,12,16,23,28,31,40,42,46],"ascension_level":1}