{"gold_per_floor":[112,132,132,207,207,207,251,251,251,294,315,77,96,140,140,271,271,285,23,23,38,58,97,97,97,97,117,185,7,45,63,63,194,194,207,207,228,247,247,288,288,303,303,321,337,381,331,364,364,364,364,364,39,75,75],"floor_reached":55,"playtime":3793,"items_purged":["Strike_B","Strike_B","Defend_B","Defend_B"],"score":1109,"play_id":"e44253ea-a0e7-4d04-be13-c42566986976","local_time":"20190508194632","is_ascension_mode":true,"campfire_choices":[{"data":"Defragment","floor":6,"key":"SMITH"},{"data":"Buffer","floor":8,"key":"SMITH"},{"data":"Defragment","floor":15,"key":"SMITH"},{"floor":24,"key":"REST"},{"data":"Storm","floor":32,"key":"SMITH"},{"floor":41,"key":"RECALL"},{"data":"Defragment","floor":49,"key":"SMITH"},{"data":"Hello World","floor":52,"key":"SMITH"}],"neow_cost":"TEN_PERCENT_HP_LOSS","seed_source_timestamp":427722880877692,"circlet_count":0,"master_deck":["Defend_B","Defend_B","Zap","Dualcast","Defragment+1","Self Repair","Buffer+1","Defragment+1","Conserve Battery","Defragment+1","Conserve Battery","Rip and Tear+1","Melter","Conserve Battery","Hyperbeam+1","Doom and Gloom+1","Conserve Battery+1","Compile Driver+1","Rainbow+1","Go for the Eyes+1","Fission+1","Hello World+1","Conserve Battery+1","Electrodynamics","Storm+1","Seek+1","Go for the Eyes+1","Madness+1","Impatience+1","Jack Of All Trades+1","Auto Shields+1","Stack+1","Thunder Strike+1","Barrage+1","BootSequence+1","Core Surge+1","Hologram+1","Conserve Battery+1","Stack+1","Panacea+1","Loop"],"relics":["Cracked Core","Golden Idol","PreservedInsect","Torii","Smiling Mask","Molten Egg 2","Sozu","Toxic Egg 2","Nloth\u0027s Gift","Nunchaku","Omamori","Tiny Chest","Whetstone","Inserter","Oddly Smooth Stone","Bottled Lightning","Potion Belt","Dodecahedron"],"potions_floor_usage":[13,14,21,55],"damage_taken":[{"damage":1,"enemies":"Cultist","floor":1,"turns":3},{"damage":6,"enemies":"Jaw Worm","floor":2,"turns":3},{"damage":30,"enemies":"3 Sentries","floor":7,"turns":7},{"damage":0,"enemies":"Lagavulin","floor":10,"turns":5},{"damage":0,"enemies":"2 Louse","floor":11,"turns":3},{"damage":2,"enemies":"Gremlin Gang","floor":13,"turns":4},{"damage":1,"enemies":"3 Sentries","floor":14,"turns":5},{"damage":0,"enemies":"Slime Boss","floor":16,"turns":8},{"damage":1,"enemies":"Chosen","floor":18,"turns":4},{"damage":10,"enemies":"2 Thieves","floor":21,"turns":3},{"damage":1,"enemies":"Centurion and Healer","floor":22,"turns":5},{"damage":37,"enemies":"Book of Stabbing","floor":23,"turns":7},{"damage":16,"enemies":"Snake Plant","floor":27,"turns":4},{"damage":13,"enemies":"Gremlin Leader","floor":28,"turns":5},{"damage":6,"enemies":"Book of Stabbing","floor":30,"turns":5},{"damage":22,"enemies":"Snecko","floor":31,"turns":5},{"damage":13,"enemies":"Collector","floor":33,"turns":7},{"damage":0,"enemies":"3 Darklings","floor":35,"turns":1},{"damage":0,"enemies":"3 Shapes","floor":37,"turns":4},{"damage":0,"enemies":"3 Darklings","floor":38,"turns":2},{"damage":0,"enemies":"Nemesis","floor":40,"turns":7},{"damage":14,"enemies":"Spire Growth","floor":42,"turns":7},{"damage":0,"enemies":"Transient","floor":44,"turns":5},{"damage":0,"enemies":"Maw","floor":45,"turns":6},{"damage":0,"enemies":"Giant Head","floor":46,"turns":5},{"damage":0,"enemies":"Reptomancer","floor":48,"turns":4},{"damage":0,"enemies":"Awakened One","floor":50,"turns":10},{"damage":7,"enemies":"Shield and Spear","floor":54,"turns":5},{"damage":57,"enemies":"The Heart","floor":55,"turns":8}],"seed_played":"1100304751688415955","potions_obtained":[{"floor":1,"key":"PowerPotion"},{"floor":7,"key":"Fire Potion"},{"floor":11,"key":"Energy Potion"},{"floor":13,"key":"AttackPotion"}],"is_trial":false,"path_per_floor":["M","M","?","?","?","R","E","R","T","E","M","$","M","E","R","B",null,"M","$","?","M","M","E","R","?","T","M","E","$","E","M","R","B",null,"M","?","M","M","?","E","R","M","T","M","M","E","$","E","R","B",null,"R","$","E","B"],"character_chosen":"DEFECT","items_purchased":["Defragment","Conserve Battery","Rip and Tear","Toxic Egg 2","Hello World","Conserve Battery+1","Conserve Battery+1","Stack+1","Panacea+1","Loop"],"campfire_rested":1,"item_purchase_floors":[12,12,12,19,29,29,53,53,53,53],"current_hp_per_floor":[67,61,61,50,43,43,20,20,20,27,34,34,32,38,38,45,63,63,63,63,60,63,26,44,63,63,54,48,48,49,34,34,28,63,63,53,60,60,60,60,60,53,53,60,63,63,63,63,63,63,63,63,63,56,0],"gold":75,"neow_bonus":"ONE_RARE_RELIC","is_prod":false,"is_daily":false,"chose_seed":false,"campfire_upgraded":6,"win_rate":0,"timestamp":1557359192,"path_taken":["M","M","?","?","?","R","E","R","T","E","M","$","M","E","R","BOSS","M","$","?","M","?","E","R","?","T","M","E","?","E","M","R","BOSS","M","?","M","M","?","E","R","M","T","M","M","E","$","E","R","BOSS","R","$","E","BOSS"],"build_version":"2019-05-07","purchased_purges":4,"victory":false,"max_hp_per_floor":[68,68,63,63,63,63,63,63,63,63,63,63,63,63,63,63,63,63,63,63,63,63,63,63,63,63,63,63,63,63,63,63,63,63,63,63,63,63,63,63,63,63,63,63,63,63,63,63,63,63,63,63,63,63,63],"card_choices":[{"not_picked":["Hologram","Redo"],"picked":"Defragment","floor":1},{"not_picked":["Capacitor","Beam Cell"],"picked":"Self Repair","floor":2},{"not_picked":["Scrape","Auto Shields"],"picked":"Buffer","floor":7},{"not_picked":["Double Energy","Beam Cell"],"picked":"Defragment","floor":10},{"not_picked":["Turbo","Stack"],"picked":"Conserve Battery","floor":11},{"not_picked":["Go for the Eyes","Compile Driver"],"picked":"Melter","floor":13},{"not_picked":["Self Repair","Double Energy"],"picked":"Conserve Battery","floor":14},{"not_picked":["Thunder Strike+1","Fission"],"picked":"Hyperbeam+1","floor":16},{"not_picked":["Recycle","Ball Lightning+1"],"picked":"Doom and Gloom+1","floor":18},{"not_picked":["Gash+1","Hologram+1"],"picked":"Conserve Battery+1","floor":21},{"not_picked":["Lockon+1","Defragment"],"picked":"Compile Driver+1","floor":22},{"not_picked":["Rebound+1","Ball Lightning+1"],"picked":"Rainbow+1","floor":23},{"not_picked":["Force Field+1","Compile Driver+1"],"picked":"Go for the Eyes+1","floor":27},{"not_picked":["Hologram+1","Compile Driver+1"],"picked":"Fission+1","floor":28},{"not_picked":["Stack+1","Cold Snap+1"],"picked":"Electrodynamics","floor":30},{"not_picked":["Lockon+1","Ball Lightning+1"],"picked":"Storm","floor":31},{"not_picked":["Reboot+1","Electrodynamics"],"picked":"Seek+1","floor":33},{"not_picked":["Ball Lightning+1","Barrage+1"],"picked":"Go for the Eyes+1","floor":35},{"not_picked":["Trip+1","Mind Blast+1"],"picked":"Madness+1","floor":36},{"not_picked":["Trip+1","Madness+1"],"picked":"Impatience+1","floor":36},{"not_picked":["Blind+1","Violence+1"],"picked":"Jack Of All Trades+1","floor":36},{"not_picked":["Skim+1","Barrage+1"],"picked":"Auto Shields+1","floor":37},{"not_picked":["Streamline+1","Ball Lightning+1","Lockon+1"],"picked":"SKIP","floor":38},{"not_picked":["Leap+1","Reinforced Body+1"],"picked":"Stack+1","floor":40},{"not_picked":["Blizzard+1","Leap+1"],"picked":"Thunder Strike+1","floor":42},{"not_picked":["Sweeping Beam+1","Gash+1"],"picked":"Barrage+1","floor":44},{"not_picked":["Gash+1","Force Field+1"],"picked":"BootSequence+1","floor":45},{"not_picked":["Barrage+1","Seek+1"],"picked":"Core Surge+1","floor":46},{"not_picked":["Aggregate+1","Multi-Cast+1"],"picked":"Hologram+1","floor":48},{"not_picked":["Beam Cell+1","Genetic Algorithm+1","Meteor Strike+1"],"picked":"SKIP","floor":54}],"player_experience":5683391,"relics_obtained":[{"floor":7,"key":"PreservedInsect"},{"floor":9,"key":"Torii"},{"floor":10,"key":"Smiling Mask"},{"floor":14,"key":"Molten Egg 2"},{"floor":23,"key":"Nunchaku"},{"floor":26,"key":"Omamori"},{"floor":28,"key":"Tiny Chest"},{"floor":30,"key":"Whetstone"},{"floor":40,"key":"Oddly Smooth Stone"},{"floor":46,"key":"Bottled Lightning"},{"floor":48,"key":"Potion Belt"},{"floor":54,"key":"Dodecahedron"}],"event_choices":[{"damage_healed":0,"gold_gain":0,"player_choice":"Lose Max HP","damage_taken":0,"relics_obtained":["Golden Idol"],"max_hp_gain":0,"max_hp_loss":5,"event_name":"Golden Idol","floor":3,"gold_loss":0},{"damage_healed":0,"gold_gain":75,"player_choice":"Gather Gold","damage_taken":11,"max_hp_gain":0,"max_hp_loss":0,"event_name":"World of Goop","floor":4,"gold_loss":0},{"cards_removed":["Strike_B"],"damage_healed":0,"gold_gain":0,"player_choice":"Card Removal","damage_taken":7,"max_hp_gain":0,"max_hp_loss":0,"event_name":"Golden Wing","floor":5,"gold_loss":0},{"damage_healed":0,"gold_gain":0,"player_choice":"Traded Relic","damage_taken":0,"relics_obtained":["Nloth\u0027s Gift"],"max_hp_gain":0,"max_hp_loss":0,"event_name":"N\u0027loth","floor":20,"relics_lost":["Peace Pipe"],"gold_loss":0},{"damage_healed":19,"gold_gain":0,"player_choice":"Full Heal","damage_taken":0,"max_hp_gain":0,"max_hp_loss":0,"event_name":"Wheel of Change","floor":25,"gold_loss":0},{"damage_healed":0,"gold_gain":0,"player_choice":"Memory 3","damage_taken":10,"max_hp_gain":0,"max_hp_loss":0,"event_name":"SensoryStone","floor":36,"gold_loss":0},{"cards_removed":["Strike_B"],"damage_healed":0,"gold_gain":0,"player_choice":"Purged","damage_taken":0,"max_hp_gain":0,"max_hp_loss":0,"event_name":"Purifier","floor":39,"gold_loss":0}],"is_beta":true,"boss_relics":[{"not_picked":["Busted Crown","Astrolabe"],"picked":"Sozu"},{"not_picked":["Philosopher\u0027s Stone","Runic Dome"],"picked":"Inserter"}],"items_purged_floors":[12,29,47,53],"is_endless":false,"potions_floor_spawned":[1,7,11,13,18,27,30,31,37,40,44,54],"killed_by":"The Heart","ascension_level":1}