{"gold_per_floor":[20,37,48,59,9,9,9,22,22,22,22,35,51,82,82,178,178,197],"floor_reached":18,"playtime":707,"items_purged":[],"score":306,"play_id":"0c04a53f-92de-424f-9315-8ddc32569f02","local_time":"20190321111303","is_ascension_mode":true,"campfire_choices":[{"data":"Underhanded Strike","floor":6,"key":"SMITH"},{"data":"Underhanded Strike","floor":11,"key":"SMITH"},{"floor":15,"key":"REST"}],"neow_cost":"NO_GOLD","seed_source_timestamp":40079674226871,"circlet_count":0,"master_deck":["AscendersBane","Survivor","Neutralize","Calculated Gamble","Underhanded Strike+1","Underhanded Strike+1","Well Laid Plans","Noxious Fumes","Corpse Explosion","Acrobatics","After Image","Well Laid Plans","Quick Slash","Blade Dance","Catalyst","Malaise","Die Die Die","Acrobatics","Die Die Die","Flying Knee"],"relics":["Ring of the Snake","Gambling Chip","PreservedInsect","Omamori","Pandora\u0027s Box"],"potions_floor_usage":[14,16,16,16],"damage_taken":[{"damage":2,"enemies":"Cultist","floor":1,"turns":4},{"damage":0,"enemies":"2 Louse","floor":2,"turns":4},{"damage":2,"enemies":"Jaw Worm","floor":3,"turns":5},{"damage":9,"enemies":"Looter","floor":4,"turns":3},{"damage":1,"enemies":"Exordium Wildlife","floor":8,"turns":4},{"damage":0,"enemies":"Gremlin Gang","floor":12,"turns":4},{"damage":9,"enemies":"Blue Slaver","floor":13,"turns":4},{"damage":0,"enemies":"Gremlin Nob","floor":14,"turns":2},{"damage":28,"enemies":"Hexaghost","floor":16,"turns":10},{"damage":26,"enemies":"Shell Parasite","floor":18,"turns":5}],"seed_played":"2397573366718797045","potions_obtained":[{"floor":8,"key":"FearPotion"},{"floor":14,"key":"EntropicBrew"},{"floor":18,"key":"SneckoOil"}],"is_trial":false,"path_per_floor":["M","M","M","M","?","R","$","M","T","?","R","M","M","E","R","B",null,"M"],"character_chosen":"THE_SILENT","items_purchased":[],"campfire_rested":1,"item_purchase_floors":[],"current_hp_per_floor":[61,61,59,50,50,50,50,49,49,35,35,35,26,26,47,19,57,31],"gold":197,"neow_bonus":"ONE_RARE_RELIC","is_prod":false,"is_daily":false,"chose_seed":false,"campfire_upgraded":2,"win_rate":0,"timestamp":1553177583,"path_taken":["M","?","?","M","?","R","?","M","T","?","R","?","?","E","R","BOSS","M"],"build_version":"2019-01-23","purchased_purges":0,"victory":false,"max_hp_per_floor":[70,70,70,70,70,70,70,70,70,70,70,70,70,70,70,70,70,70],"card_choices":[{"not_picked":["Backflip","Prepared"],"picked":"Calculated Gamble","floor":1},{"not_picked":["Deadly Poison","Backstab"],"picked":"Underhanded Strike","floor":2},{"not_picked":["Flying Knee","Blade Dance"],"picked":"Underhanded Strike","floor":3},{"not_picked":["Poisoned Stab","Slice","Catalyst"],"picked":"SKIP","floor":4},{"not_picked":["Slice","Underhanded Strike"],"picked":"Well Laid Plans","floor":8},{"not_picked":["Deadly Poison","Catalyst"],"picked":"Noxious Fumes","floor":12},{"not_picked":["Dagger Spray","Skewer"],"picked":"Corpse Explosion","floor":13},{"not_picked":["Setup","Venomology"],"picked":"Acrobatics","floor":14},{"not_picked":["Burst","Grand Finale"],"picked":"After Image","floor":16},{"not_picked":["Dagger Throw","Cloak And Dagger","Bane"],"picked":"SKIP","floor":18}],"player_experience":979864,"relics_obtained":[{"floor":9,"key":"PreservedInsect"},{"floor":14,"key":"Omamori"}],"event_choices":[{"cards_removed":["Strike_G"],"damage_healed":0,"gold_gain":0,"player_choice":"Card Removal","damage_taken":0,"max_hp_gain":0,"max_hp_loss":0,"event_name":"The Cleric","floor":5,"gold_loss":50},{"damage_healed":0,"gold_gain":0,"player_choice":"Entered Light","damage_taken":14,"max_hp_gain":0,"max_hp_loss":0,"event_name":"Shining Light","floor":10,"gold_loss":0,"cards_upgraded":["Strike_G","Defend_G"]}],"is_beta":false,"boss_relics":[{"not_picked":["Runic Dome","Velvet Choker"],"picked":"Pandora\u0027s Box"}],"items_purged_floors":[],"is_endless":false,"potions_floor_spawned":[8,14,18],"killed_by":"Shell Parasite","ascension_level":12}