{"gold_per_floor":[119,136,65,12,22,22,57,57,84,84,84,115,126,141,141,219,219,238,188,200,211,229,229,254,286,373,231,263,263,263,290,290,367,367,377,388,388,403,303,303,338,338,338,338,338,338,368,368,368,368,368,368,368,46,46],"floor_reached":55,"playtime":4310,"items_purged":["Strike_B","Strike_B"],"score":2082,"play_id":"8256d5a1-c1a0-497c-aa51-f8e3c3025ca4","local_time":"20181213144252","is_ascension_mode":true,"campfire_choices":[{"data":"Zap","floor":6,"key":"SMITH"},{"data":"Loop","floor":8,"key":"SMITH"},{"data":"Consume","floor":10,"key":"SMITH"},{"data":"Biased Cognition","floor":15,"key":"SMITH"},{"data":"Electrodynamics","floor":23,"key":"SMITH"},{"floor":29,"key":"REST"},{"data":"Sunder","floor":32,"key":"SMITH"},{"data":"Consume","floor":40,"key":"SMITH"},{"data":"Reinforced Body","floor":42,"key":"SMITH"},{"floor":44,"key":"RECALL"},{"floor":46,"key":"REST"},{"data":"Panacea","floor":49,"key":"SMITH"},{"data":"Force Field","floor":53,"key":"SMITH"}],"neow_cost":"NONE","seed_source_timestamp":156769694767477,"circlet_count":0,"master_deck":["AscendersBane","Defend_B","Defend_B","Defend_B","Defend_B","Zap+1","Dualcast","Core Surge","Ball Lightning","Loop+1","Conserve Battery","Cold Snap","Consume+1","Biased Cognition+1","Coolheaded","Compile Driver","Electrodynamics+1","Force Field+1","Sunder+1","Conserve Battery+1","Reinforced Body+1","Glacier","All For One","Consume+1","All For One","Defragment+1","Panacea+1"],"relics":["Cracked Core","Omamori","Anchor","Blood Vial","Boot","Snecko Eye","MawBank","Ice Cream","Vajra","Inserter","Art of War","Lantern","Pantograph","Dead Branch"],"potions_floor_usage":[16,28],"damage_taken":[{"damage":7,"enemies":"Jaw Worm","floor":1,"turns":2},{"damage":0,"enemies":"Cultist","floor":2,"turns":2},{"damage":5,"enemies":"Small Slimes","floor":5,"turns":2},{"damage":14,"enemies":"Gremlin Nob","floor":7,"turns":4},{"damage":21,"enemies":"Lagavulin","floor":12,"turns":5},{"damage":0,"enemies":"Blue Slaver","floor":13,"turns":2},{"damage":3,"enemies":"Gremlin Gang","floor":14,"turns":17},{"damage":2,"enemies":"Hexaghost","floor":16,"turns":10},{"damage":0,"enemies":"Chosen","floor":18,"turns":4},{"damage":0,"enemies":"3 Byrds","floor":20,"turns":2},{"damage":13,"enemies":"Snecko","floor":21,"turns":4},{"damage":0,"enemies":"Centurion and Healer","floor":22,"turns":3},{"damage":23,"enemies":"Gremlin Leader","floor":24,"turns":6},{"damage":0,"enemies":"Snake Plant","floor":25,"turns":2},{"damage":7,"enemies":"Slavers","floor":28,"turns":2},{"damage":11,"enemies":"Book of Stabbing","floor":31,"turns":5},{"damage":0,"enemies":"Collector","floor":33,"turns":11},{"damage":0,"enemies":"Orb Walker","floor":35,"turns":1},{"damage":11,"enemies":"3 Darklings","floor":36,"turns":3},{"damage":12,"enemies":"Jaw Worm Horde","floor":38,"turns":3},{"damage":0,"enemies":"Nemesis","floor":41,"turns":8},{"damage":17,"enemies":"Reptomancer","floor":47,"turns":6},{"damage":4,"enemies":"Time Eater","floor":50,"turns":17},{"damage":3,"enemies":"Donu and Deca","floor":51,"turns":2},{"damage":71,"enemies":"Shield and Spear","floor":55,"turns":6}],"seed_played":"-1856339568614924787","potions_obtained":[{"floor":7,"key":"PowerPotion"},{"floor":12,"key":"Poison Potion"},{"floor":16,"key":"FearPotion"},{"floor":21,"key":"SteroidPotion"},{"floor":22,"key":"GamblersBrew"},{"floor":35,"key":"Ancient Potion"},{"floor":47,"key":"SpeedPotion"}],"is_trial":false,"path_per_floor":["M","M","?","$","M","R","E","R","T","R","?","E","M","M","R","B",null,"M","?","M","M","M","R","E","M","T","$","E","R","?","E","R","B",null,"M","M","?","M","$","R","E","R","T","R","$","R","E","?","R","B","B",null,"R","$","E"],"character_chosen":"DEFECT","items_purchased":["Conserve Battery","Reinforced Body","Dead Branch"],"campfire_rested":2,"item_purchase_floors":[4,27,54],"current_hp_per_floor":[57,57,57,57,52,52,38,38,38,38,38,19,21,20,20,20,58,60,60,62,51,53,53,32,34,34,34,29,50,50,41,41,43,64,66,57,57,47,47,47,49,49,49,49,49,70,54,44,44,67,68,70,70,70,0],"gold":46,"neow_bonus":"ONE_RANDOM_RARE_CARD","is_prod":false,"is_daily":false,"chose_seed":false,"campfire_upgraded":10,"win_rate":0,"timestamp":1544730172,"path_taken":["M","M","?","?","M","R","E","R","T","R","?","E","M","?","R","BOSS","M","?","M","?","M","R","E","M","T","$","E","R","?","E","R","BOSS","M","M","?","M","$","R","E","R","T","R","?","R","E","?","R","BOSS","BOSS","R","$","E"],"build_version":"2018-12-12","purchased_purges":2,"victory":false,"max_hp_per_floor":[71,71,71,71,71,71,71,71,71,71,71,71,71,71,71,71,71,71,71,71,71,71,71,71,71,71,71,71,71,71,71,71,71,71,71,71,71,71,71,71,71,71,71,71,71,71,71,71,71,71,71,71,71,71,71],"card_choices":[{"not_picked":["Beam Cell","Turbo"],"picked":"Ball Lightning","floor":1},{"not_picked":["Compile Driver","Barrage"],"picked":"Loop","floor":2},{"not_picked":["Barrage","Ball Lightning"],"picked":"Cold Snap","floor":5},{"not_picked":["Coolheaded","Heatsinks"],"picked":"Consume","floor":7},{"not_picked":["Melter","Conserve Battery"],"picked":"Biased Cognition","floor":12},{"not_picked":["Ball Lightning","Stack"],"picked":"Coolheaded","floor":13},{"not_picked":["Stack","Steam"],"picked":"Compile Driver","floor":14},{"not_picked":["Rainbow","Reboot"],"picked":"Electrodynamics","floor":16},{"not_picked":["Redo","Ball Lightning+1","Coolheaded"],"picked":"SKIP","floor":18},{"not_picked":["FTL","Stack"],"picked":"Force Field","floor":21},{"not_picked":["Go for the Eyes","Consume+1","Redo"],"picked":"SKIP","floor":22},{"not_picked":["Coolheaded","Streamline"],"picked":"Sunder","floor":24},{"not_picked":["Barrage","Turbo"],"picked":"Conserve Battery+1","floor":25},{"not_picked":["Melter","Loop"],"picked":"Glacier","floor":28},{"not_picked":["Stack","Go for the Eyes","Fission"],"picked":"SKIP","floor":31},{"not_picked":["Seek","Electrodynamics"],"picked":"All For One","floor":33},{"not_picked":["Cold Snap+1","Compile Driver","Ball Lightning"],"picked":"SKIP","floor":35},{"not_picked":["Double Energy","Gash"],"picked":"Consume","floor":36},{"not_picked":["Rebound","Cold Snap","Storm"],"picked":"SKIP","floor":38},{"not_picked":["Scrape+1","Rebound"],"picked":"All For One","floor":41},{"not_picked":["Consume","Tempest"],"picked":"Defragment+1","floor":47},{"not_picked":["PanicButton","Discovery"],"picked":"Panacea","floor":48}],"player_experience":1061886,"relics_obtained":[{"floor":7,"key":"Anchor"},{"floor":9,"key":"Blood Vial"},{"floor":12,"key":"Boot"},{"floor":24,"key":"MawBank"},{"floor":28,"key":"Ice Cream"},{"floor":31,"key":"Vajra"},{"floor":41,"key":"Art of War"},{"floor":43,"key":"Lantern"},{"floor":47,"key":"Pantograph"}],"event_choices":[{"damage_healed":0,"gold_gain":0,"player_choice":"Paid Gold","damage_taken":0,"relics_obtained":["Omamori"],"max_hp_gain":0,"max_hp_loss":0,"event_name":"WeMeetAgain","floor":3,"gold_loss":71},{"cards_removed":["Strike_B"],"damage_healed":0,"gold_gain":0,"player_choice":"Forget","damage_taken":0,"max_hp_gain":0,"max_hp_loss":0,"event_name":"Living Wall","floor":11,"gold_loss":0},{"damage_healed":0,"gold_gain":0,"player_choice":"Bet on Owner","damage_taken":0,"max_hp_gain":0,"max_hp_loss":0,"event_name":"The Joust","floor":19,"gold_loss":50},{"damage_healed":0,"gold_gain":0,"player_choice":"Ignored","damage_taken":0,"max_hp_gain":0,"max_hp_loss":0,"event_name":"Ghosts","floor":30,"gold_loss":0},{"cards_removed":["Strike_B"],"damage_healed":0,"gold_gain":0,"player_choice":"Offered Basic","damage_taken":0,"max_hp_gain":0,"max_hp_loss":0,"event_name":"Bonfire Elementals","floor":37,"gold_loss":0},{"damage_healed":0,"gold_gain":0,"player_choice":"Memory 3","damage_taken":10,"max_hp_gain":0,"max_hp_loss":0,"event_name":"SensoryStone","floor":48,"gold_loss":0}],"is_beta":true,"boss_relics":[{"not_picked":["Sozu","Tiny House"],"picked":"Snecko Eye"},{"not_picked":["Busted Crown","Pandora\u0027s Box"],"picked":"Inserter"}],"items_purged_floors":[27,39],"is_endless":false,"potions_floor_spawned":[7,12,13,16,21,22,25,35,36,41,47],"killed_by":"Shield and Spear","ascension_level":20}