{"gold_per_floor":[117,130,130,130,130,130,149,149,224,235,12,27,46,121,121,224,224,224,224,25,25,25,25,25,25,25,25,25,25,25,25,25,25],"floor_reached":33,"playtime":1036,"items_purged":["Strike_R"],"score":237,"play_id":"a5afe1a3-33e2-412b-853f-1d0b6080a1b0","local_time":"20190327232855","is_ascension_mode":false,"campfire_choices":[{"data":"Twin Strike","floor":6,"key":"SMITH"},{"data":"Thunderclap","floor":8,"key":"SMITH"},{"data":"Infernal Blade","floor":15,"key":"SMITH"},{"floor":23,"key":"REST"},{"data":"Corruption","floor":25,"key":"SMITH"},{"floor":29,"key":"REST"},{"data":"Anger","floor":32,"key":"SMITH"}],"neow_cost":"NONE","seed_source_timestamp":394714320105600,"circlet_count":0,"master_deck":["Strike_R","Strike_R+1","Strike_R+1","Strike_R","Defend_R","Defend_R","Defend_R","Defend_R","Bash","Twin Strike+1","Armaments+1","Thunderclap+1","Anger+1","Infernal Blade+1","Feed","Hemokinesis","Demon Form","Rupture","Inflame+1","Corruption+1","Heavy Blade","Searing Blow","Feel No Pain+1","Power Through","Twin Strike"],"relics":["Burning Blood","Shuriken","Centennial Puzzle","Ectoplasm","Red Mask","Anchor","Kunai"],"potions_floor_usage":[12,16,16,28],"damage_taken":[{"damage":7,"enemies":"Small Slimes","floor":1,"turns":4},{"damage":1,"enemies":"2 Louse","floor":2,"turns":3},{"damage":0,"enemies":"Jaw Worm","floor":7,"turns":4},{"damage":8,"enemies":"2 Fungi Beasts","floor":10,"turns":3},{"damage":15,"enemies":"Looter","floor":12,"turns":3},{"damage":6,"enemies":"Blue Slaver","floor":13,"turns":5},{"damage":14,"enemies":"Slime Boss","floor":16,"turns":7},{"damage":8,"enemies":"3 Byrds","floor":18,"turns":4},{"damage":17,"enemies":"Spheric Guardian","floor":19,"turns":4},{"damage":57,"enemies":"Masked Bandits","floor":21,"turns":5},{"damage":6,"enemies":"Snecko","floor":27,"turns":4},{"damage":40,"enemies":"Sentry and Sphere","floor":28,"turns":5},{"damage":5,"enemies":"Snake Plant","floor":30,"turns":2},{"damage":57,"enemies":"Collector","floor":33,"turns":5}],"seed_played":"-4106486737683159344","potions_obtained":[{"floor":7,"key":"Ancient Potion"},{"floor":10,"key":"Strength Potion"},{"floor":12,"key":"Fruit Juice"},{"floor":21,"key":"AttackPotion"},{"floor":27,"key":"Fire Potion"}],"is_trial":false,"path_per_floor":["M","M","?","?","?","R","M","R","T","M","$","M","M","?","R","B",null,"M","M","$","?","?","R","$","R","T","M","M","R","M","?","R","B"],"character_chosen":"IRONCLAD","items_purchased":["Centennial Puzzle","Infernal Blade","Corruption","Heavy Blade"],"campfire_rested":2,"item_purchase_floors":[11,11,20,20],"current_hp_per_floor":[79,80,80,64,64,64,70,70,70,68,68,64,68,57,57,49,89,87,76,76,28,28,55,55,55,55,55,21,48,49,49,49,0],"gold":25,"neow_bonus":"UPGRADE_CARD","is_prod":false,"is_daily":false,"chose_seed":false,"campfire_upgraded":5,"win_rate":0.0,"timestamp":1553743735,"path_taken":["M","M","?","?","?","R","M","R","T","M","$","M","M","?","R","BOSS","M","M","$","?","?","R","$","R","T","M","M","R","M","?","R","BOSS"],"build_version":"2019-01-23","purchased_purges":1,"victory":false,"max_hp_per_floor":[80,80,80,80,80,80,80,80,80,80,80,85,89,89,89,89,89,89,89,89,92,92,92,92,92,92,92,92,92,92,92,92,92],"card_choices":[{"not_picked":["Entrench","Reckless Charge"],"picked":"Twin Strike","floor":1},{"not_picked":["Anger","Clash"],"picked":"Armaments","floor":2},{"not_picked":["Reckless Charge","Ghostly Armor"],"picked":"Thunderclap","floor":7},{"not_picked":["Twin Strike","Clash"],"picked":"Anger","floor":10},{"not_picked":["Rage","True Grit"],"picked":"Feed","floor":12},{"not_picked":["Thunderclap","Body Slam"],"picked":"Hemokinesis","floor":13},{"not_picked":["Bludgeon","Fiend Fire"],"picked":"Demon Form","floor":16},{"not_picked":["Clothesline","Uppercut"],"picked":"Rupture","floor":18},{"not_picked":["Intimidate","Iron Wave"],"picked":"Inflame+1","floor":19},{"not_picked":["Rage","Twin Strike"],"picked":"Searing Blow","floor":21},{"not_picked":["Inflame+1","Second Wind"],"picked":"Feel No Pain+1","floor":27},{"not_picked":["Clash","Thunderclap"],"picked":"Power Through","floor":28},{"not_picked":["Iron Wave","Body Slam"],"picked":"Twin Strike","floor":30}],"player_experience":15062,"relics_obtained":[{"floor":9,"key":"Shuriken"},{"floor":21,"key":"Red Mask"},{"floor":26,"key":"Anchor"}],"event_choices":[{"damage_healed":0,"gold_gain":0,"player_choice":"Leave","damage_taken":0,"max_hp_gain":0,"max_hp_loss":0,"event_name":"The Cleric","floor":3,"gold_loss":0},{"damage_healed":0,"gold_gain":0,"player_choice":"Entered Light","damage_taken":16,"max_hp_gain":0,"max_hp_loss":0,"event_name":"Shining Light","floor":4,"gold_loss":0,"cards_upgraded":["Armaments","Strike_R"]},{"damage_healed":0,"gold_gain":0,"player_choice":"Ignored","damage_taken":0,"max_hp_gain":0,"max_hp_loss":0,"event_name":"Golden Idol","floor":5,"gold_loss":0},{"damage_healed":0,"gold_gain":75,"player_choice":"Gather Gold","damage_taken":11,"max_hp_gain":0,"max_hp_loss":0,"event_name":"World of Goop","floor":14,"gold_loss":0},{"damage_healed":0,"gold_gain":0,"player_choice":"Fought Bandits","damage_taken":0,"max_hp_gain":0,"max_hp_loss":0,"event_name":"Masked Bandits","floor":21,"gold_loss":0},{"damage_healed":0,"gold_gain":0,"player_choice":"Ignored","damage_taken":0,"max_hp_gain":0,"max_hp_loss":0,"event_name":"Beggar","floor":22,"gold_loss":0},{"damage_healed":0,"gold_gain":0,"player_choice":"Opened","damage_taken":0,"relics_obtained":["Kunai"],"max_hp_gain":0,"max_hp_loss":0,"event_name":"The Mausoleum","floor":31,"gold_loss":0}],"is_beta":false,"boss_relics":[{"not_picked":["Calling Bell","Eternal Feather"],"picked":"Ectoplasm"}],"items_purged_floors":[20],"is_endless":false,"potions_floor_spawned":[7,10,12,21,27],"killed_by":"Collector","ascension_level":0}