{"gold_per_floor":[19,33,33,53,68,93,93,119,173,198,198,148,148,164,164,269,269,289,289,306,326,95,147,160,224,224,250,284,302,335,345,345,449,449,464,56,56,56,68,95,95,112,112,145,145,95,121,140,140,140],"floor_reached":51,"playtime":1997,"items_purged":["Strike_R","Strike_R"],"score":841,"play_id":"c187d58a-0017-4534-b610-bdf6e817da0b","local_time":"20190515102422","is_ascension_mode":false,"campfire_choices":[{"data":"Whirlwind","floor":7,"key":"SMITH"},{"data":"Armaments","floor":15,"key":"SMITH"},{"data":"Inflame","floor":32,"key":"SMITH"},{"data":"Demon Form","floor":41,"key":"SMITH"},{"data":"Clothesline","floor":45,"key":"SMITH"},{"data":"Juggernaut","floor":49,"key":"SMITH"}],"neow_cost":"NO_GOLD","seed_source_timestamp":969671103573100,"circlet_count":0,"master_deck":["Strike_R","Defend_R","Defend_R","Defend_R","Defend_R","Bash+1","Whirlwind+1","Armaments+1","Clothesline+1","Inflame+1","Carnage","Shrug It Off","Immolate+1","Sentinel+1","Clothesline","True Grit+1","HandOfGreed","Juggernaut+1","Intimidate","Power Through+1","Demon Form+1","Shrug It Off+1","Spot Weakness","Inflame+1","Headbutt","Iron Wave+1","Feel No Pain+1","Dual Wield+1","Parasite","Iron Wave+1"],"relics":["Burning Blood","Champion Belt","PreservedInsect","Letter Opener","Anchor","Orichalcum","Sundial","Mark of Pain","Smiling Mask","Strawberry","Bottled Flame","Whetstone","Happy Flower","Philosopher\u0027s Stone","Mummified Hand","Red Skull","Ornamental Fan","Frozen Egg 2"],"potions_floor_usage":[6,8,23,25,29,33,35,50,50,50,50],"damage_taken":[{"damage":0,"enemies":"Small Slimes","floor":1,"turns":3},{"damage":1,"enemies":"Cultist","floor":2,"turns":4},{"damage":2,"enemies":"Jaw Worm","floor":4,"turns":6},{"damage":5,"enemies":"2 Fungi Beasts","floor":5,"turns":4},{"damage":26,"enemies":"Lagavulin","floor":6,"turns":9},{"damage":5,"enemies":"Gremlin Nob","floor":8,"turns":4},{"damage":4,"enemies":"3 Sentries","floor":10,"turns":4},{"damage":2,"enemies":"Looter","floor":14,"turns":3},{"damage":36,"enemies":"Hexaghost","floor":16,"turns":11},{"damage":6,"enemies":"Shell Parasite","floor":18,"turns":4},{"damage":10,"enemies":"2 Thieves","floor":20,"turns":4},{"damage":0,"enemies":"Centurion and Healer","floor":21,"turns":5},{"damage":8,"enemies":"Slavers","floor":23,"turns":3},{"damage":7,"enemies":"Snake Plant","floor":24,"turns":4},{"damage":5,"enemies":"Shelled Parasite and Fungi","floor":25,"turns":7},{"damage":12,"enemies":"Book of Stabbing","floor":27,"turns":5},{"damage":8,"enemies":"Centurion and Healer","floor":28,"turns":3},{"damage":3,"enemies":"Snake Plant","floor":29,"turns":4},{"damage":0,"enemies":"Slavers","floor":30,"turns":1},{"damage":0,"enemies":"Chosen and Byrds","floor":31,"turns":5},{"damage":31,"enemies":"Collector","floor":33,"turns":9},{"damage":11,"enemies":"3 Darklings","floor":35,"turns":3},{"damage":1,"enemies":"Orb Walker","floor":39,"turns":2},{"damage":18,"enemies":"Reptomancer","floor":40,"turns":4},{"damage":4,"enemies":"Transient","floor":42,"turns":5},{"damage":0,"enemies":"Jaw Worm Horde","floor":44,"turns":5},{"damage":0,"enemies":"Giant Head","floor":47,"turns":6},{"damage":6,"enemies":"Writhing Mass","floor":48,"turns":4},{"damage":25,"enemies":"Time Eater","floor":50,"turns":8}],"seed_played":"4782572858623295857","potions_obtained":[{"floor":1,"key":"Poison Potion"},{"floor":2,"key":"BloodPotion"},{"floor":6,"key":"Block Potion"},{"floor":14,"key":"EntropicBrew"},{"floor":16,"key":"SpeedPotion"},{"floor":18,"key":"EssenceOfSteel"},{"floor":23,"key":"SkillPotion"},{"floor":28,"key":"SpeedPotion"},{"floor":29,"key":"Weak Potion"},{"floor":33,"key":"Explosive Potion"},{"floor":40,"key":"Ancient Potion"},{"floor":42,"key":"Fire Potion"}],"is_trial":false,"path_per_floor":["M","M","?","M","M","E","R","E","T","E","?","?","?","M","R","B",null,"M","?","M","M","$","E","M","M","T","E","M","M","E","M","R","B",null,"M","$","?","$","M","E","R","M","T","M","R","$","E","M","R","B",null],"character_chosen":"IRONCLAD","items_purchased":["HandOfGreed","Spot Weakness","Inflame","Mummified Hand"],"campfire_rested":0,"item_purchase_floors":[22,36,36,36],"current_hp_per_floor":[80,80,80,80,80,60,60,61,61,63,68,68,68,72,72,42,85,85,85,81,85,85,90,89,90,90,84,82,85,91,92,92,67,92,87,87,87,87,92,80,80,82,82,88,88,88,92,92,92,73],"gold":140,"neow_bonus":"ONE_RARE_RELIC","is_prod":false,"is_daily":false,"chose_seed":false,"campfire_upgraded":6,"win_rate":1,"timestamp":1557941062,"path_taken":["M","M","?","?","M","E","R","E","T","E","?","?","?","M","R","BOSS","M","?","M","M","$","E","M","M","T","E","M","M","E","M","R","BOSS","M","$","?","?","M","E","R","M","T","M","R","$","E","M","R","BOSS"],"build_version":"2019-01-23","purchased_purges":2,"victory":true,"max_hp_per_floor":[80,80,80,80,80,80,80,80,80,80,85,85,85,85,85,85,85,85,85,85,85,85,92,92,92,92,92,92,92,92,92,92,92,92,92,92,92,92,92,92,92,92,92,92,92,92,92,92,92,92],"card_choices":[{"not_picked":["Blood for Blood","Thunderclap"],"picked":"Whirlwind","floor":1},{"not_picked":["Fire Breathing","Sword Boomerang","Burning Pact"],"picked":"SKIP","floor":2},{"not_picked":["Ghostly Armor","Reckless Charge"],"picked":"Armaments","floor":4},{"not_picked":["Clash","Infernal Blade"],"picked":"Clothesline","floor":5},{"not_picked":["Corruption","Sentinel","Burning Pact"],"picked":"SKIP","floor":6},{"not_picked":["Offering","Headbutt"],"picked":"Inflame","floor":8},{"not_picked":["Whirlwind","Havoc"],"picked":"Carnage","floor":10},{"not_picked":["Cleave","Heavy Blade"],"picked":"Shrug It Off","floor":14},{"not_picked":["Exhume","Impervious"],"picked":"Immolate","floor":16},{"not_picked":["Rampage","Twin Strike"],"picked":"Sentinel+1","floor":18},{"not_picked":["Perfected Strike","Anger"],"picked":"Clothesline","floor":20},{"not_picked":["Dual Wield","Bloodletting+1"],"picked":"True Grit+1","floor":21},{"not_picked":["Battle Trance","Clothesline"],"picked":"Juggernaut","floor":23},{"not_picked":["Warcry","Havoc","Whirlwind"],"picked":"SKIP","floor":24},{"not_picked":["Wild Strike","Armaments","Clash"],"picked":"SKIP","floor":25},{"not_picked":["Whirlwind","Clash"],"picked":"Intimidate","floor":27},{"not_picked":["Fiend Fire","Reckless Charge+1","Fire Breathing"],"picked":"SKIP","floor":28},{"not_picked":["Flex+1","Rampage"],"picked":"Power Through+1","floor":29},{"not_picked":["Fire Breathing","Wild Strike","True Grit"],"picked":"SKIP","floor":30},{"not_picked":["True Grit","Blood for Blood","Wild Strike"],"picked":"SKIP","floor":31},{"not_picked":["Dark Embrace","Juggernaut"],"picked":"Demon Form","floor":33},{"not_picked":["Sever Soul+1","Warcry+1"],"picked":"Shrug It Off+1","floor":35},{"not_picked":["Warcry","Armaments","Perfected Strike+1"],"picked":"SKIP","floor":39},{"not_picked":["Sword Boomerang","Pommel Strike+1"],"picked":"Headbutt","floor":40},{"not_picked":["Ghostly Armor","Sentinel+1"],"picked":"Iron Wave+1","floor":42},{"not_picked":["Body Slam+1","Infernal Blade+1"],"picked":"Feel No Pain+1","floor":44},{"not_picked":["Body Slam+1","Fiend Fire"],"picked":"Dual Wield+1","floor":47},{"not_picked":["Entrench","Havoc"],"picked":"Iron Wave+1","floor":48}],"player_experience":790284,"relics_obtained":[{"floor":6,"key":"PreservedInsect"},{"floor":8,"key":"Letter Opener"},{"floor":9,"key":"Anchor"},{"floor":10,"key":"Orichalcum"},{"floor":23,"key":"Strawberry"},{"floor":26,"key":"Bottled Flame"},{"floor":27,"key":"Whetstone"},{"floor":30,"key":"Happy Flower"},{"floor":40,"key":"Red Skull"},{"floor":43,"key":"Ornamental Fan"},{"floor":47,"key":"Frozen Egg 2"}],"event_choices":[{"cards_removed":["Strike_R"],"damage_healed":0,"gold_gain":0,"player_choice":"Card Removal","damage_taken":0,"max_hp_gain":0,"max_hp_loss":0,"event_name":"Wheel of Change","floor":3,"gold_loss":0},{"damage_healed":0,"gold_gain":0,"player_choice":"Donut","damage_taken":0,"max_hp_gain":5,"max_hp_loss":0,"event_name":"Big Fish","floor":11,"gold_loss":0},{"cards_removed":["Strike_R"],"damage_healed":0,"gold_gain":0,"player_choice":"Card Removal","damage_taken":0,"max_hp_gain":0,"max_hp_loss":0,"event_name":"The Cleric","floor":12,"gold_loss":50},{"damage_healed":0,"gold_gain":0,"player_choice":"Gave Potion","damage_taken":0,"relics_obtained":["Sundial"],"max_hp_gain":0,"max_hp_loss":0,"event_name":"WeMeetAgain","floor":13,"gold_loss":0},{"damage_healed":0,"gold_gain":0,"player_choice":"Opened","damage_taken":0,"relics_obtained":["Smiling Mask"],"max_hp_gain":0,"max_hp_loss":0,"event_name":"The Mausoleum","floor":19,"gold_loss":0},{"damage_healed":0,"gold_gain":0,"player_choice":"Forge","damage_taken":0,"max_hp_gain":0,"max_hp_loss":0,"event_name":"Accursed Blacksmith","floor":37,"gold_loss":0,"cards_upgraded":["Inflame"]}],"is_beta":false,"boss_relics":[{"not_picked":["Busted Crown","Sozu"],"picked":"Mark of Pain"},{"not_picked":["Astrolabe","Runic Cube"],"picked":"Philosopher\u0027s Stone"}],"items_purged_floors":[22,46],"is_endless":false,"potions_floor_spawned":[1,2,6,14,16,18,23,28,29,31,33,40,42,44,47],"ascension_level":0}