{"gold_per_floor":[17,92,92,103,103,103,130,130,130,155,169,203,217,73,73,177,177,195,195,120,138,155,187,242,297,373,386,83,111,111,127,127,222,222,235,235,246,264,12,45,57,87,112,145,108,119,152,169,169,169,169,169,52,86,86],"floor_reached":56,"playtime":3493,"items_purged":["Strike_B","Strike_B+1"],"score":1787,"play_id":"02300543-83da-41f1-ac54-212a332fad59","local_time":"20190304213011","is_ascension_mode":true,"campfire_choices":[{"data":"Ball Lightning","floor":6,"key":"SMITH"},{"data":"Dualcast","floor":8,"key":"SMITH"},{"data":"Rainbow","floor":15,"key":"SMITH"},{"data":"Hello World","floor":30,"key":"SMITH"},{"data":"Sunder","floor":32,"key":"SMITH"},{"floor":49,"key":"RECALL"},{"data":"Biased Cognition","floor":52,"key":"SMITH"}],"neow_cost":"NO_GOLD","seed_source_timestamp":279154280861941,"circlet_count":0,"master_deck":["Defend_B","Defend_B+1","Defend_B","Defend_B","Zap+1","Dualcast+1","Ball Lightning+1","Leap","Glacier","Ball Lightning","Cold Snap","Sunder+1","Chill","Rainbow+1","Biased Cognition+1","Compile Driver+1","Hello World+1","BootSequence","Undo","Conserve Battery+1","Capacitor","Glacier","Ball Lightning+1","Electrodynamics","Sweeping Beam+1","Redo+1","Tempest+1","Loop+1","Coolheaded+1","Loop+1","Compile Driver+1","Capacitor","Consume+1","Stack+1","Turbo+1","Double Energy","Capacitor","Steam","Seek"],"relics":["Cracked Core","Incense Burner","Gremlin Horn","Oddly Smooth Stone","Omamori","Cables","Sozu","Ice Cream","Tiny Chest","Symbiotic Virus","Happy Flower","DataDisk","Black Star","Lantern","Calipers","Pantograph","Juzu Bracelet","Bottled Lightning","PreservedInsect","Anchor","Dodecahedron","Prayer Wheel","Pen Nib","Letter Opener","Kunai"],"potions_floor_usage":[33,55,55],"damage_taken":[{"damage":0,"enemies":"2 Louse","floor":1,"turns":3},{"damage":0,"enemies":"Small Slimes","floor":4,"turns":3},{"damage":17,"enemies":"3 Sentries","floor":7,"turns":8},{"damage":6,"enemies":"Gremlin Nob","floor":10,"turns":5},{"damage":0,"enemies":"Jaw Worm","floor":11,"turns":3},{"damage":0,"enemies":"Lagavulin","floor":12,"turns":5},{"damage":2,"enemies":"Blue Slaver","floor":13,"turns":2},{"damage":0,"enemies":"The Guardian","floor":16,"turns":8},{"damage":0,"enemies":"Spheric Guardian","floor":18,"turns":3},{"damage":0,"enemies":"3 Byrds","floor":21,"turns":3},{"damage":0,"enemies":"Shelled Parasite and Fungi","floor":22,"turns":4},{"damage":0,"enemies":"Slavers","floor":23,"turns":5},{"damage":0,"enemies":"Book of Stabbing","floor":25,"turns":6},{"damage":0,"enemies":"3 Cultists","floor":27,"turns":4},{"damage":0,"enemies":"Slavers","floor":29,"turns":3},{"damage":0,"enemies":"Snake Plant","floor":31,"turns":4},{"damage":0,"enemies":"Collector","floor":33,"turns":8},{"damage":0,"enemies":"3 Darklings","floor":35,"turns":3},{"damage":0,"enemies":"Orb Walker","floor":37,"turns":3},{"damage":0,"enemies":"Writhing Mass","floor":38,"turns":5},{"damage":0,"enemies":"Nemesis","floor":40,"turns":5},{"damage":0,"enemies":"Jaw Worm Horde","floor":41,"turns":2},{"damage":0,"enemies":"Giant Head","floor":42,"turns":8},{"damage":0,"enemies":"Nemesis","floor":44,"turns":6},{"damage":0,"enemies":"Sphere and 2 Shapes","floor":46,"turns":3},{"damage":0,"enemies":"Reptomancer","floor":47,"turns":5},{"damage":0,"enemies":"4 Shapes","floor":48,"turns":4},{"damage":22,"enemies":"Time Eater","floor":50,"turns":7},{"damage":13,"enemies":"Shield and Spear","floor":54,"turns":5},{"damage":22,"enemies":"The Heart","floor":55,"turns":8}],"seed_played":"-8471363213662376319","potions_obtained":[{"floor":10,"key":"Strength Potion"},{"floor":11,"key":"Weak Potion"},{"floor":12,"key":"PowerPotion"}],"is_trial":false,"path_per_floor":["M","?","?","M","?","R","E","R","T","E","M","E","M","$","R","B",null,"M","?","?","M","M","E","T","E","T","M","$","E","R","M","R","B",null,"M","?","M","M","$","E","M","E","T","E","$","M","E","M","R","B",null,"R","$","E","B",null],"character_chosen":"DEFECT","items_purchased":["Rainbow","Happy Flower","Capacitor","Lantern","Capacitor","Capacitor","Steam"],"campfire_rested":0,"item_purchase_floors":[14,28,28,39,45,53,53],"current_hp_per_floor":[75,64,49,49,49,49,32,32,32,26,26,26,24,24,24,24,75,75,75,75,75,75,75,75,75,75,75,75,75,75,75,75,75,75,75,75,75,75,75,75,75,75,75,75,75,75,75,75,75,53,75,75,75,62,53],"gold":86,"neow_bonus":"ONE_RARE_RELIC","is_prod":false,"is_daily":false,"chose_seed":false,"campfire_upgraded":6,"win_rate":0,"timestamp":1551753011,"path_taken":["M","?","?","M","?","R","E","R","T","E","M","E","?","$","R","BOSS","M","?","?","M","M","E","?","E","T","M","?","E","R","M","R","BOSS","M","?","M","?","$","E","?","E","T","E","?","M","E","M","R","BOSS","R","$","E","BOSS"],"build_version":"2019-02-06","purchased_purges":2,"victory":true,"max_hp_per_floor":[75,75,75,75,75,75,75,75,75,75,75,75,75,75,75,75,75,75,75,75,75,75,75,75,75,75,75,75,75,75,75,75,75,75,75,75,75,75,75,75,75,75,75,75,75,75,75,75,75,75,75,75,75,75,75],"card_choices":[{"not_picked":["Hologram","Cold Snap"],"picked":"Ball Lightning","floor":1},{"not_picked":["Compile Driver","Barrage"],"picked":"Leap","floor":4},{"not_picked":["Barrage","Hello World"],"picked":"Glacier","floor":7},{"not_picked":["Gash","Skim"],"picked":"Ball Lightning","floor":10},{"not_picked":["Streamline","White Noise"],"picked":"Cold Snap","floor":11},{"not_picked":["Amplify","Lockon"],"picked":"Sunder","floor":12},{"not_picked":["Gash","Conserve Battery"],"picked":"Chill","floor":13},{"not_picked":["Buffer","Seek"],"picked":"Biased Cognition","floor":16},{"not_picked":["Gash","Barrage"],"picked":"Compile Driver+1","floor":18},{"not_picked":["Turbo+1","BootSequence"],"picked":"Hello World","floor":21},{"not_picked":["Beam Cell","Stack","Cold Snap"],"picked":"SKIP","floor":22},{"not_picked":["Rebound+1","FTL"],"picked":"BootSequence","floor":23},{"not_picked":["Reboot","Cold Snap+1"],"picked":"Undo","floor":25},{"not_picked":["Scrape","Leap+1"],"picked":"Conserve Battery+1","floor":27},{"not_picked":["Amplify","Streamline+1"],"picked":"Glacier","floor":29},{"not_picked":["Leap","Melter+1"],"picked":"Ball Lightning+1","floor":31},{"not_picked":["Rainbow","Meteor Strike"],"picked":"Electrodynamics","floor":33},{"not_picked":["Darkness","Leap"],"picked":"Sweeping Beam+1","floor":35},{"not_picked":["Go for the Eyes","Hologram+1"],"picked":"Redo+1","floor":37},{"not_picked":["Reprogram","Redo+1"],"picked":"Tempest+1","floor":38},{"not_picked":["Gash+1","Barrage"],"picked":"Loop+1","floor":40},{"not_picked":["Skim","Steam Power+1"],"picked":"Coolheaded+1","floor":41},{"not_picked":["Redo+1","Steam+1"],"picked":"Loop+1","floor":42},{"not_picked":["Redo","Hyperbeam"],"picked":"Compile Driver+1","floor":44},{"not_picked":["Hologram+1","Cold Snap+1"],"picked":"Consume+1","floor":46},{"not_picked":["Ball Lightning+1","Sunder+1"],"picked":"Stack+1","floor":47},{"not_picked":["Undo","Barrage"],"picked":"Turbo+1","floor":48},{"not_picked":["Steam+1","Hello World+1"],"picked":"Double Energy","floor":48},{"not_picked":["Tempest","Reprogram+1"],"picked":"Seek","floor":54}],"player_experience":4796064,"relics_obtained":[{"floor":7,"key":"Gremlin Horn"},{"floor":9,"key":"Oddly Smooth Stone"},{"floor":10,"key":"Omamori"},{"floor":12,"key":"Cables"},{"floor":23,"key":"Ice Cream"},{"floor":25,"key":"Tiny Chest"},{"floor":26,"key":"Symbiotic Virus"},{"floor":29,"key":"DataDisk"},{"floor":40,"key":"Calipers"},{"floor":40,"key":"Pantograph"},{"floor":42,"key":"Juzu Bracelet"},{"floor":42,"key":"Bottled Lightning"},{"floor":43,"key":"PreservedInsect"},{"floor":44,"key":"Anchor"},{"floor":44,"key":"Dodecahedron"},{"floor":47,"key":"Prayer Wheel"},{"floor":47,"key":"Pen Nib"},{"floor":54,"key":"Letter Opener"},{"floor":54,"key":"Kunai"}],"event_choices":[{"damage_healed":0,"gold_gain":75,"player_choice":"Gather Gold","damage_taken":11,"max_hp_gain":0,"max_hp_loss":0,"event_name":"World of Goop","floor":2,"gold_loss":0},{"damage_healed":0,"gold_gain":0,"player_choice":"Entered Light","damage_taken":15,"max_hp_gain":0,"max_hp_loss":0,"event_name":"Shining Light","floor":3,"gold_loss":0,"cards_upgraded":["Defend_B","Strike_B"]},{"damage_healed":0,"gold_gain":0,"player_choice":"Grow","damage_taken":0,"max_hp_gain":0,"max_hp_loss":0,"event_name":"Living Wall","floor":5,"gold_loss":0,"cards_upgraded":["Zap"]},{"damage_healed":0,"gold_gain":0,"player_choice":"Ignored","damage_taken":0,"max_hp_gain":0,"max_hp_loss":0,"event_name":"Vampires","floor":19,"gold_loss":0},{"cards_removed":["Strike_B"],"damage_healed":0,"gold_gain":0,"player_choice":"Gave Gold","damage_taken":0,"max_hp_gain":0,"max_hp_loss":0,"event_name":"Beggar","floor":20,"gold_loss":75},{"cards_removed":["Strike_B"],"damage_healed":0,"gold_gain":0,"player_choice":"Offered Basic","damage_taken":0,"max_hp_gain":0,"max_hp_loss":0,"event_name":"Bonfire Elementals","floor":36,"gold_loss":0}],"is_beta":true,"boss_relics":[{"not_picked":["Fusion Hammer","Empty Cage"],"picked":"Sozu"},{"not_picked":["Lizard Tail","Busted Crown"],"picked":"Black Star"}],"items_purged_floors":[28,39],"is_endless":false,"potions_floor_spawned":[10,11,12,21,22,27,33,37,38,40,47,54],"ascension_level":1}