{"gold_per_floor":[119,39,56,56,9,9,82,111,137,164,164,180,200,228,228,328,328,342,355,370,370,28,28,87,99,99,27,37,50,50,24,24,24],"floor_reached":33,"playtime":1097,"items_purged":[],"score":405,"play_id":"05749441-c10b-4ef4-b616-3abec4ef817e","local_time":"20190102161508","is_ascension_mode":true,"campfire_choices":[{"data":"Zap","floor":6,"key":"SMITH"},{"data":"1","floor":11,"key":"LIFT"},{"floor":15,"key":"REST"},{"floor":23,"key":"REST"},{"floor":30,"key":"REST"},{"data":"2","floor":32,"key":"LIFT"}],"neow_cost":"NONE","seed_source_timestamp":1021225253523386,"circlet_count":0,"master_deck":["Strike_B","Strike_B","Strike_B","Strike_B","Defend_B","Defend_B","Defend_B","Defend_B","Zap+1","Dualcast","Compile Driver","Ball Lightning","Hologram+1","Melter","Coolheaded","Doom and Gloom","White Noise","White Noise","Stack","Ball Lightning","Echo Form","White Noise","Skim","Double Energy+1","Jack Of All Trades","Coolheaded+1","Self Repair","Storm","Capacitor","Heatsinks","Ball Lightning"],"relics":["Cracked Core","NeowsBlessing","PreservedInsect","Anchor","Girya","Odd Mushroom","Philosopher\u0027s Stone","Pantograph","Tiny Chest","Meat on the Bone"],"potions_floor_usage":[16,16,24,28,29,33],"damage_taken":[{"damage":0,"enemies":"Small Slimes","floor":1,"turns":1},{"damage":0,"enemies":"2 Louse","floor":3,"turns":1},{"damage":0,"enemies":"Gremlin Nob","floor":8,"turns":1},{"damage":13,"enemies":"3 Sentries","floor":10,"turns":4},{"damage":4,"enemies":"Cultist","floor":12,"turns":3},{"damage":20,"enemies":"Large Slime","floor":13,"turns":4},{"damage":6,"enemies":"The Mushroom Lair","floor":14,"turns":3},{"damage":37,"enemies":"Hexaghost","floor":16,"turns":9},{"damage":22,"enemies":"Spheric Guardian","floor":18,"turns":4},{"damage":0,"enemies":"3 Byrds","floor":19,"turns":1},{"damage":32,"enemies":"Snake Plant","floor":20,"turns":4},{"damage":5,"enemies":"Book of Stabbing","floor":24,"turns":4},{"damage":2,"enemies":"Cultist and Chosen","floor":25,"turns":5},{"damage":0,"enemies":"Snecko","floor":28,"turns":4},{"damage":25,"enemies":"Centurion and Healer","floor":29,"turns":4},{"damage":92,"enemies":"Collector","floor":33,"turns":9}],"seed_played":"2911866625705554232","potions_obtained":[{"floor":3,"key":"SneckoOil"},{"floor":10,"key":"SkillPotion"},{"floor":12,"key":"Fire Potion"},{"floor":18,"key":"SpeedPotion"},{"floor":19,"key":"Strength Potion"},{"floor":29,"key":"EssenceOfSteel"}],"is_trial":false,"path_per_floor":["M","$","M","?","$","R","?","E","T","E","R","M","M","?","R","B",null,"M","M","M","?","$","R","E","M","T","$","M","M","R","$","R","B"],"character_chosen":"DEFECT","items_purchased":["Ball Lightning","Hologram","Coolheaded","Jack Of All Trades","Pantograph","Storm","Ball Lightning"],"campfire_rested":3,"item_purchase_floors":[2,2,5,22,22,27,31],"current_hp_per_floor":[68,68,68,68,68,68,68,68,68,55,55,51,31,25,47,10,59,37,37,5,5,5,27,22,20,20,20,39,33,55,55,55,0],"gold":24,"neow_bonus":"THREE_ENEMY_KILL","is_prod":false,"is_daily":false,"chose_seed":false,"campfire_upgraded":1,"win_rate":0,"timestamp":1546456508,"path_taken":["M","$","M","?","$","R","?","E","T","E","R","M","M","?","R","BOSS","M","M","M","?","$","R","E","M","T","?","M","M","R","$","R","BOSS"],"build_version":"2018-12-20","purchased_purges":0,"victory":false,"max_hp_per_floor":[75,75,75,75,75,75,75,75,75,75,75,75,75,75,75,75,75,75,75,75,75,75,75,75,75,75,75,75,75,75,75,75,75],"card_choices":[{"not_picked":["Beam Cell","Heatsinks"],"picked":"Compile Driver","floor":1},{"not_picked":["Genetic Algorithm","Redo"],"picked":"Melter","floor":3},{"not_picked":["Stack","Leap"],"picked":"Doom and Gloom","floor":8},{"not_picked":["Steam","Redo"],"picked":"White Noise","floor":10},{"not_picked":["Gash","Stack"],"picked":"White Noise","floor":12},{"not_picked":["Undo","Rainbow"],"picked":"Stack","floor":13},{"not_picked":["Tempest","Static Discharge"],"picked":"Ball Lightning","floor":14},{"not_picked":["Seek","All For One"],"picked":"Echo Form","floor":16},{"not_picked":["Doom and Gloom","Force Field"],"picked":"White Noise","floor":18},{"not_picked":["Leap","Scrape"],"picked":"Skim","floor":19},{"not_picked":["Stack","Tempest"],"picked":"Double Energy","floor":20},{"not_picked":["Gash","Hello World+1"],"picked":"Coolheaded+1","floor":24},{"not_picked":["Hologram","Beam Cell"],"picked":"Self Repair","floor":25},{"not_picked":["Redo","Steam"],"picked":"Capacitor","floor":28},{"not_picked":["Chaos","Ball Lightning"],"picked":"Heatsinks","floor":29}],"player_experience":605699,"relics_obtained":[{"floor":8,"key":"PreservedInsect"},{"floor":9,"key":"Anchor"},{"floor":10,"key":"Girya"},{"floor":14,"key":"Odd Mushroom"},{"floor":24,"key":"Tiny Chest"},{"floor":26,"key":"Meat on the Bone"}],"event_choices":[{"damage_healed":0,"gold_gain":0,"player_choice":"Grow","damage_taken":0,"max_hp_gain":0,"max_hp_loss":0,"event_name":"Living Wall","floor":4,"gold_loss":0,"cards_upgraded":["Hologram"]},{"damage_healed":0,"gold_gain":73,"player_choice":"Gained Gold","damage_taken":0,"max_hp_gain":0,"max_hp_loss":0,"event_name":"Golden Wing","floor":7,"gold_loss":0},{"damage_healed":0,"gold_gain":0,"player_choice":"Fought Mushrooms","damage_taken":0,"max_hp_gain":0,"max_hp_loss":0,"event_name":"Mushrooms","floor":14,"gold_loss":0},{"damage_healed":0,"gold_gain":0,"player_choice":"Upgraded","damage_taken":0,"max_hp_gain":0,"max_hp_loss":0,"event_name":"Upgrade Shrine","floor":21,"gold_loss":0,"cards_upgraded":["Double Energy"]}],"is_beta":false,"boss_relics":[{"not_picked":["Velvet Choker","Runic Pyramid"],"picked":"Philosopher\u0027s Stone"}],"items_purged_floors":[],"is_endless":false,"potions_floor_spawned":[3,10,12,18,19,20,29],"killed_by":"Collector","ascension_level":7}