{"gold_per_floor":[119,219,232,59,59,95,95,95,122,122,122,155,155,196,196,327,327,351,67,85,85,45,80,96,129,129,170,208,208,233,167,167,295,295,308,308,143,159,159,200,200,235,235,268,268,268,282,615,615,615,615,615,26,59,59],"floor_reached":56,"playtime":3186,"items_purged":["Defend_G","Strike_G","Strike_G","Strike_G"],"score":1742,"play_id":"bd0474e0-ac23-4d42-81d1-f73d39cdc3fc","local_time":"20190222160910","is_ascension_mode":true,"campfire_choices":[{"data":"Noxious Fumes","floor":7,"key":"SMITH"},{"data":"Neutralize","floor":10,"key":"SMITH"},{"data":"Corpse Explosion","floor":13,"key":"SMITH"},{"data":"Sucker Punch","floor":15,"key":"SMITH"},{"data":"Burst","floor":29,"key":"SMITH"},{"data":"Noxious Fumes","floor":32,"key":"SMITH"},{"floor":41,"key":"RECALL"},{"data":"Night Terror","floor":46,"key":"SMITH"},{"data":"Malaise","floor":49,"key":"SMITH"},{"data":"Ghostly","floor":52,"key":"SMITH"}],"neow_cost":"NONE","seed_source_timestamp":5889618777468505,"circlet_count":0,"master_deck":["Defend_G","Defend_G","Defend_G+1","Defend_G","Strike_G","Survivor","Neutralize+1","Noxious Fumes+1","PiercingWail","Flying Knee+1","Backflip","Corpse Explosion+1","Sucker Punch+1","Burst+1","PiercingWail","Noxious Fumes+1","Dagger Spray","Bouncing Flask","Crippling Poison+1","Ghostly+1","Ghostly","Ghostly","Ghostly","Ghostly","Dash+1","Acrobatics","Malaise+1","Backflip+1","Night Terror+1","Dodge and Roll","Expertise","Poisoned Stab+1","Finesse","Backflip","Parasite","Deflect+1","Apotheosis","Backflip"],"relics":["Ring of the Snake","NeowsBlessing","Ninja Scroll","Bag of Preparation","Pantograph","Sundial","Sozu","Oddly Smooth Stone","Bottled Flame","Bottled Tornado","Molten Egg 2","Red Mask","Mercury Hourglass","Cursed Key","Bronze Scales","Unceasing Top","Letter Opener","Mummified Hand","TwistedFunnel","Whetstone"],"potions_floor_usage":[14,55,55],"damage_taken":[{"damage":0,"enemies":"Jaw Worm","floor":1,"turns":1},{"damage":0,"enemies":"Cultist","floor":3,"turns":1},{"damage":0,"enemies":"3 Sentries","floor":6,"turns":2},{"damage":13,"enemies":"Gremlin Nob","floor":12,"turns":4},{"damage":0,"enemies":"3 Sentries","floor":14,"turns":2},{"damage":0,"enemies":"The Guardian","floor":16,"turns":8},{"damage":5,"enemies":"2 Thieves","floor":18,"turns":5},{"damage":13,"enemies":"Shell Parasite","floor":20,"turns":5},{"damage":0,"enemies":"Gremlin Leader","floor":23,"turns":6},{"damage":0,"enemies":"Centurion and Healer","floor":24,"turns":6},{"damage":0,"enemies":"Slavers","floor":25,"turns":5},{"damage":16,"enemies":"Book of Stabbing","floor":27,"turns":7},{"damage":0,"enemies":"Masked Bandits","floor":28,"turns":2},{"damage":0,"enemies":"Snecko","floor":30,"turns":5},{"damage":10,"enemies":"Champ","floor":33,"turns":12},{"damage":0,"enemies":"3 Darklings","floor":35,"turns":3},{"damage":8,"enemies":"Orb Walker","floor":38,"turns":4},{"damage":0,"enemies":"Nemesis","floor":40,"turns":7},{"damage":0,"enemies":"Giant Head","floor":42,"turns":10},{"damage":1,"enemies":"Nemesis","floor":44,"turns":7},{"damage":0,"enemies":"4 Shapes","floor":47,"turns":3},{"damage":0,"enemies":"Donu and Deca","floor":50,"turns":7},{"damage":0,"enemies":"Shield and Spear","floor":54,"turns":5},{"damage":18,"enemies":"The Heart","floor":55,"turns":11}],"seed_played":"-8422720873049559629","potions_obtained":[{"floor":1,"key":"LiquidBronze"},{"floor":3,"key":"PowerPotion"},{"floor":12,"key":"Fire Potion"}],"is_trial":false,"path_per_floor":["M","?","M","$","?","E","R","?","T","R","?","E","R","E","R","B",null,"M","$","M","?","?","E","M","E","T","E","?","R","M","?","R","B",null,"M","?","$","M","?","E","R","E","T","E","?","R","M","?","R","B",null,"R","$","E","B",null],"character_chosen":"THE_SILENT","items_purchased":["Flying Knee","Backflip","Noxious Fumes","Dagger Spray","Bouncing Flask","Expertise","Apotheosis","TwistedFunnel","Backflip"],"campfire_rested":0,"item_purchase_floors":[4,4,19,19,19,37,53,53,53],"current_hp_per_floor":[70,70,70,70,65,65,65,58,58,58,46,33,33,33,33,58,65,60,60,47,32,32,32,32,32,32,16,16,16,16,16,16,22,32,32,30,30,22,22,22,22,22,22,21,21,21,21,21,21,30,30,30,30,30,12],"gold":59,"neow_bonus":"THREE_ENEMY_KILL","is_prod":false,"is_daily":false,"chose_seed":false,"campfire_upgraded":9,"win_rate":0,"timestamp":1550869750,"path_taken":["M","?","?","$","?","E","R","?","T","R","?","E","R","E","R","BOSS","M","$","M","?","?","E","?","E","T","E","?","R","M","?","R","BOSS","M","?","$","M","?","E","R","E","T","E","?","R","?","?","R","BOSS","R","$","E","BOSS"],"build_version":"2019-02-06","purchased_purges":4,"victory":true,"max_hp_per_floor":[70,70,70,70,65,65,65,65,65,65,65,65,65,65,65,65,65,65,65,65,32,32,32,32,32,32,32,32,32,32,32,32,32,32,32,30,30,30,30,30,30,30,30,30,30,30,30,30,30,30,30,30,30,30,30],"card_choices":[{"not_picked":["Underhanded Strike","Blade Dance"],"picked":"Noxious Fumes","floor":1},{"not_picked":["Concentrate","Distraction"],"picked":"PiercingWail","floor":3},{"not_picked":["Blade Dance","Outmaneuver","Calculated Gamble"],"picked":"SKIP","floor":6},{"not_picked":["Catalyst","Riddle With Holes"],"picked":"Corpse Explosion","floor":12},{"not_picked":["Blade Dance","Dodge and Roll"],"picked":"Sucker Punch","floor":14},{"not_picked":["Venomology","Tools of the Trade"],"picked":"Burst","floor":16},{"not_picked":["Underhanded Strike","Outmaneuver"],"picked":"PiercingWail","floor":18},{"not_picked":["Backflip","Bouncing Flask"],"picked":"Crippling Poison","floor":20},{"not_picked":["Blade Dance","Corpse Explosion"],"picked":"Dash","floor":23},{"not_picked":["Sucker Punch","Bouncing Flask"],"picked":"Acrobatics","floor":24},{"not_picked":["Quick Slash","Blur"],"picked":"Malaise","floor":25},{"not_picked":["Bouncing Flask","Riddle With Holes","Cloak And Dagger"],"picked":"SKIP","floor":27},{"not_picked":["Dash+1","Bane+1"],"picked":"Backflip+1","floor":28},{"not_picked":["Reflex","PiercingWail","Concentrate"],"picked":"SKIP","floor":30},{"not_picked":["Grand Finale+1","Die Die Die+1"],"picked":"Night Terror","floor":33},{"not_picked":["Calculated Gamble","Dagger Throw+1"],"picked":"Dodge and Roll","floor":35},{"not_picked":["PiercingWail+1","Flying Knee+1"],"picked":"Poisoned Stab+1","floor":38},{"not_picked":["Panacea","Magnetism"],"picked":"Finesse","floor":39},{"not_picked":["Blade Dance","Dash+1","Flying Knee+1"],"picked":"SKIP","floor":40},{"not_picked":["Leg Sweep","Deadly Poison+1"],"picked":"Backflip","floor":42},{"not_picked":["Cloak And Dagger","Predator+1"],"picked":"Deflect+1","floor":44},{"not_picked":["Dagger Spray+1","Dagger Throw+1","PiercingWail"],"picked":"SKIP","floor":47},{"not_picked":["Heel Hook+1","PiercingWail","Crippling Poison"],"picked":"SKIP","floor":54}],"player_experience":4649386,"relics_obtained":[{"floor":6,"key":"Ninja Scroll"},{"floor":12,"key":"Pantograph"},{"floor":14,"key":"Sundial"},{"floor":23,"key":"Oddly Smooth Stone"},{"floor":25,"key":"Bottled Flame"},{"floor":26,"key":"Bottled Tornado"},{"floor":27,"key":"Molten Egg 2"},{"floor":28,"key":"Red Mask"},{"floor":40,"key":"Bronze Scales"},{"floor":42,"key":"Unceasing Top"},{"floor":43,"key":"Letter Opener"},{"floor":44,"key":"Mummified Hand"},{"floor":54,"key":"Whetstone"}],"event_choices":[{"damage_healed":0,"gold_gain":100,"player_choice":"Gold","damage_taken":0,"max_hp_gain":0,"max_hp_loss":0,"event_name":"Wheel of Change","floor":2,"gold_loss":0},{"damage_healed":0,"gold_gain":0,"player_choice":"Lose Max HP","damage_taken":0,"relics_obtained":["Golden Idol"],"max_hp_gain":0,"max_hp_loss":5,"event_name":"Golden Idol","floor":5,"gold_loss":0},{"cards_removed":["Strike_G"],"damage_healed":0,"gold_gain":0,"player_choice":"Card Removal","damage_taken":7,"max_hp_gain":0,"max_hp_loss":0,"event_name":"Golden Wing","floor":8,"gold_loss":0},{"damage_healed":0,"gold_gain":0,"player_choice":"Success","damage_taken":12,"relics_obtained":["Bag of Preparation"],"max_hp_gain":0,"max_hp_loss":0,"event_name":"Scrap Ooze","floor":11,"gold_loss":0},{"damage_healed":0,"gold_gain":0,"player_choice":"Became a Ghost","damage_taken":0,"max_hp_gain":0,"max_hp_loss":33,"event_name":"Ghosts","floor":21,"gold_loss":0,"cards_obtained":["Ghostly","Ghostly","Ghostly","Ghostly","Ghostly"]},{"damage_healed":0,"gold_gain":0,"player_choice":"Upgraded Two","damage_taken":0,"max_hp_gain":0,"max_hp_loss":0,"event_name":"Designer","floor":22,"gold_loss":40,"cards_upgraded":["Defend_G","Crippling Poison"]},{"damage_healed":0,"gold_gain":0,"player_choice":"Fought Bandits","damage_taken":0,"max_hp_gain":0,"max_hp_loss":0,"event_name":"Masked Bandits","floor":28,"gold_loss":0},{"damage_healed":0,"gold_gain":0,"player_choice":"Paid Gold","damage_taken":0,"relics_obtained":["Mercury Hourglass"],"max_hp_gain":0,"max_hp_loss":0,"event_name":"WeMeetAgain","floor":31,"gold_loss":66},{"damage_healed":0,"gold_gain":0,"player_choice":"Max HP","damage_taken":0,"max_hp_gain":0,"max_hp_loss":2,"event_name":"Winding Halls","floor":36,"gold_loss":0},{"damage_healed":0,"gold_gain":0,"player_choice":"Memory 1","damage_taken":0,"max_hp_gain":0,"max_hp_loss":0,"event_name":"SensoryStone","floor":39,"gold_loss":0},{"damage_healed":0,"gold_gain":0,"player_choice":"Ignored","damage_taken":0,"max_hp_gain":0,"max_hp_loss":0,"event_name":"SecretPortal","floor":45,"gold_loss":0},{"damage_healed":0,"gold_gain":333,"player_choice":"Gave Idol","damage_taken":0,"max_hp_gain":0,"max_hp_loss":0,"event_name":"The Moai Head","floor":48,"relics_lost":["Golden Idol"],"gold_loss":0}],"is_beta":true,"boss_relics":[{"not_picked":["Black Star","Empty Cage"],"picked":"Sozu"},{"not_picked":["Ring of the Serpent","White Beast Statue"],"picked":"Cursed Key"}],"items_purged_floors":[4,19,37,53],"is_endless":false,"potions_floor_spawned":[1,3,12,24,27,33,40,42,44],"ascension_level":1}