{"gold_per_floor":[367,367,379,394,59,59,31,31,31,31,62,78,107,121,121,193,193,193,108,108,108,108,108,108,68,68,68,68,68,39,39,39,39,39,39,0,0,0,0,0,0,0,0,0,0,0,0,0,0,0,0,0,0,0,0,0],"floor_reached":57,"playtime":7434,"items_purged":["Strike_R"],"score":2811,"play_id":"0a0c4ff5-d26c-4a50-bfae-011fce2d26b5","local_time":"20190428193406","is_ascension_mode":true,"campfire_choices":[{"data":"Hemokinesis","floor":6.0,"key":"SMITH"},{"data":"Bash","floor":8.0,"key":"SMITH"},{"data":"True Grit","floor":15.0,"key":"SMITH"},{"floor":23.0,"key":"REST"},{"data":"Uppercut","floor":27.0,"key":"SMITH"},{"data":"True Grit","floor":32.0,"key":"SMITH"},{"floor":41.0,"key":"RECALL"},{"data":"Feel No Pain","floor":45.0,"key":"SMITH"},{"data":"Impervious","floor":49.0,"key":"SMITH"},{"data":"Disarm","floor":53,"key":"SMITH"}],"neow_cost":"CURSE","seed_source_timestamp":0,"circlet_count":0,"master_deck":["AscendersBane","Defend_R","Defend_R","Defend_R","Defend_R","Bash+1","Hemokinesis+1","Feed","Flash of Steel+1","Seeing Red","Uppercut+1","Feel No Pain+1","True Grit+1","Exhume","Disarm+1","Necronomicurse","Bite+1","Bite","Bite","Bite","Bite","Havoc+1","Impervious+1","True Grit+1","Shrug It Off","Offering","Disarm+1","Headbutt","Rupture","Clothesline+1","Reckless Charge+1"],"special_seed":0,"relics":["Burning Blood","Spirit Poop","Pen Nib","Tiny Chest","Strawberry","Bottled Lightning","FossilizedHelix","Ectoplasm","Bag of Preparation","Charon\u0027s Ashes","Necronomicon","Dodecahedron","Letter Opener","Runic Pyramid","Red Mask","Ice Cream","Molten Egg 2","Whetstone","Incense Burner","Kunai"],"potions_floor_usage":[56],"damage_taken":[{"damage":15.0,"enemies":"2 Louse","floor":1.0,"turns":4.0},{"damage":3.0,"enemies":"Cultist","floor":3.0,"turns":3.0},{"damage":15.0,"enemies":"Jaw Worm","floor":4.0,"turns":3.0},{"damage":12.0,"enemies":"Gremlin Nob","floor":11.0,"turns":3.0},{"damage":9.0,"enemies":"3 Louse","floor":12.0,"turns":3.0},{"damage":22.0,"enemies":"3 Sentries","floor":13.0,"turns":10.0},{"damage":0.0,"enemies":"Large Slime","floor":14.0,"turns":5.0},{"damage":41.0,"enemies":"The Guardian","floor":16.0,"turns":13.0},{"damage":20.0,"enemies":"Chosen","floor":18.0,"turns":5.0},{"damage":12.0,"enemies":"Slavers","floor":24.0,"turns":4.0},{"damage":13.0,"enemies":"2 Thieves","floor":25.0,"turns":2.0},{"damage":8.0,"enemies":"Shelled Parasite and Fungi","floor":28.0,"turns":5.0},{"damage":0.0,"enemies":"Cultist and Chosen","floor":29.0,"turns":5.0},{"damage":0.0,"enemies":"Book of Stabbing","floor":31.0,"turns":5.0},{"damage":42.0,"enemies":"Automaton","floor":33.0,"turns":10.0},{"damage":0.0,"enemies":"Orb Walker","floor":35.0,"turns":3.0},{"damage":8.0,"enemies":"3 Darklings","floor":38.0,"turns":3.0},{"damage":2.0,"enemies":"Sphere and 2 Shapes","floor":39.0,"turns":6.0},{"damage":12.0,"enemies":"Giant Head","floor":40.0,"turns":6.0},{"damage":4.0,"enemies":"Reptomancer","floor":44.0,"turns":5.0},{"damage":4.0,"enemies":"Maw","floor":46.0,"turns":6.0},{"damage":2.0,"enemies":"Mind Bloom Boss Battle","floor":48.0,"turns":4.0},{"damage":15.0,"enemies":"Donu and Deca","floor":50.0,"turns":11.0},{"damage":60.0,"enemies":"Time Eater","floor":51.0,"turns":11.0},{"damage":27,"enemies":"Shield and Spear","floor":55,"turns":12},{"damage":48,"enemies":"The Heart","floor":56,"turns":12}],"seed_played":"-8222165817194021257","potions_obtained":[{"floor":1.0,"key":"Energy Potion"},{"floor":4.0,"key":"Ancient Potion"},{"floor":13.0,"key":"Explosive Potion"},{"floor":29.0,"key":"AttackPotion"},{"floor":31.0,"key":"SpeedPotion"},{"floor":39.0,"key":"Regen Potion"},{"floor":44.0,"key":"BloodPotion"}],"is_trial":false,"path_per_floor":["M","?","M","M","$","R","?","R","T","$","E","M","E","M","R","B",null,"M","?","T","?","?","R","E","M","T","R","M","M","$","E","R","B",null,"M","?","?","M","M","E","R","$","T","E","R","M","$","?","R","B","B",null,"R","$","E","B",null],"character_chosen":"IRONCLAD","items_purchased":["Pen Nib","Flash of Steel","True Grit"],"campfire_rested":1,"item_purchase_floors":[5,5,30],"current_hp_per_floor":[59,59,62,53,53,53,53,53,60,60,54,54,41,50,50,15,72,58,58,58,37,37,55,60,59,59,59,66,69,69,72,72,42,65,75,75,71,74,77,77,77,77,77,80,80,83,83,86,86,89,59,84,84,84,86,74],"gold":0,"neow_bonus":"TWO_FIFTY_GOLD","is_prod":false,"is_daily":false,"chose_seed":false,"campfire_upgraded":8,"win_rate":0,"timestamp":1556476446,"path_taken":["M","?","?","M","$","R","?","R","T","?","E","M","E","M","R","BOSS","M","?","?","?","?","R","E","M","T","R","M","M","?","E","R","BOSS","M","?","?","M","M","E","R","?","T","E","R","M","$","?","R","BOSS","BOSS","R","$","E","BOSS"],"build_version":"2019-04-23","purchased_purges":1,"victory":true,"max_hp_per_floor":[75,75,75,75,75,75,75,75,82,82,82,85,88,91,91,91,91,91,91,91,91,63,63,66,66,66,66,66,69,69,72,72,72,72,75,75,71,74,77,77,77,77,77,80,80,83,83,86,86,89,92,92,92,92,95,95],"card_choices":[{"not_picked":["Pommel Strike","Shrug It Off"],"picked":"Hemokinesis","floor":1.0},{"not_picked":["Perfected Strike","Hemokinesis","Entrench"],"picked":"SKIP","floor":3.0},{"not_picked":["Clash","Clothesline"],"picked":"Feed","floor":4.0},{"not_picked":["Entrench","Body Slam"],"picked":"Seeing Red","floor":11.0},{"not_picked":["Cleave","Sever Soul"],"picked":"Uppercut","floor":12.0},{"not_picked":["Iron Wave","Twin Strike"],"picked":"Feel No Pain","floor":13.0},{"not_picked":["Inflame","Warcry"],"picked":"True Grit","floor":14.0},{"not_picked":["Berserk","Feed"],"picked":"Exhume","floor":16.0},{"not_picked":["Body Slam","Rupture"],"picked":"Disarm","floor":18.0},{"not_picked":["Perfected Strike","Anger+1","Pommel Strike"],"picked":"SKIP","floor":24.0},{"not_picked":["Perfected Strike","Clothesline","Flex+1"],"picked":"SKIP","floor":25.0},{"not_picked":["Headbutt","Anger+1"],"picked":"Havoc+1","floor":28.0},{"not_picked":["Flame Barrier","Perfected Strike"],"picked":"Impervious","floor":29.0},{"not_picked":["Brutality","Thunderclap"],"picked":"Shrug It Off","floor":31.0},{"not_picked":["Double Tap","Limit Break"],"picked":"Offering","floor":33.0},{"not_picked":["Shrug It Off","Wild Strike+1"],"picked":"Disarm+1","floor":35.0},{"not_picked":["True Grit","Iron Wave"],"picked":"Headbutt","floor":38.0},{"not_picked":["Wild Strike","Havoc","Uppercut"],"picked":"SKIP","floor":39.0},{"not_picked":["Armaments","Warcry","Hemokinesis"],"picked":"SKIP","floor":40.0},{"not_picked":["Perfected Strike+1","Metallicize","Flex"],"picked":"SKIP","floor":44.0},{"not_picked":["Infernal Blade","Searing Blow+1"],"picked":"Rupture","floor":46.0},{"not_picked":["Body Slam+1","Wild Strike+1"],"picked":"Clothesline+1","floor":48.0},{"not_picked":["Intimidate","Sword Boomerang+1"],"picked":"Reckless Charge+1","floor":55}],"player_experience":1238022,"relics_obtained":[{"floor":9.0,"key":"Strawberry"},{"floor":11.0,"key":"Bottled Lightning"},{"floor":13.0,"key":"FossilizedHelix"},{"floor":20.0,"key":"Charon\u0027s Ashes"},{"floor":21.0,"key":"Necronomicon"},{"floor":24.0,"key":"Dodecahedron"},{"floor":31.0,"key":"Letter Opener"},{"floor":40.0,"key":"Ice Cream"},{"floor":43.0,"key":"Molten Egg 2"},{"floor":44.0,"key":"Whetstone"},{"floor":48.0,"key":"Incense Burner"},{"floor":55,"key":"Kunai"}],"event_choices":[{"cards_removed":["Pain"],"damage_healed":0.0,"max_hp_gain":0.0,"max_hp_loss":0.0,"gold_gain":0.0,"event_name":"Bonfire Elementals","player_choice":"Offered Curse","floor":2.0,"gold_loss":0.0,"damage_taken":0.0,"relics_obtained":["Spirit Poop"]},{"damage_healed":0.0,"max_hp_gain":0.0,"max_hp_loss":0.0,"gold_gain":0.0,"event_name":"WeMeetAgain","player_choice":"Paid Gold","floor":7.0,"gold_loss":58.0,"damage_taken":0.0,"relics_obtained":["Tiny Chest"]},{"damage_healed":0.0,"max_hp_gain":0.0,"max_hp_loss":0.0,"gold_gain":0.0,"event_name":"Addict","player_choice":"Obtained Relic","floor":19.0,"gold_loss":85.0,"damage_taken":0.0,"relics_obtained":["Bag of Preparation"]},{"damage_healed":0.0,"max_hp_gain":0.0,"max_hp_loss":0.0,"gold_gain":0.0,"event_name":"Cursed Tome","player_choice":"Obtained Book","floor":21.0,"gold_loss":0.0,"damage_taken":21.0},{"damage_healed":0.0,"max_hp_gain":0.0,"max_hp_loss":28.0,"gold_gain":0.0,"event_name":"Vampires","player_choice":"Became a vampire","floor":22.0,"gold_loss":0.0,"damage_taken":0.0,"cards_obtained":["Bite","Bite","Bite","Bite","Bite"]},{"damage_healed":0.0,"max_hp_gain":0.0,"max_hp_loss":0.0,"gold_gain":0.0,"event_name":"Tomb of Lord Red Mask","player_choice":"Paid","floor":36.0,"gold_loss":39.0,"damage_taken":0.0,"relics_obtained":["Red Mask"]},{"damage_healed":0.0,"max_hp_gain":0.0,"max_hp_loss":4.0,"gold_gain":0.0,"event_name":"Winding Halls","player_choice":"Max HP","floor":37.0,"gold_loss":0.0,"damage_taken":0.0},{"damage_healed":0.0,"max_hp_gain":0.0,"max_hp_loss":0.0,"gold_gain":0.0,"event_name":"MindBloom","player_choice":"Fight","floor":48.0,"gold_loss":0.0,"damage_taken":0.0}],"is_beta":true,"boss_relics":[{"not_picked":["Lizard Tail","Calling Bell"],"picked":"Ectoplasm"},{"not_picked":["Runic Cube","Mark of Pain"],"picked":"Runic Pyramid"}],"items_purged_floors":[5],"is_endless":false,"potions_floor_spawned":[1,4,13,29,31,39,44,55],"ascension_level":20}