{"gold_per_floor":[109,124,134,134,151,183,13,13,13,32,32,62,72,72,72,174,174,194,31,46,56,56,56,76,26,26,36,36,64,77,92,92,191,191,209,74,24,24,42,42,52,80,167,205,217,249,292,322,334,346],"floor_reached":51,"playtime":3734,"items_purged":["Accuracy","Terror","Phantasmal Killer","Dagger Throw"],"score":871,"play_id":"c6ab48aa-7998-4a46-81d9-bf6e6c28bf94","local_time":"20190308155639","is_ascension_mode":false,"campfire_choices":[{"data":"Neutralize","floor":8,"key":"SMITH"},{"data":"Footwork","floor":11,"key":"SMITH"},{"data":"Well Laid Plans","floor":15,"key":"SMITH"},{"floor":23,"key":"DIG"},{"data":"Noxious Fumes","floor":32,"key":"SMITH"},{"data":"Burst","floor":40,"key":"SMITH"},{"floor":45,"key":"DIG"},{"data":"Malaise","floor":49,"key":"SMITH"}],"neow_cost":"NONE","seed_source_timestamp":741640112520832,"circlet_count":0,"master_deck":["Survivor","Neutralize+1","Wraith Form v2","Poisoned Stab+1","Deflect","Flying Knee","Quick Slash+1","Die Die Die+1","Well Laid Plans+1","Footwork+1","Deflect","Dodge and Roll","Footwork","Footwork","Malaise+1","Choke+1","Glass Knife+1","Dash+1","Dagger Throw+1","Deflect","Calculated Gamble","Backstab+1","PiercingWail","Backflip+1","Noxious Fumes+1","Crippling Poison","Crippling Poison+1","Burst+1","Deadly Poison+1","Finesse","PiercingWail","Malaise+1","Backflip+1"],"relics":["Ring of the Snake","Molten Egg 2","FossilizedHelix","Shovel","Pandora\u0027s Box","Smiling Mask","Strawberry","GremlinMask","Bag of Marbles","Black Star","Pantograph","MawBank","Bottled Lightning","Bottled Flame","Mercury Hourglass","Ancient Tea Set","Mummified Hand"],"potions_floor_usage":[5,6,6,21,24,41,42,42],"damage_taken":[{"damage":0,"enemies":"Cultist","floor":1,"turns":4},{"damage":0,"enemies":"2 Louse","floor":2,"turns":2},{"damage":0,"enemies":"Small Slimes","floor":3,"turns":4},{"damage":0,"enemies":"Red Slaver","floor":5,"turns":4},{"damage":16,"enemies":"Lagavulin","floor":6,"turns":6},{"damage":0,"enemies":"Looter","floor":10,"turns":2},{"damage":1,"enemies":"3 Sentries","floor":12,"turns":5},{"damage":0,"enemies":"Lots of Slimes","floor":13,"turns":3},{"damage":0,"enemies":"The Guardian","floor":16,"turns":13},{"damage":9,"enemies":"3 Byrds","floor":18,"turns":5},{"damage":0,"enemies":"Chosen","floor":20,"turns":6},{"damage":0,"enemies":"Shelled Parasite and Fungi","floor":21,"turns":4},{"damage":0,"enemies":"Snake Plant","floor":24,"turns":2},{"damage":0,"enemies":"Cultist and Chosen","floor":27,"turns":5},{"damage":11,"enemies":"Slavers","floor":29,"turns":7},{"damage":0,"enemies":"Centurion and Healer","floor":30,"turns":6},{"damage":6,"enemies":"Chosen and Byrds","floor":31,"turns":4},{"damage":0,"enemies":"Automaton","floor":33,"turns":11},{"damage":0,"enemies":"3 Shapes","floor":35,"turns":2},{"damage":0,"enemies":"Orb Walker","floor":39,"turns":3},{"damage":3,"enemies":"Spire Growth","floor":41,"turns":5},{"damage":0,"enemies":"Reptomancer","floor":42,"turns":7},{"damage":0,"enemies":"Nemesis","floor":44,"turns":9},{"damage":0,"enemies":"Maw","floor":46,"turns":8},{"damage":6,"enemies":"Giant Head","floor":47,"turns":13},{"damage":0,"enemies":"Jaw Worm Horde","floor":48,"turns":5},{"damage":2,"enemies":"Time Eater","floor":50,"turns":13}],"seed_played":"7207606371706834028","potions_obtained":[{"floor":2,"key":"Fire Potion"},{"floor":3,"key":"Fire Potion"},{"floor":5,"key":"AttackPotion"},{"floor":16,"key":"Ancient Potion"},{"floor":18,"key":"Explosive Potion"},{"floor":21,"key":"Block Potion"},{"floor":31,"key":"Energy Potion"},{"floor":35,"key":"Block Potion"},{"floor":44,"key":"Regen Potion"},{"floor":47,"key":"SteroidPotion"}],"is_trial":false,"path_per_floor":["M","M","M","?","M","E","$","R","T","M","R","E","M","?","R","B",null,"M","$","M","M","?","R","M","$","T","M","?","E","M","M","R","B",null,"M","$","$","?","M","R","M","E","T","E","R","M","E","M","R","B",null],"character_chosen":"THE_SILENT","items_purchased":["Die Die Die+1","Well Laid Plans","Deflect","Calculated Gamble","Finesse"],"campfire_rested":0,"item_purchase_floors":[7,7,19,19,36],"current_hp_per_floor":[70,70,70,70,70,54,54,54,54,54,54,53,53,53,53,53,70,61,61,61,61,61,61,61,61,68,68,68,57,57,51,51,51,77,77,77,77,77,77,77,74,74,74,74,74,74,68,68,68,75],"gold":358,"neow_bonus":"ONE_RANDOM_RARE_CARD","is_prod":false,"is_daily":false,"chose_seed":false,"campfire_upgraded":6,"win_rate":0,"timestamp":1552060599,"path_taken":["M","M","?","?","M","E","$","R","T","?","R","E","M","?","R","BOSS","M","?","M","M","?","R","M","$","T","?","?","E","M","M","R","BOSS","M","?","$","?","M","R","M","E","T","E","R","?","E","M","R","BOSS"],"build_version":"2019-02-06","purchased_purges":4,"victory":true,"max_hp_per_floor":[70,70,70,70,70,70,70,70,70,70,70,70,70,70,70,70,70,70,70,70,70,70,70,70,70,77,77,77,77,77,77,77,77,77,77,77,77,77,77,77,77,77,77,77,77,77,77,77,77,77],"card_choices":[{"not_picked":["Prepared","Acrobatics"],"picked":"Dagger Throw","floor":1},{"not_picked":["Acrobatics","Deflect"],"picked":"Poisoned Stab","floor":2},{"not_picked":["Dodge and Roll","Backflip"],"picked":"Deflect","floor":3},{"not_picked":["Setup","Slice"],"picked":"Flying Knee","floor":5},{"not_picked":["Concentrate","Tactician"],"picked":"Quick Slash","floor":6},{"not_picked":["Slice+1","Setup"],"picked":"Footwork","floor":10},{"not_picked":["Cloak And Dagger","Blade Dance"],"picked":"Deflect","floor":12},{"not_picked":["PiercingWail","Dash+1"],"picked":"Dodge and Roll","floor":13},{"not_picked":["Eviscerate+1","Distraction","Blade Dance+1"],"picked":"SKIP","floor":18},{"not_picked":["Quick Slash+1","Heel Hook+1"],"picked":"Backstab+1","floor":20},{"not_picked":["Masterful Stab+1","Quick Slash+1"],"picked":"PiercingWail","floor":21},{"not_picked":["Crippling Poison","Poisoned Stab+1"],"picked":"Backflip+1","floor":24},{"not_picked":["Expertise","All Out Attack+1","Catalyst"],"picked":"SKIP","floor":27},{"not_picked":["After Image","Flying Knee+1"],"picked":"Noxious Fumes","floor":29},{"not_picked":["Dagger Spray+1","Bane+1"],"picked":"Crippling Poison","floor":30},{"not_picked":["PiercingWail","Cloak And Dagger"],"picked":"Crippling Poison+1","floor":31},{"not_picked":["Envenom","Venomology"],"picked":"Burst","floor":33},{"not_picked":["Dodge and Roll","Deflect+1"],"picked":"Deadly Poison+1","floor":35},{"not_picked":["Eviscerate+1","Sucker Punch+1"],"picked":"PiercingWail","floor":39},{"not_picked":["Dagger Spray+1","Slice+1","Poisoned Stab+1"],"picked":"SKIP","floor":41},{"not_picked":["Endless Agony+1","Terror","Masterful Stab+1"],"picked":"SKIP","floor":42},{"not_picked":["Expertise","Masterful Stab+1","Calculated Gamble+1"],"picked":"SKIP","floor":44},{"not_picked":["Sucker Punch+1","All Out Attack+1"],"picked":"Malaise","floor":46},{"not_picked":["Underhanded Strike+1","Accuracy"],"picked":"Backflip+1","floor":47},{"not_picked":["Quick Slash+1","Tactician+1","Noxious Fumes"],"picked":"SKIP","floor":48}],"player_experience":1053001,"relics_obtained":[{"floor":6,"key":"Molten Egg 2"},{"floor":9,"key":"FossilizedHelix"},{"floor":12,"key":"Shovel"},{"floor":23,"key":"Smiling Mask"},{"floor":26,"key":"Strawberry"},{"floor":29,"key":"Bag of Marbles"},{"floor":42,"key":"Pantograph"},{"floor":42,"key":"MawBank"},{"floor":43,"key":"Bottled Lightning"},{"floor":44,"key":"Bottled Flame"},{"floor":45,"key":"Mercury Hourglass"},{"floor":47,"key":"Ancient Tea Set"},{"floor":47,"key":"Mummified Hand"}],"event_choices":[{"damage_healed":0,"gold_gain":0,"player_choice":"Full Heal","damage_taken":0,"max_hp_gain":0,"max_hp_loss":0,"event_name":"Wheel of Change","floor":4,"gold_loss":0},{"damage_healed":0,"gold_gain":0,"player_choice":"Upgraded","damage_taken":0,"max_hp_gain":0,"max_hp_loss":0,"event_name":"Upgrade Shrine","floor":14,"gold_loss":0,"cards_upgraded":["Poisoned Stab"]},{"damage_healed":0,"gold_gain":0,"player_choice":"Forge","damage_taken":0,"max_hp_gain":0,"max_hp_loss":0,"event_name":"Accursed Blacksmith","floor":22,"gold_loss":0,"cards_upgraded":["Malaise"]},{"damage_healed":0,"gold_gain":0,"player_choice":"Trade","damage_taken":0,"relics_obtained":["GremlinMask"],"max_hp_gain":0,"max_hp_loss":0,"event_name":"FaceTrader","floor":28,"gold_loss":0},{"damage_healed":0,"gold_gain":0,"player_choice":"Ignored","damage_taken":0,"max_hp_gain":0,"max_hp_loss":0,"event_name":"SecretPortal","floor":38,"gold_loss":0}],"is_beta":true,"boss_relics":[{"not_picked":["Orrery","White Beast Statue"],"picked":"Pandora\u0027s Box"},{"not_picked":["Lizard Tail","WristBlade"],"picked":"Black Star"}],"items_purged_floors":[19,25,36,37],"is_endless":false,"potions_floor_spawned":[2,3,5,16,18,21,31,35,44,47],"ascension_level":0}