{"gold_per_floor":[116,116,19,42,42,85,85,110,110,110,148,169,194,145,145,271,271,292,306,76,94,94,94],"floor_reached":23,"playtime":744,"items_purged":["Injury"],"score":249,"play_id":"b258c768-247f-452d-8477-bab72828a4c2","local_time":"20190425121832","is_ascension_mode":true,"campfire_choices":[{"data":"Cloak And Dagger","floor":7,"key":"SMITH"},{"data":"Cloak And Dagger","floor":10,"key":"SMITH"},{"data":"Accuracy","floor":15,"key":"SMITH"}],"neow_cost":"NONE","seed_source_timestamp":1113994144691700,"circlet_count":0,"master_deck":["Defend_G","Defend_G","Defend_G","Defend_G","Defend_G","Strike_G","Strike_G","Strike_G","Strike_G","Strike_G","Survivor","Neutralize","Backflip","Accuracy+1","Cloak And Dagger+1","Cloak And Dagger+1","Accuracy","Dagger Spray","Blade Dance","Blade Dance","Bullet Time","Well Laid Plans","Flying Knee","Accuracy"],"relics":["Ring of the Snake","NeowsBlessing","Golden Idol","Vajra","Mummified Hand","Bottled Tornado","ClockworkSouvenir"],"potions_floor_usage":[11,23],"damage_taken":[{"damage":0,"enemies":"Jaw Worm","floor":1,"turns":1},{"damage":0,"enemies":"2 Louse","floor":4,"turns":1},{"damage":0,"enemies":"Lagavulin","floor":6,"turns":1},{"damage":0,"enemies":"Cultist","floor":8,"turns":3},{"damage":7,"enemies":"Gremlin Nob","floor":11,"turns":3},{"damage":0,"enemies":"Large Slime","floor":12,"turns":3},{"damage":0,"enemies":"3 Louse","floor":13,"turns":3},{"damage":50,"enemies":"The Guardian","floor":16,"turns":8},{"damage":11,"enemies":"3 Byrds","floor":18,"turns":5},{"damage":3,"enemies":"Chosen","floor":19,"turns":4},{"damage":0,"enemies":"Centurion and Healer","floor":21,"turns":3},{"damage":60,"enemies":"Gremlin Leader","floor":23,"turns":5}],"seed_played":"6114710988476247446","potions_obtained":[{"floor":6,"key":"Explosive Potion"},{"floor":8,"key":"PowerPotion"},{"floor":12,"key":"GamblersBrew"},{"floor":13,"key":"Energy Potion"}],"is_trial":false,"path_per_floor":["M","?","$","M","?","E","R","M","T","R","E","M","M","$","R","B",null,"M","M","$","M","?","E"],"character_chosen":"THE_SILENT","items_purchased":["PiercingWail","Blade Dance","ClockworkSouvenir","Accuracy"],"campfire_rested":0,"item_purchase_floors":[3,14,20,20],"current_hp_per_floor":[70,70,70,70,70,70,70,70,70,70,63,63,63,63,63,13,70,59,56,56,56,56,0],"gold":94,"neow_bonus":"THREE_ENEMY_KILL","is_prod":false,"is_daily":false,"chose_seed":false,"campfire_upgraded":3,"win_rate":0,"timestamp":1556209112,"path_taken":["M","?","$","M","?","E","R","M","T","R","E","M","M","$","R","BOSS","M","M","$","?","?","E"],"build_version":"2019-01-23","purchased_purges":1,"victory":false,"max_hp_per_floor":[70,70,70,70,70,70,70,70,70,70,70,70,70,70,70,70,70,70,70,70,70,70,70],"card_choices":[{"not_picked":["Dagger Throw","PiercingWail"],"picked":"Backflip","floor":1},{"not_picked":["Backflip","Catalyst"],"picked":"Accuracy","floor":4},{"not_picked":["Leg Sweep","Acrobatics"],"picked":"Cloak And Dagger","floor":6},{"not_picked":["Poisoned Stab","Calculated Gamble"],"picked":"Cloak And Dagger","floor":8},{"not_picked":["Noxious Fumes","Expertise"],"picked":"Accuracy","floor":11},{"not_picked":["Acrobatics","Terror"],"picked":"Dagger Spray","floor":12},{"not_picked":["Backstab","Noxious Fumes"],"picked":"Blade Dance","floor":13},{"not_picked":["Glass Knife","Tools of the Trade"],"picked":"Bullet Time","floor":16},{"not_picked":["Prepared","Deadly Poison"],"picked":"Well Laid Plans","floor":18},{"not_picked":["Dagger Spray","Acrobatics"],"picked":"Flying Knee","floor":19},{"not_picked":["Skewer","Well Laid Plans","Venomology"],"picked":"SKIP","floor":21}],"player_experience":111483,"relics_obtained":[{"floor":6,"key":"Mummified Hand"},{"floor":11,"key":"Bottled Tornado"}],"event_choices":[{"damage_healed":0,"gold_gain":0,"player_choice":"Take Wound","damage_taken":0,"relics_obtained":["Golden Idol"],"max_hp_gain":0,"max_hp_loss":0,"event_name":"Golden Idol","floor":2,"gold_loss":0,"cards_obtained":["Injury"]},{"cards_removed":["PiercingWail"],"damage_healed":0,"gold_gain":0,"player_choice":"Gave Card","damage_taken":0,"relics_obtained":["Vajra"],"max_hp_gain":0,"max_hp_loss":0,"event_name":"WeMeetAgain","floor":5,"gold_loss":0},{"damage_healed":0,"gold_gain":0,"player_choice":"Ignored","damage_taken":0,"max_hp_gain":0,"max_hp_loss":0,"event_name":"Vampires","floor":22,"gold_loss":0}],"is_beta":false,"boss_relics":[{"not_picked":["Runic Dome","Busted Crown","Velvet Choker"]}],"items_purged_floors":[3],"is_endless":false,"potions_floor_spawned":[6,8,12,13,19],"killed_by":"Gremlin Leader","ascension_level":2}