{"gold_per_floor":[111,23,23,23,23,23,38,79,79,79,97,122,122,155,155,251,251,269,269,269,289,300,300,330,330,355,355,355,355,375,69,69,140,140,159,172,172,182,182,182,213,226,226,226,226,226,172,192,192,192],"floor_reached":50,"playtime":898,"items_purged":[],"score":1035,"play_id":"f6ee2d3a-a6c9-472e-a973-926dfcf272fe","local_time":"20190420154602","is_ascension_mode":true,"campfire_choices":[{"data":"Whirlwind","floor":6,"key":"SMITH"},{"data":"Battle Trance","floor":10,"key":"SMITH"},{"data":"Bash","floor":15,"key":"SMITH"},{"data":"Flex","floor":23,"key":"SMITH"},{"floor":25,"key":"REST"},{"data":"Shockwave","floor":28,"key":"SMITH"},{"data":"Inflame","floor":32,"key":"SMITH"},{"data":"Anger","floor":40,"key":"SMITH"},{"floor":44,"key":"REST"},{"data":"Shrug It Off","floor":46,"key":"SMITH"},{"floor":49,"key":"RECALL"}],"neow_cost":"NONE","seed_source_timestamp":784194704621249,"circlet_count":0,"master_deck":["AscendersBane","Strike_R+1","Strike_R+1","Defend_R+1","Defend_R+1","Defend_R+1","Defend_R+1","Bash+1","Anger+1","Whirlwind+1","Battle Trance+1","Bludgeon+1","Dropkick+1","Whirlwind+1","Impervious","Immolate+1","Flex+1","Shrug It Off+1","Offering","Shockwave+1","Anger+1","Inflame+1","Offering","Pommel Strike+1","Evolve","Iron Wave+1","Anger+1"],"relics":["Black Blood","NeowsBlessing","Bloody Idol","Molten Egg 2","Bag of Marbles","CultistMask","Blue Candle","Dead Branch","Red Skull","ClockworkSouvenir","Busted Crown","Toxic Egg 2","Meat on the Bone"],"potions_floor_usage":[16,24,41,50,50],"damage_taken":[{"damage":0,"enemies":"Jaw Worm","floor":1,"turns":1},{"damage":0,"enemies":"Small Slimes","floor":7,"turns":1},{"damage":0,"enemies":"3 Sentries","floor":8,"turns":1},{"damage":0,"enemies":"Cultist","floor":11,"turns":2},{"damage":12,"enemies":"Exordium Wildlife","floor":12,"turns":2},{"damage":0,"enemies":"Gremlin Nob","floor":14,"turns":2},{"damage":8,"enemies":"Slime Boss","floor":16,"turns":6},{"damage":22,"enemies":"Spheric Guardian","floor":18,"turns":4},{"damage":13,"enemies":"Chosen","floor":21,"turns":4},{"damage":19,"enemies":"Snake Plant","floor":22,"turns":2},{"damage":31,"enemies":"Book of Stabbing","floor":24,"turns":3},{"damage":0,"enemies":"Centurion and Healer","floor":30,"turns":4},{"damage":46,"enemies":"Automaton","floor":33,"turns":5},{"damage":12,"enemies":"Orb Walker","floor":35,"turns":1},{"damage":0,"enemies":"3 Darklings","floor":36,"turns":1},{"damage":40,"enemies":"4 Shapes","floor":38,"turns":1},{"damage":22,"enemies":"Giant Head","floor":41,"turns":6},{"damage":26,"enemies":"Jaw Worm Horde","floor":42,"turns":2},{"damage":18,"enemies":"Writhing Mass","floor":48,"turns":4},{"damage":77,"enemies":"Time Eater","floor":50,"turns":4}],"seed_played":"8470123919574639523","potions_obtained":[{"floor":8,"key":"FearPotion"},{"floor":11,"key":"LiquidBronze"},{"floor":22,"key":"FearPotion"},{"floor":24,"key":"SpeedPotion"},{"floor":33,"key":"BloodPotion"},{"floor":35,"key":"SteroidPotion"},{"floor":42,"key":"Strength Potion"}],"is_trial":false,"path_per_floor":["M","$","?","?","?","R","M","E","T","R","M","M","?","E","R","B",null,"M","?","?","M","M","R","E","R","T","?","R","?","M","$","R","B",null,"M","M","?","M","?","R","E","M","T","R","?","R","?","M","R","B"],"character_chosen":"IRONCLAD","items_purchased":["Whirlwind","Inflame","ClockworkSouvenir"],"campfire_rested":2,"item_purchase_floors":[2,31,31],"current_hp_per_floor":[74,74,68,73,66,66,72,73,73,73,73,67,67,73,73,71,73,61,61,61,63,59,59,43,64,69,69,69,69,73,73,73,42,65,68,73,73,48,48,48,48,37,37,58,58,58,58,55,55,0],"gold":192,"neow_bonus":"THREE_ENEMY_KILL","is_prod":false,"is_daily":false,"chose_seed":false,"campfire_upgraded":8,"win_rate":0,"timestamp":1555785962,"path_taken":["M","$","?","?","?","R","?","E","T","R","M","M","?","E","R","BOSS","M","?","?","?","M","R","E","R","T","?","R","?","M","$","R","BOSS","M","M","?","M","?","R","E","?","T","R","?","R","?","?","R","BOSS"],"build_version":"2019-01-23","purchased_purges":0,"victory":false,"max_hp_per_floor":[75,75,68,73,73,73,73,73,73,73,73,73,73,73,73,73,73,73,73,73,73,73,73,73,73,73,73,73,73,73,73,73,73,73,73,73,73,73,73,73,73,73,73,73,73,73,73,73,73,73],"card_choices":[{"not_picked":["Pommel Strike","Havoc"],"picked":"Anger","floor":1},{"not_picked":["Shrug It Off","Havoc"],"picked":"Battle Trance","floor":7},{"not_picked":["Fiend Fire","Headbutt"],"picked":"Bludgeon","floor":8},{"not_picked":["Corruption","Entrench"],"picked":"Dropkick+1","floor":11},{"not_picked":["Corruption","True Grit"],"picked":"Whirlwind+1","floor":12},{"not_picked":["Dark Embrace","Twin Strike+1"],"picked":"Impervious","floor":14},{"not_picked":["Bludgeon+1","Dark Embrace"],"picked":"Immolate+1","floor":16},{"not_picked":["Heavy Blade+1","Combust"],"picked":"Flex","floor":18},{"not_picked":["Rampage+1","Twin Strike+1"],"picked":"Shrug It Off","floor":21},{"not_picked":["Clothesline+1","Fire Breathing"],"picked":"Offering","floor":22},{"not_picked":["Clothesline+1","True Grit"],"picked":"Shockwave","floor":24},{"not_picked":["Clash+1","Uppercut+1"],"picked":"Anger+1","floor":30},{"not_picked":["Juggernaut","Exhume"],"picked":"Offering","floor":33},{"not_picked":[],"picked":"Pommel Strike+1","floor":35},{"not_picked":["Pommel Strike+1"],"picked":"SKIP","floor":36},{"not_picked":["Burning Pact"],"picked":"SKIP","floor":38},{"not_picked":["Sentinel"],"picked":"SKIP","floor":41},{"not_picked":[],"picked":"Iron Wave+1","floor":42},{"not_picked":[],"picked":"Anger+1","floor":48}],"player_experience":1166132,"relics_obtained":[{"floor":8,"key":"Molten Egg 2"},{"floor":9,"key":"Bag of Marbles"},{"floor":14,"key":"Blue Candle"},{"floor":24,"key":"Dead Branch"},{"floor":26,"key":"Red Skull"},{"floor":41,"key":"Toxic Egg 2"}],"event_choices":[{"damage_healed":0,"gold_gain":0,"player_choice":"Lose Max HP","damage_taken":0,"relics_obtained":["Golden Idol"],"max_hp_gain":0,"max_hp_loss":7,"event_name":"Golden Idol","floor":3,"gold_loss":0},{"damage_healed":0,"gold_gain":0,"player_choice":"Donut","damage_taken":0,"max_hp_gain":5,"max_hp_loss":0,"event_name":"Big Fish","floor":4,"gold_loss":0},{"cards_removed":["Strike_R"],"damage_healed":0,"gold_gain":0,"player_choice":"Card Removal","damage_taken":7,"max_hp_gain":0,"max_hp_loss":0,"event_name":"Golden Wing","floor":5,"gold_loss":0},{"damage_healed":0,"gold_gain":0,"player_choice":"Trade","damage_taken":0,"relics_obtained":["CultistMask"],"max_hp_gain":0,"max_hp_loss":0,"event_name":"FaceTrader","floor":13,"gold_loss":0},{"damage_healed":0,"gold_gain":0,"player_choice":"Gave Idol","damage_taken":0,"relics_obtained":["Bloody Idol"],"max_hp_gain":0,"max_hp_loss":0,"event_name":"Forgotten Altar","floor":19,"relics_lost":["Golden Idol"],"gold_loss":0},{"cards_removed":["Strike_R"],"damage_healed":0,"gold_gain":0,"player_choice":"Offered Basic","damage_taken":0,"max_hp_gain":0,"max_hp_loss":0,"event_name":"Bonfire Elementals","floor":20,"gold_loss":0},{"damage_healed":0,"gold_gain":0,"player_choice":"Simplicity","damage_taken":0,"max_hp_gain":0,"max_hp_loss":0,"event_name":"Back to Basics","floor":27,"gold_loss":0,"cards_upgraded":["Strike_R","Strike_R","Strike_R","Defend_R","Defend_R","Defend_R","Defend_R"]},{"damage_healed":0,"gold_gain":0,"player_choice":"Ignored","damage_taken":0,"max_hp_gain":0,"max_hp_loss":0,"event_name":"Ghosts","floor":29,"gold_loss":0},{"damage_healed":0,"gold_gain":0,"player_choice":"Ignored","damage_taken":0,"max_hp_gain":0,"max_hp_loss":0,"event_name":"Tomb of Lord Red Mask","floor":37,"gold_loss":0},{"damage_healed":0,"gold_gain":0,"cards_transformed":["Strike_R"],"player_choice":"Transformed","damage_taken":0,"max_hp_gain":0,"max_hp_loss":0,"event_name":"Transmorgrifier","floor":39,"gold_loss":0,"cards_obtained":["Evolve"]},{"damage_healed":0,"gold_gain":0,"player_choice":"Memory 1","damage_taken":0,"max_hp_gain":0,"max_hp_loss":0,"event_name":"SensoryStone","floor":45,"gold_loss":0},{"damage_healed":0,"gold_gain":0,"player_choice":"Paid Gold","damage_taken":0,"relics_obtained":["Meat on the Bone"],"max_hp_gain":0,"max_hp_loss":0,"event_name":"WeMeetAgain","floor":47,"gold_loss":54}],"is_beta":false,"boss_relics":[{"not_picked":["Lizard Tail","Runic Dome"],"picked":"Black Blood"},{"not_picked":["Tiny House","Velvet Choker"],"picked":"Busted Crown"}],"items_purged_floors":[],"is_endless":false,"potions_floor_spawned":[8,11,12,22,24,33,35,36,38,42],"killed_by":"Time Eater","ascension_level":17}