{"gold_per_floor":[110,110,121,136,86,86,161,0,0,25,25,41,41,82,82,208,208,232,257,257,280,195,230,230,253,276,311,336,367,367,381,381,504,504,519,519,519,538,551,551,587,587,587,712,743,743,778,345,345,395,395,395,5,46,46],"floor_reached":56,"playtime":4593,"items_purged":["Strike_G","Strike_G"],"score":1534,"play_id":"ae8c41e4-94e7-46b2-9fd1-6c767a7de59b","local_time":"20190330124359","is_ascension_mode":true,"campfire_choices":[{"data":"Neutralize","floor":6,"key":"SMITH"},{"data":"Malaise","floor":13,"key":"SMITH"},{"data":"Malaise","floor":15,"key":"SMITH"},{"data":"Tactician","floor":32,"key":"SMITH"},{"floor":40,"key":"RECALL"},{"floor":49,"key":"DIG"},{"floor":52,"key":"DIG"}],"neow_cost":"NONE","seed_source_timestamp":1615797191770628,"circlet_count":0,"master_deck":["Defend_G","Defend_G","Defend_G","Defend_G","Strike_G","Strike_G","Survivor","Neutralize+1","Dash","Predator","Acrobatics","Malaise+1","Dash","Underhanded Strike","Malaise+1","Tools of the Trade","Tactician+1","Leg Sweep","Terror","Adrenaline","Reflex","PiercingWail+1","PiercingWail+1","Infinite Blades+1","Envenom","Bouncing Flask+1","Well Laid Plans","Flechettes+1","Accuracy+1","Discovery+1","Jack Of All Trades+1","Discovery+1","Catalyst+1","Flechettes+1","Cloak And Dagger+1","Magnetism","Backflip+1","Underhanded Strike","Eviscerate","Forethought+1","Calculated Gamble+1"],"relics":["Snecko Eye","Torii","Paper Crane","Golden Idol","Ornamental Fan","White Beast Statue","Ancient Tea Set","Mummified Hand","Oddly Smooth Stone","Toxic Egg 2","Calipers","Fusion Hammer","Bronze Scales","Shovel","PreservedInsect","Lantern","Centennial Puzzle","Vajra","Bottled Flame","The Specimen"],"potions_floor_usage":[14,19,28,33,45,55,55,55],"damage_taken":[{"damage":0,"enemies":"Small Slimes","floor":1,"turns":4},{"damage":0,"enemies":"Cultist","floor":3,"turns":3},{"damage":0,"enemies":"2 Louse","floor":4,"turns":2},{"damage":0,"enemies":"Lagavulin","floor":10,"turns":8},{"damage":0,"enemies":"2 Fungi Beasts","floor":12,"turns":3},{"damage":12,"enemies":"3 Sentries","floor":14,"turns":4},{"damage":0,"enemies":"Slime Boss","floor":16,"turns":11},{"damage":0,"enemies":"Chosen","floor":18,"turns":5},{"damage":2,"enemies":"2 Thieves","floor":19,"turns":4},{"damage":1,"enemies":"Centurion and Healer","floor":21,"turns":8},{"damage":0,"enemies":"Book of Stabbing","floor":23,"turns":6},{"damage":0,"enemies":"3 Cultists","floor":25,"turns":5},{"damage":7,"enemies":"Gremlin Leader","floor":27,"turns":9},{"damage":0,"enemies":"Shelled Parasite and Fungi","floor":28,"turns":7},{"damage":1,"enemies":"Slavers","floor":29,"turns":8},{"damage":0,"enemies":"Centurion and Healer","floor":31,"turns":7},{"damage":7,"enemies":"Collector","floor":33,"turns":15},{"damage":1,"enemies":"Orb Walker","floor":35,"turns":3},{"damage":0,"enemies":"3 Darklings","floor":38,"turns":5},{"damage":0,"enemies":"Maw","floor":39,"turns":7},{"damage":0,"enemies":"Giant Head","floor":41,"turns":8},{"damage":0,"enemies":"Mind Bloom Boss Battle","floor":44,"turns":5},{"damage":1,"enemies":"Nemesis","floor":45,"turns":5},{"damage":0,"enemies":"Reptomancer","floor":47,"turns":4},{"damage":9,"enemies":"Awakened One","floor":50,"turns":9},{"damage":7,"enemies":"Shield and Spear","floor":54,"turns":6},{"damage":22,"enemies":"The Heart","floor":55,"turns":8}],"seed_played":"2146286711561727598","potions_obtained":[{"floor":1,"key":"Explosive Potion"},{"floor":16,"key":"Energy Potion"},{"floor":18,"key":"Dexterity Potion"},{"floor":19,"key":"FearPotion"},{"floor":21,"key":"LiquidBronze"},{"floor":23,"key":"Swift Potion"},{"floor":24,"key":"Ancient Potion"},{"floor":28,"key":"GhostInAJar"},{"floor":33,"key":"FearPotion"},{"floor":38,"key":"Swift Potion"},{"floor":45,"key":"Weak Potion"}],"is_trial":false,"path_per_floor":["M","?","M","M","?","R","?","$","T","E","?","M","R","E","R","B",null,"M","M","?","M","?","E","?","M","T","E","M","E","?","M","R","B",null,"M","?","?","M","M","R","E","?","T","?","E","?","E","$","R","B",null,"R","$","E","B",null],"character_chosen":"THE_SILENT","items_purchased":["Malaise","Cloak And Dagger+1","Magnetism","Centennial Puzzle","Backflip+1","Underhanded Strike","Dexterity Potion","Eviscerate","Forethought+1"],"campfire_rested":0,"item_purchase_floors":[8,48,48,48,53,53,53,53,53],"current_hp_per_floor":[70,70,70,70,70,70,59,59,59,59,59,59,59,47,47,47,65,65,63,63,62,62,62,62,62,62,55,55,54,54,54,54,47,65,64,64,64,64,64,64,64,54,54,54,53,53,53,53,53,44,62,62,62,55,33],"gold":46,"neow_bonus":"BOSS_RELIC","is_prod":false,"is_daily":false,"chose_seed":false,"campfire_upgraded":4,"win_rate":0,"timestamp":1553964239,"path_taken":["M","?","?","M","?","R","?","?","T","E","?","?","R","E","R","BOSS","M","M","?","M","?","E","?","?","T","E","M","E","?","?","R","BOSS","M","?","?","M","?","R","E","?","T","?","E","?","E","?","R","BOSS","R","$","E","BOSS"],"build_version":"2019-03-15","purchased_purges":2,"victory":true,"max_hp_per_floor":[70,70,70,70,70,70,70,70,70,70,65,65,65,65,65,65,65,65,65,65,65,65,65,65,65,65,65,65,65,65,65,65,65,65,65,65,65,65,65,65,65,65,65,65,65,62,62,62,62,62,62,62,62,62,62],"card_choices":[{"not_picked":["Calculated Gamble","Quick Slash"],"picked":"Dash","floor":1},{"not_picked":["Quick Slash","Distraction"],"picked":"Predator","floor":3},{"not_picked":["Backstab","Blade Dance"],"picked":"Acrobatics","floor":4},{"not_picked":["Caltrops","Dagger Spray"],"picked":"Dash","floor":10},{"not_picked":["Quick Slash","Blade Dance"],"picked":"Underhanded Strike","floor":12},{"not_picked":["Distraction","Eviscerate"],"picked":"Malaise","floor":14},{"not_picked":["Phantasmal Killer","Glass Knife"],"picked":"Tools of the Trade","floor":16},{"not_picked":["Finisher","Deflect"],"picked":"Riddle With Holes","floor":18},{"not_picked":["Dodge and Roll","Slice"],"picked":"Tactician","floor":19},{"not_picked":["Flying Knee+1","Backstab+1"],"picked":"Terror","floor":21},{"not_picked":["Backflip","Prepared"],"picked":"Adrenaline","floor":23},{"not_picked":["Setup","Bane"],"picked":"Reflex","floor":25},{"not_picked":["Poisoned Stab+1","Dodge and Roll","Wraith Form v2"],"picked":"SKIP","floor":27},{"not_picked":["Bane","Dodge and Roll+1"],"picked":"PiercingWail+1","floor":28},{"not_picked":["Finisher","Prepared+1"],"picked":"PiercingWail+1","floor":29},{"not_picked":["Catalyst+1","Finisher"],"picked":"Infinite Blades+1","floor":31},{"not_picked":["After Image","Malaise+1"],"picked":"Envenom","floor":33},{"not_picked":["Dodge and Roll+1","Dagger Throw+1"],"picked":"Bouncing Flask+1","floor":35},{"not_picked":["Bane","Blade Dance+1"],"picked":"Well Laid Plans","floor":38},{"not_picked":["Dodge and Roll+1","Dagger Throw"],"picked":"Flechettes+1","floor":39},{"not_picked":["Dodge and Roll+1","Crippling Poison+1"],"picked":"Accuracy+1","floor":41},{"not_picked":["Violence+1","Jack Of All Trades+1"],"picked":"Discovery+1","floor":42},{"not_picked":["Violence+1","Chrysalis+1"],"picked":"Jack Of All Trades+1","floor":42},{"not_picked":["Metamorphosis+1","Jack Of All Trades+1"],"picked":"Discovery+1","floor":42},{"not_picked":["Sucker Punch+1","Prepared+1"],"picked":"Catalyst+1","floor":44},{"not_picked":["Blade Dance+1","Wraith Form v2"],"picked":"Flechettes+1","floor":45},{"not_picked":["Prepared+1","Dagger Spray+1","Deadly Poison+1"],"picked":"SKIP","floor":47},{"not_picked":["Quick Slash+1","Setup+1"],"picked":"Calculated Gamble+1","floor":54}],"player_experience":5085403,"relics_obtained":[{"floor":9,"key":"Torii"},{"floor":10,"key":"Paper Crane"},{"floor":14,"key":"Ornamental Fan"},{"floor":23,"key":"Mummified Hand"},{"floor":26,"key":"Oddly Smooth Stone"},{"floor":27,"key":"Toxic Egg 2"},{"floor":29,"key":"Calipers"},{"floor":41,"key":"Bronze Scales"},{"floor":44,"key":"Shovel"},{"floor":45,"key":"PreservedInsect"},{"floor":47,"key":"Lantern"},{"floor":49,"key":"Vajra"},{"floor":52,"key":"Bottled Flame"},{"floor":54,"key":"The Specimen"}],"event_choices":[{"cards_removed":["Defend_G"],"damage_healed":0,"gold_gain":0,"player_choice":"Offered Basic","damage_taken":0,"max_hp_gain":0,"max_hp_loss":0,"event_name":"Bonfire Elementals","floor":2,"gold_loss":0},{"cards_removed":["Strike_G"],"damage_healed":0,"gold_gain":0,"player_choice":"Card Removal","damage_taken":0,"max_hp_gain":0,"max_hp_loss":0,"event_name":"The Cleric","floor":5,"gold_loss":50},{"damage_healed":0,"gold_gain":75,"player_choice":"Gather Gold","damage_taken":11,"max_hp_gain":0,"max_hp_loss":0,"event_name":"World of Goop","floor":7,"gold_loss":0},{"damage_healed":0,"gold_gain":0,"player_choice":"Lose Max HP","damage_taken":0,"relics_obtained":["Golden Idol"],"max_hp_gain":0,"max_hp_loss":5,"event_name":"Golden Idol","floor":11,"gold_loss":0},{"damage_healed":0,"gold_gain":0,"player_choice":"Read","damage_taken":0,"max_hp_gain":0,"max_hp_loss":0,"event_name":"The Library","floor":20,"gold_loss":0,"cards_obtained":["Leg Sweep"]},{"damage_healed":0,"gold_gain":0,"player_choice":"Obtained Relic","damage_taken":0,"relics_obtained":["Ancient Tea Set"],"max_hp_gain":0,"max_hp_loss":0,"event_name":"Addict","floor":22,"gold_loss":85},{"damage_healed":0,"gold_gain":0,"player_choice":"Got Potions","damage_taken":0,"max_hp_gain":0,"max_hp_loss":0,"event_name":"Lab","floor":24,"gold_loss":0},{"damage_healed":0,"gold_gain":0,"player_choice":"Ignored","damage_taken":0,"max_hp_gain":0,"max_hp_loss":0,"event_name":"N\u0027loth","floor":30,"gold_loss":0},{"cards_removed":["Riddle With Holes"],"damage_healed":0,"gold_gain":0,"player_choice":"Removed Attack","damage_taken":0,"max_hp_gain":0,"max_hp_loss":0,"event_name":"Falling","floor":36,"gold_loss":0},{"damage_healed":0,"gold_gain":0,"player_choice":"Ignored","damage_taken":0,"max_hp_gain":0,"max_hp_loss":0,"event_name":"SecretPortal","floor":37,"gold_loss":0},{"damage_healed":0,"gold_gain":0,"player_choice":"Memory 3","damage_taken":10,"max_hp_gain":0,"max_hp_loss":0,"event_name":"SensoryStone","floor":42,"gold_loss":0},{"damage_healed":0,"gold_gain":0,"player_choice":"Fight","damage_taken":0,"max_hp_gain":0,"max_hp_loss":0,"event_name":"MindBloom","floor":44,"gold_loss":0},{"damage_healed":0,"gold_gain":0,"player_choice":"Max HP","damage_taken":0,"max_hp_gain":0,"max_hp_loss":3,"event_name":"Winding Halls","floor":46,"gold_loss":0}],"is_beta":true,"boss_relics":[{"not_picked":["WristBlade","Tiny House"],"picked":"White Beast Statue"},{"not_picked":["Lizard Tail","Velvet Choker"],"picked":"Fusion Hammer"}],"items_purged_floors":[48,53],"is_endless":false,"potions_floor_spawned":[1,16,18,19,21,23,25,27,28,29,31,33,35,38,39,41,44,45,47,54],"ascension_level":1}