{"gold_per_floor":[369,101,176,188,188,188,201,201,201,216,216,227,252,152,152,251,251,266,266,280,280,129,129,129,161,242,256,256,273,273,287,287,387,387,397,409,409,409,509,509,538,552,552,552,566,566,566,6,6,6],"floor_reached":51,"playtime":1592,"items_purged":["Strike_B","Defend_B","Strike_B","Defend_B"],"score":743,"play_id":"8dda50f9-f2ae-46b9-b75a-941dc9514a7d","local_time":"20190509203129","is_ascension_mode":false,"campfire_choices":[{"data":"Zap","floor":6.0,"key":"SMITH"},{"data":"Whirlwind","floor":8.0,"key":"SMITH"},{"data":"Uppercut","floor":15.0,"key":"SMITH"},{"data":"Dualcast","floor":23.0,"key":"SMITH"},{"data":"Sucker Punch","floor":28.0,"key":"SMITH"},{"floor":30.0,"key":"REST"},{"floor":32.0,"key":"REST"},{"data":"Chrysalis","floor":40.0,"key":"SMITH"},{"data":"Hologram","floor":49,"key":"SMITH"}],"neow_cost":"PERCENT_DAMAGE","seed_source_timestamp":0,"circlet_count":0,"master_deck":["Defend_B","Zap+1","Dualcast+1","Hologram+1","Sucker Punch+1","Whirlwind+1","Uppercut+1","Chrysalis+1","Ball Lightning+1","Dash+1","Rip and Tear","Meteor Strike","Hologram+1","Clash","Hologram+1","Bouncing Flask","Echo Form+1","Enlightenment+1","Noxious Fumes+1","Skim","After Image+1","Cloak And Dagger","PiercingWail","Echo Form+1","Stack+1","Quick Slash","Seek"],"special_seed":0,"relics":["Cracked Core","PrismaticShard","Cables","Velvet Choker","Nloth\u0027s Gift","Potion Belt","Frozen Egg 2","Philosopher\u0027s Stone","Prayer Wheel","Bag of Preparation","Pear","Ancient Tea Set"],"potions_floor_usage":[50,50,50,50,50,50,50,50,50,50],"damage_taken":[{"damage":0.0,"enemies":"Jaw Worm","floor":1.0,"turns":4.0},{"damage":0.0,"enemies":"2 Louse","floor":4.0,"turns":3.0},{"damage":0.0,"enemies":"Cultist","floor":7.0,"turns":3.0},{"damage":4.0,"enemies":"3 Louse","floor":10.0,"turns":2.0},{"damage":3.0,"enemies":"Red Slaver","floor":12.0,"turns":3.0},{"damage":8.0,"enemies":"Lagavulin","floor":13.0,"turns":5.0},{"damage":12.0,"enemies":"The Guardian","floor":16.0,"turns":11.0},{"damage":12.0,"enemies":"2 Thieves","floor":18.0,"turns":3.0},{"damage":0.0,"enemies":"3 Byrds","floor":20.0,"turns":3.0},{"damage":32.0,"enemies":"Slavers","floor":25.0,"turns":2.0},{"damage":2.0,"enemies":"Snake Plant","floor":27.0,"turns":3.0},{"damage":15.0,"enemies":"Centurion and Healer","floor":29.0,"turns":2.0},{"damage":6.0,"enemies":"Snecko","floor":31.0,"turns":4.0},{"damage":35.0,"enemies":"Champ","floor":33.0,"turns":8.0},{"damage":0.0,"enemies":"3 Shapes","floor":35.0,"turns":3.0},{"damage":0.0,"enemies":"Orb Walker","floor":36.0,"turns":3.0},{"damage":28.0,"enemies":"Mind Bloom Boss Battle","floor":39.0,"turns":5.0},{"damage":22.0,"enemies":"Giant Head","floor":41.0,"turns":8.0},{"damage":0,"enemies":"3 Darklings","floor":42,"turns":2},{"damage":0,"enemies":"Transient","floor":45,"turns":5},{"damage":9,"enemies":"Awakened One","floor":50,"turns":8}],"seed_played":"5191293967953528908","potions_obtained":[{"floor":4.0,"key":"Explosive Potion"},{"floor":12.0,"key":"EssenceOfSteel"},{"floor":13.0,"key":"FairyPotion"},{"floor":18.0,"key":"Weak Potion"},{"floor":20.0,"key":"Poison Potion"},{"floor":27.0,"key":"PowerPotion"},{"floor":29.0,"key":"Fruit Juice"},{"floor":39.0,"key":"Fire Potion"},{"floor":41.0,"key":"EntropicBrew"},{"floor":45,"key":"Weak Potion"}],"is_trial":false,"path_per_floor":["M","$","?","M","?","R","M","R","T","M","?","M","E","$","R","B",null,"M","?","M","?","$","R","?","E","T","M","R","M","R","M","R","B",null,"M","M","?","?","?","R","E","M","T","?","M","?","?","$","R","B",null],"character_chosen":"DEFECT","items_purchased":["PrismaticShard","Hologram","Dexterity Potion","PowerPotion","Ancient Tea Set","Seek"],"campfire_rested":2,"item_purchase_floors":[2,22,48,48,48,48],"current_hp_per_floor":[54,54,43,43,36,36,36,36,36,32,32,29,21,21,21,9,75,63,63,63,63,63,63,49,17,17,15,15,13,38,32,57,22,85,85,85,85,81,53,53,31,31,41,41,41,41,80,80,80,71],"gold":6,"neow_bonus":"TWO_FIFTY_GOLD","is_prod":false,"is_daily":false,"chose_seed":false,"campfire_upgraded":7,"win_rate":0,"timestamp":1557455489,"path_taken":["M","$","?","M","?","R","M","R","T","?","?","?","E","$","R","BOSS","M","?","?","?","?","R","?","E","T","M","R","M","R","M","R","BOSS","M","M","?","?","?","R","E","M","T","?","?","?","?","?","R","BOSS"],"build_version":"2019-01-23","purchased_purges":4,"victory":true,"max_hp_per_floor":[75,75,75,75,75,75,75,75,75,75,75,75,75,75,75,75,75,75,75,75,75,75,75,80,80,80,80,80,85,85,85,85,85,85,85,85,85,81,81,81,81,81,91,91,91,91,80,80,80,80],"card_choices":[{"not_picked":["Skim","Beam Cell"],"picked":"Hologram","floor":1.0},{"not_picked":["Havoc","Force Field"],"picked":"Sucker Punch","floor":4.0},{"not_picked":["Wild Strike","Stack"],"picked":"Whirlwind","floor":7.0},{"not_picked":["Redo","Compile Driver","Sunder"],"picked":"SKIP","floor":10.0},{"not_picked":["Scrape","Catalyst","Go for the Eyes"],"picked":"SKIP","floor":12.0},{"not_picked":["Rebound","Fiend Fire"],"picked":"Uppercut","floor":13.0},{"not_picked":["Fiend Fire","Buffer"],"picked":"Chrysalis","floor":16.0},{"not_picked":["Reflex+1","Cold Snap"],"picked":"Ball Lightning+1","floor":18.0},{"not_picked":["Iron Wave","Distraction"],"picked":"Dash+1","floor":20.0},{"not_picked":["Wild Strike","Iron Wave","Dagger Throw"],"picked":"SKIP","floor":25.0},{"not_picked":["Eviscerate","Dash"],"picked":"Clash","floor":27.0},{"not_picked":["Sadistic Nature+1","Cloak And Dagger"],"picked":"Hologram+1","floor":29.0},{"not_picked":["Rebound+1","Shrug It Off"],"picked":"Bouncing Flask","floor":31.0},{"not_picked":["Exhume","Amplify"],"picked":"Echo Form+1","floor":33.0},{"not_picked":["Sweeping Beam+1","Anger"],"picked":"Enlightenment+1","floor":35.0},{"not_picked":["Redo+1","Dash+1"],"picked":"Noxious Fumes+1","floor":36.0},{"not_picked":["Prepared+1","Gash"],"picked":"Skim","floor":39.0},{"not_picked":["Dodge and Roll","Malaise"],"picked":"After Image+1","floor":41.0},{"not_picked":["Twin Strike","Blizzard+1"],"picked":"Cloak And Dagger","floor":42},{"not_picked":["Perfected Strike","Dual Wield+1"],"picked":"PiercingWail","floor":42},{"not_picked":["Genetic Algorithm+1","Turbo"],"picked":"Stack+1","floor":45},{"not_picked":["Chill","Mind Blast+1"],"picked":"Quick Slash","floor":45}],"player_experience":1394009,"relics_obtained":[{"floor":9.0,"key":"Kunai"},{"floor":13.0,"key":"Cables"},{"floor":25.0,"key":"Potion Belt"},{"floor":26.0,"key":"Frozen Egg 2"},{"floor":39.0,"key":"Prayer Wheel"},{"floor":41.0,"key":"Bag of Preparation"},{"floor":43,"key":"Pear"}],"event_choices":[{"damage_healed":0.0,"max_hp_gain":0.0,"max_hp_loss":0.0,"gold_gain":75.0,"event_name":"World of Goop","player_choice":"Gather Gold","floor":3.0,"gold_loss":0.0,"damage_taken":11.0},{"cards_removed":["Strike_B"],"damage_healed":0.0,"max_hp_gain":0.0,"max_hp_loss":0.0,"gold_gain":0.0,"event_name":"Golden Wing","player_choice":"Card Removal","floor":5.0,"gold_loss":0.0,"damage_taken":7.0},{"damage_healed":0.0,"max_hp_gain":0.0,"max_hp_loss":0.0,"gold_gain":0.0,"event_name":"Upgrade Shrine","player_choice":"Upgraded","floor":11.0,"gold_loss":0.0,"damage_taken":0.0,"cards_upgraded":["Hologram"]},{"damage_healed":0.0,"max_hp_gain":0.0,"max_hp_loss":0.0,"gold_gain":0.0,"event_name":"N\u0027loth","player_choice":"Traded Relic","floor":19.0,"relics_lost":["Kunai"],"gold_loss":0.0,"damage_taken":0.0,"relics_obtained":["Nloth\u0027s Gift"]},{"damage_healed":0.0,"max_hp_gain":0.0,"max_hp_loss":0.0,"gold_gain":0.0,"cards_transformed":["Strike_B","Defend_B"],"event_name":"Drug Dealer","player_choice":"Became Test Subject","floor":21.0,"gold_loss":0.0,"damage_taken":0.0,"cards_obtained":["Rip and Tear","Meteor Strike"]},{"damage_healed":0.0,"max_hp_gain":5.0,"max_hp_loss":0.0,"gold_gain":0.0,"event_name":"Forgotten Altar","player_choice":"Shed Blood","floor":24.0,"gold_loss":0.0,"damage_taken":19.0},{"damage_healed":0.0,"max_hp_gain":0.0,"max_hp_loss":0.0,"gold_gain":0.0,"event_name":"Mysterious Sphere","player_choice":"Ignored","floor":37.0,"gold_loss":0.0,"damage_taken":0.0},{"damage_healed":0.0,"max_hp_gain":0.0,"max_hp_loss":4.0,"gold_gain":0.0,"event_name":"Winding Halls","player_choice":"Max HP","floor":38.0,"gold_loss":0.0,"damage_taken":0.0},{"damage_healed":0.0,"max_hp_gain":0.0,"max_hp_loss":0.0,"gold_gain":0.0,"event_name":"MindBloom","player_choice":"Fight","floor":39.0,"gold_loss":0.0,"damage_taken":0.0},{"damage_healed":0,"gold_gain":0,"player_choice":"1 cards matched","damage_taken":0,"max_hp_gain":0,"max_hp_loss":0,"event_name":"Match and Keep!","floor":44,"gold_loss":0,"cards_obtained":["Echo Form"]},{"damage_healed":0,"gold_gain":0,"player_choice":"Ignored","damage_taken":0,"max_hp_gain":0,"max_hp_loss":0,"event_name":"Tomb of Lord Red Mask","floor":46,"gold_loss":0},{"damage_healed":80,"gold_gain":0,"player_choice":"Heal","damage_taken":0,"max_hp_gain":0,"max_hp_loss":11,"event_name":"The Moai Head","floor":47,"gold_loss":0}],"is_beta":false,"boss_relics":[{"not_picked":["Orrery","Fusion Hammer"],"picked":"Velvet Choker"},{"not_picked":["Runic Pyramid","White Beast Statue"],"picked":"Philosopher\u0027s Stone"}],"items_purged_floors":[2,14,22,48],"is_endless":false,"potions_floor_spawned":[4,12,13,18,20,27,29,39,41,45],"ascension_level":0}