{"gold_per_floor":[114,114,114,14,14,46,46,66,66,66,101,117,137,137,137,241,241,256,269,101,101,101,135,65,65,65,65,29,29,29],"floor_reached":30,"playtime":715,"items_purged":["Regret"],"score":374,"play_id":"893209d5-3d40-42e7-8199-2c5db5c7232a","local_time":"20181231210430","is_ascension_mode":true,"campfire_choices":[{"data":"Gash","floor":7,"key":"SMITH"},{"data":"Scrape","floor":10,"key":"SMITH"},{"floor":15,"key":"REST"}],"neow_cost":"NONE","seed_source_timestamp":866151545260531,"circlet_count":0,"master_deck":["Strike_B+1","Strike_B+1","Strike_B+1","Strike_B+1","Defend_B+1","Defend_B+1","Defend_B+1","Defend_B+1","Zap","Dualcast","Gash+1","Conserve Battery","Scrape+1","Hello World+1","Conserve Battery","Gash","Sweeping Beam","Defragment+1","Steam","Sunder","Echo Form+1","Barrage","Coolheaded+1","FTL+1","Undo+1","Apotheosis","Conserve Battery","Self Repair+1","Shame","Sunder"],"relics":["Cracked Core","NeowsBlessing","Prayer Wheel","Frozen Egg 2","Happy Flower","Bottled Tornado","Centennial Puzzle","Sozu","Gremlin Horn","Boot","Regal Pillow","Bag of Preparation"],"potions_floor_usage":[16,30],"damage_taken":[{"damage":0,"enemies":"Small Slimes","floor":1,"turns":1},{"damage":0,"enemies":"Gremlin Nob","floor":6,"turns":1},{"damage":0,"enemies":"2 Louse","floor":8,"turns":1},{"damage":19,"enemies":"3 Sentries","floor":11,"turns":6},{"damage":7,"enemies":"Jaw Worm","floor":12,"turns":3},{"damage":22,"enemies":"3 Louse","floor":13,"turns":3},{"damage":16,"enemies":"Hexaghost","floor":16,"turns":7},{"damage":16,"enemies":"2 Thieves","floor":18,"turns":3},{"damage":12,"enemies":"Shell Parasite","floor":19,"turns":3},{"damage":21,"enemies":"Gremlin Leader","floor":23,"turns":7},{"damage":14,"enemies":"Snake Plant","floor":30,"turns":2}],"seed_played":"66704423322589978","potions_obtained":[{"floor":1,"key":"SteroidPotion"},{"floor":8,"key":"Dexterity Potion"}],"is_trial":false,"path_per_floor":["M","?","?","$","?","E","R","M","T","R","E","M","M","?","R","B",null,"M","M","$","?","?","E","$","?","T","?","$","$","M"],"character_chosen":"DEFECT","items_purchased":["Conserve Battery","Apotheosis","Self Repair+1","Sunder"],"campfire_rested":1,"item_purchase_floors":[4,20,24,28],"current_hp_per_floor":[68,68,68,68,68,68,68,68,68,68,49,42,20,13,35,19,61,45,33,33,33,33,12,12,12,12,12,12,12,0],"gold":29,"neow_bonus":"THREE_ENEMY_KILL","is_prod":false,"is_daily":false,"chose_seed":false,"campfire_upgraded":2,"win_rate":0,"timestamp":1546301070,"path_taken":["M","?","?","$","?","E","R","M","T","R","E","?","M","?","R","BOSS","M","M","$","?","?","E","?","?","T","?","?","$","M"],"build_version":"2018-12-20","purchased_purges":1,"victory":false,"max_hp_per_floor":[75,75,75,75,75,75,75,75,75,75,75,75,75,75,75,75,75,75,75,75,75,75,75,75,75,75,75,75,75,75],"card_choices":[{"not_picked":["Rip and Tear","Beam Cell"],"picked":"Gash","floor":1},{"not_picked":["Redo","Cold Snap"],"picked":"Scrape","floor":6},{"not_picked":["Hologram","Thunder Strike"],"picked":"Hello World+1","floor":8},{"not_picked":["Undo","Doom and Gloom"],"picked":"Conserve Battery","floor":8},{"not_picked":["Rebound","Coolheaded"],"picked":"Gash","floor":11},{"not_picked":["Ball Lightning","Hologram"],"picked":"Sweeping Beam","floor":12},{"not_picked":["Amplify","Compile Driver"],"picked":"Defragment+1","floor":12},{"not_picked":["Coolheaded","Cold Snap"],"picked":"Steam","floor":13},{"not_picked":["Rebound","Leap"],"picked":"Sunder","floor":13},{"not_picked":["All For One","Machine Learning+1"],"picked":"Echo Form+1","floor":16},{"not_picked":["Rebound","Reprogram"],"picked":"Barrage","floor":18},{"not_picked":["White Noise","Hologram"],"picked":"Coolheaded+1","floor":18},{"not_picked":["Streamline","Undo"],"picked":"FTL+1","floor":19},{"not_picked":["Hyperbeam","Melter+1"],"picked":"Undo+1","floor":19},{"not_picked":["Barrage","Hologram"],"picked":"Conserve Battery","floor":23}],"player_experience":591682,"relics_obtained":[{"floor":6,"key":"Frozen Egg 2"},{"floor":9,"key":"Happy Flower"},{"floor":11,"key":"Bottled Tornado"},{"floor":23,"key":"Gremlin Horn"},{"floor":26,"key":"Regal Pillow"}],"event_choices":[{"damage_healed":0,"gold_gain":0,"player_choice":"Box","damage_taken":0,"relics_obtained":["Prayer Wheel"],"max_hp_gain":0,"max_hp_loss":0,"event_name":"Big Fish","floor":2,"gold_loss":0,"cards_obtained":["Regret"]},{"damage_healed":0,"gold_gain":0,"player_choice":"Ignored","damage_taken":0,"max_hp_gain":0,"max_hp_loss":0,"event_name":"Golden Wing","floor":3,"gold_loss":0},{"damage_healed":0,"gold_gain":0,"player_choice":"Leave","damage_taken":0,"max_hp_gain":0,"max_hp_loss":0,"event_name":"The Cleric","floor":5,"gold_loss":0},{"damage_healed":0,"gold_gain":0,"player_choice":"Success","damage_taken":7,"relics_obtained":["Centennial Puzzle"],"max_hp_gain":0,"max_hp_loss":0,"event_name":"Scrap Ooze","floor":14,"gold_loss":0},{"damage_healed":0,"gold_gain":0,"player_choice":"Ignored","damage_taken":0,"max_hp_gain":0,"max_hp_loss":0,"event_name":"Ghosts","floor":21,"gold_loss":0},{"damage_healed":0,"gold_gain":0,"player_choice":"Simplicity","damage_taken":0,"max_hp_gain":0,"max_hp_loss":0,"event_name":"Back to Basics","floor":22,"gold_loss":0,"cards_upgraded":["Strike_B","Strike_B","Strike_B","Strike_B","Defend_B","Defend_B","Defend_B","Defend_B"]},{"damage_healed":0,"gold_gain":0,"player_choice":"Opened","damage_taken":0,"relics_obtained":["Boot"],"max_hp_gain":0,"max_hp_loss":0,"event_name":"The Mausoleum","floor":25,"gold_loss":0},{"damage_healed":0,"gold_gain":0,"player_choice":"Stole Relic","damage_taken":0,"relics_obtained":["Bag of Preparation"],"max_hp_gain":0,"max_hp_loss":0,"event_name":"Addict","floor":27,"gold_loss":0,"cards_obtained":["Shame"]}],"is_beta":false,"boss_relics":[{"not_picked":["Calling Bell","Lizard Tail"],"picked":"Sozu"}],"items_purged_floors":[4],"is_endless":false,"potions_floor_spawned":[1,8,19],"killed_by":"Snake Plant","ascension_level":7}