{"gold_per_floor":[116,116,76,93,93,126,126,139,139,152,152,100,100,112,112,217,217,233,87,87,106,106,106,123,123,147,182,202,233,233],"floor_reached":30,"playtime":1013,"items_purged":["Eviscerate"],"score":281,"play_id":"832ebe21-2ce8-48b1-9642-02b66d09ca7b","local_time":"20190419002423","is_ascension_mode":true,"campfire_choices":[{"data":"Poisoned Stab","floor":7,"key":"SMITH"},{"data":"After Image","floor":13,"key":"SMITH"},{"floor":15,"key":"REST"},{"data":"Envenom","floor":23,"key":"SMITH"},{"data":"Deflect","floor":25,"key":"SMITH"}],"neow_cost":"NONE","seed_source_timestamp":603782772548700,"circlet_count":0,"master_deck":["Survivor","Neutralize","Poisoned Stab+1","Catalyst+1","Poisoned Stab","Slice","Quick Slash","After Image+1","Deadly Poison","Bane","Adrenaline","After Image","Adrenaline","Dagger Throw","Glass Knife","Dodge and Roll","Night Terror","Sucker Punch","Envenom+1","Backflip","Deflect+1","Backflip","Deadly Poison","Cloak And Dagger+1","Outmaneuver+1","Catalyst"],"relics":["Ring of the Snake","Letter Opener","Centennial Puzzle","Pandora\u0027s Box","GremlinMask","Strawberry","Ornamental Fan","Paper Crane"],"potions_floor_usage":[6,16,30,30],"damage_taken":[{"damage":1,"enemies":"2 Louse","floor":1,"turns":3},{"damage":0,"enemies":"Small Slimes","floor":4,"turns":3},{"damage":23,"enemies":"Gremlin Nob","floor":6,"turns":5},{"damage":0,"enemies":"Cultist","floor":8,"turns":2},{"damage":8,"enemies":"2 Fungi Beasts","floor":10,"turns":3},{"damage":7,"enemies":"Exordium Thugs","floor":14,"turns":3},{"damage":35,"enemies":"The Guardian","floor":16,"turns":7},{"damage":8,"enemies":"3 Byrds","floor":18,"turns":4},{"damage":14,"enemies":"Shell Parasite","floor":21,"turns":4},{"damage":15,"enemies":"Snake Plant","floor":24,"turns":4},{"damage":13,"enemies":"Book of Stabbing","floor":27,"turns":6},{"damage":0,"enemies":"3 Cultists","floor":28,"turns":4},{"damage":39,"enemies":"Gremlin Leader","floor":29,"turns":6},{"damage":6,"enemies":"Snecko","floor":30,"turns":3}],"seed_played":"-7740212855288241428","potions_obtained":[{"floor":1,"key":"SpeedPotion"},{"floor":3,"key":"EssenceOfSteel"},{"floor":3,"key":"EssenceOfSteel"},{"floor":6,"key":"Fruit Juice"},{"floor":16,"key":"GhostInAJar"},{"floor":18,"key":"FearPotion"}],"is_trial":false,"path_per_floor":["M","?","?","M","$","E","R","M","T","M","?","$","R","M","R","B",null,"M","$","?","M","?","R","M","R","T","E","M","E","M"],"character_chosen":"THE_SILENT","items_purchased":["Deadly Poison","Backflip","Deadly Poison"],"campfire_rested":1,"item_purchase_floors":[12,19,19],"current_hp_per_floor":[69,69,69,69,69,51,51,51,51,43,43,43,43,36,58,23,75,67,67,75,61,61,61,46,46,53,40,40,1,0],"gold":233,"neow_bonus":"THREE_CARDS","is_prod":false,"is_daily":false,"chose_seed":false,"campfire_upgraded":4,"win_rate":0,"timestamp":1555647863,"path_taken":["M","?","?","M","$","E","R","?","T","M","?","?","R","?","R","BOSS","M","$","?","M","?","R","?","R","T","E","M","E","M"],"build_version":"2019-01-23","purchased_purges":1,"victory":false,"max_hp_per_floor":[70,70,70,70,70,75,75,75,75,75,75,75,75,75,75,75,75,75,75,75,75,75,75,75,75,82,82,82,82,82],"card_choices":[{"not_picked":["Concentrate","Underhanded Strike"],"picked":"Poisoned Stab","floor":0},{"not_picked":["Noxious Fumes","Finisher"],"picked":"Catalyst","floor":1},{"not_picked":["Prepared","Dagger Throw"],"picked":"Poisoned Stab","floor":4},{"not_picked":["Deflect","Caltrops"],"picked":"Slice","floor":6},{"not_picked":["Prepared","PiercingWail"],"picked":"Quick Slash","floor":8},{"not_picked":["Calculated Gamble","Skewer"],"picked":"After Image","floor":10},{"not_picked":["Quick Slash","Riddle With Holes"],"picked":"Bane","floor":14},{"not_picked":["Glass Knife","Wraith Form v2"],"picked":"Adrenaline","floor":16},{"not_picked":["Sucker Punch","Blade Dance"],"picked":"Deflect","floor":18},{"not_picked":["Blade Dance","Flechettes"],"picked":"Cloak And Dagger+1","floor":21},{"not_picked":["Backflip","Caltrops","Concentrate"],"picked":"SKIP","floor":24},{"not_picked":["Sucker Punch","Prepared+1"],"picked":"Outmaneuver+1","floor":27},{"not_picked":["Dodge and Roll","Underhanded Strike","Finisher"],"picked":"SKIP","floor":28},{"not_picked":["All Out Attack","Well Laid Plans"],"picked":"Catalyst","floor":29}],"player_experience":109329,"relics_obtained":[{"floor":6,"key":"Letter Opener"},{"floor":9,"key":"Centennial Puzzle"},{"floor":26,"key":"Strawberry"},{"floor":27,"key":"Ornamental Fan"},{"floor":29,"key":"Paper Crane"}],"event_choices":[{"damage_healed":0,"gold_gain":0,"player_choice":"Grow","damage_taken":0,"max_hp_gain":0,"max_hp_loss":0,"event_name":"Living Wall","floor":2,"gold_loss":0,"cards_upgraded":["Catalyst"]},{"damage_healed":0,"gold_gain":0,"player_choice":"Bought 3 Potions","damage_taken":0,"max_hp_gain":0,"max_hp_loss":0,"event_name":"The Woman in Blue","floor":3,"gold_loss":0},{"damage_healed":0,"gold_gain":0,"player_choice":"Searched \u00271\u0027 times","damage_taken":0,"max_hp_gain":0,"max_hp_loss":0,"event_name":"Dead Adventurer","floor":11,"gold_loss":0},{"damage_healed":25,"gold_gain":0,"player_choice":"Heal","damage_taken":0,"max_hp_gain":0,"max_hp_loss":0,"event_name":"The Library","floor":20,"gold_loss":0},{"damage_healed":0,"gold_gain":0,"player_choice":"Trade","damage_taken":0,"relics_obtained":["GremlinMask"],"max_hp_gain":0,"max_hp_loss":0,"event_name":"FaceTrader","floor":22,"gold_loss":0}],"is_beta":false,"boss_relics":[{"not_picked":["Fusion Hammer","Orrery"],"picked":"Pandora\u0027s Box"}],"items_purged_floors":[19],"is_endless":false,"potions_floor_spawned":[1,6,16,18,29],"killed_by":"Snecko","ascension_level":1}