{"gold_per_floor":[115,125,425,445,24,59,76,94,94,94,112,127,52,65,65,65],"floor_reached":16,"playtime":1107,"items_purged":["Strike_R"],"score":201,"play_id":"46793968-7fee-4107-bd00-529a7621eebc","local_time":"20190501152257","is_ascension_mode":true,"campfire_choices":[{"floor":10,"key":"REST"},{"floor":15,"key":"REST"}],"neow_cost":"NONE","seed_source_timestamp":1733074650771015,"circlet_count":0,"master_deck":["AscendersBane","Strike_R","Strike_R","Strike_R","Strike_R","Defend_R","Defend_R","Defend_R","Defend_R","Bash","Finesse","Clothesline","Metallicize","Shrug It Off","Inflame","Bandage Up","Reaper","Pummel","Feed","Armaments","Uppercut","Shockwave","Rage"],"relics":["Burning Blood","Old Coin","Sling","Prayer Wheel"],"potions_floor_usage":[7,16,16],"damage_taken":[{"damage":17,"enemies":"Jaw Worm","floor":1,"turns":5},{"damage":8,"enemies":"Cultist","floor":2,"turns":4},{"damage":11,"enemies":"Small Slimes","floor":4,"turns":4},{"damage":37,"enemies":"Lagavulin","floor":6,"turns":8},{"damage":15,"enemies":"2 Fungi Beasts","floor":7,"turns":4},{"damage":16,"enemies":"Large Slime","floor":8,"turns":8},{"damage":23,"enemies":"Exordium Wildlife","floor":11,"turns":6},{"damage":28,"enemies":"Gremlin Gang","floor":12,"turns":6},{"damage":20,"enemies":"Large Slime","floor":14,"turns":8},{"damage":83,"enemies":"Slime Boss","floor":16,"turns":8}],"seed_played":"4829604947458746024","potions_obtained":[{"floor":1,"key":"BloodPotion"},{"floor":6,"key":"Explosive Potion"},{"floor":7,"key":"Strength Potion"},{"floor":12,"key":"GamblersBrew"}],"is_trial":false,"path_per_floor":["M","M","?","M","$","E","M","M","T","R","M","M","$","M","R","B"],"character_chosen":"IRONCLAD","items_purchased":["Sling","Inflame","Bandage Up"],"campfire_rested":2,"item_purchase_floors":[5,5,5],"current_hp_per_floor":[57,55,55,50,50,23,26,24,24,46,42,35,35,40,65,0],"gold":65,"neow_bonus":"RANDOM_COLORLESS","is_prod":false,"is_daily":false,"chose_seed":false,"campfire_upgraded":0,"win_rate":0,"timestamp":1556734977,"path_taken":["M","M","?","M","$","E","M","M","T","R","M","?","$","M","R","BOSS"],"build_version":"2019-01-23","purchased_purges":1,"victory":false,"max_hp_per_floor":[75,75,75,75,75,75,75,75,75,75,78,81,81,84,84,84],"card_choices":[{"not_picked":["Warcry","Havoc"],"picked":"Clothesline","floor":1},{"not_picked":["Iron Wave","Twin Strike"],"picked":"Metallicize","floor":2},{"not_picked":["Flex","Thunderclap"],"picked":"Shrug It Off","floor":4},{"not_picked":["Clothesline","Cleave"],"picked":"Reaper","floor":6},{"not_picked":["Sword Boomerang","Disarm"],"picked":"Pummel","floor":7},{"not_picked":["Perfected Strike","Body Slam","Heavy Blade"],"picked":"SKIP","floor":7},{"not_picked":["Searing Blow","Shrug It Off"],"picked":"Feed","floor":8},{"not_picked":["Searing Blow","Iron Wave"],"picked":"Armaments","floor":8},{"not_picked":["Body Slam","Clothesline"],"picked":"Uppercut","floor":11},{"not_picked":["Perfected Strike","Infernal Blade","Thunderclap"],"picked":"SKIP","floor":11},{"not_picked":["Thunderclap","Twin Strike"],"picked":"Shockwave","floor":12},{"not_picked":["Thunderclap","Blood for Blood","Bloodletting"],"picked":"SKIP","floor":12},{"not_picked":["Havoc","Second Wind"],"picked":"Rage","floor":14},{"not_picked":["True Grit","Burning Pact","Havoc"],"picked":"SKIP","floor":14}],"player_experience":1268104,"relics_obtained":[{"floor":6,"key":"Prayer Wheel"}],"event_choices":[{"damage_healed":0,"gold_gain":0,"player_choice":"Gave Potion","damage_taken":0,"relics_obtained":["Old Coin"],"max_hp_gain":0,"max_hp_loss":0,"event_name":"WeMeetAgain","floor":3,"gold_loss":0}],"is_beta":false,"boss_relics":[],"items_purged_floors":[13],"is_endless":false,"potions_floor_spawned":[1,6,7,12,14],"killed_by":"Slime Boss","ascension_level":18}