{"gold_per_floor":[114,114,64,64,80,145,420,420,420,19,45,45,10,33,33,164,164,187,205,218,231,250,283,111,135,135,135,135,8,28,28,28,151,151,170,170,170,17,17,53,53,72,95,0,0,0,0],"floor_reached":47,"playtime":2068,"items_purged":["Regret"],"score":717,"play_id":"677e88a8-5d72-4ef9-beec-66bac861fbbd","local_time":"20190507153104","is_ascension_mode":true,"campfire_choices":[{"data":"Bash","floor":8,"key":"SMITH"},{"data":"Flame Barrier","floor":15,"key":"SMITH"},{"floor":28,"key":"REST"},{"data":"Body Slam","floor":32,"key":"SMITH"},{"floor":41,"key":"RECALL"},{"floor":45,"key":"REST"}],"neow_cost":"NONE","seed_source_timestamp":173024611282500,"circlet_count":0,"master_deck":["Strike_R","Strike_R","Strike_R","Defend_R","Defend_R","Defend_R","Defend_R","Bash+1","Battle Trance","Power Through","Anger","Feel No Pain","Flame Barrier+1","Sword Boomerang","Impervious","Body Slam+1","Flex","Seeing Red","Pommel Strike","Cleave","Wild Strike","Feed","Impervious","Shame","Power Through+1","Exhume","Disarm+1","Secret Weapon","Parasite","Body Slam+1","Infernal Blade+1","Normality"],"relics":["Burning Blood","NeowsBlessing","Golden Idol","Tiny Chest","Membership Card","Self Forming Clay","Oddly Smooth Stone","Bottled Lightning","Cursed Key","Strawberry","Medical Kit","Mercury Hourglass","Darkstone Periapt","MutagenicStrength","Sozu","Bag of Preparation","Regal Pillow","Mummified Hand","Boot","Orichalcum","Red Mask"],"potions_floor_usage":[23,30,30,33,35],"damage_taken":[{"damage":0,"enemies":"2 Louse","floor":1,"turns":1},{"damage":0,"enemies":"Jaw Worm","floor":5,"turns":1},{"damage":0,"enemies":"3 Sentries","floor":6,"turns":1},{"damage":0,"enemies":"Cultist","floor":14,"turns":3},{"damage":57,"enemies":"Slime Boss","floor":16,"turns":16},{"damage":0,"enemies":"Chosen","floor":18,"turns":6},{"damage":2,"enemies":"Spheric Guardian","floor":19,"turns":5},{"damage":0,"enemies":"Chosen and Byrds","floor":20,"turns":5},{"damage":18,"enemies":"Snake Plant","floor":21,"turns":3},{"damage":14,"enemies":"3 Cultists","floor":22,"turns":5},{"damage":58,"enemies":"Slavers","floor":23,"turns":6},{"damage":11,"enemies":"Centurion and Healer","floor":25,"turns":7},{"damage":0,"enemies":"Snake Plant","floor":30,"turns":3},{"damage":53,"enemies":"Collector","floor":33,"turns":12},{"damage":8,"enemies":"Orb Walker","floor":35,"turns":4},{"damage":6,"enemies":"Nemesis","floor":40,"turns":11},{"damage":46,"enemies":"3 Darklings","floor":42,"turns":6},{"damage":110,"enemies":"Reptomancer","floor":47,"turns":6}],"seed_played":"-7431747853812930947","potions_obtained":[{"floor":14,"key":"Dexterity Potion"},{"floor":16,"key":"SteroidPotion"},{"floor":18,"key":"EssenceOfSteel"},{"floor":21,"key":"AttackPotion"},{"floor":23,"key":"FearPotion"},{"floor":30,"key":"PowerPotion"},{"floor":33,"key":"BloodPotion"}],"is_trial":false,"path_per_floor":["M","?","?","?","M","E","?","R","T","$","T","T","$","M","R","B",null,"M","M","M","M","M","E","$","M","T","?","R","$","M","?","R","B",null,"M","?","?","$","T","E","R","M","T","?","R","?","E"],"character_chosen":"IRONCLAD","items_purchased":["Membership Card","Self Forming Clay","Feel No Pain","Flame Barrier","Medical Kit","Feed","Darkstone Periapt","Bag of Preparation","Regal Pillow"],"campfire_rested":2,"item_purchase_floors":[10,10,10,13,24,24,29,38,38],"current_hp_per_floor":[78,74,74,79,79,79,79,79,79,79,79,79,79,79,79,28,66,72,76,79,67,59,14,14,12,12,41,67,67,76,76,76,29,76,83,83,83,83,89,89,89,49,55,55,101,99,0],"gold":0,"neow_bonus":"THREE_ENEMY_KILL","is_prod":false,"is_daily":false,"chose_seed":false,"campfire_upgraded":3,"win_rate":0,"timestamp":1557257464,"path_taken":["M","?","?","?","?","E","?","R","T","$","?","?","?","M","R","BOSS","M","?","?","M","M","E","$","M","T","?","R","$","M","?","R","BOSS","M","?","?","$","?","E","R","M","T","?","R","?","E"],"build_version":"2019-01-23","purchased_purges":1,"victory":false,"max_hp_per_floor":[80,74,74,79,79,79,79,79,79,79,79,79,79,79,79,79,79,79,79,79,79,79,86,86,89,89,89,89,89,92,92,92,92,92,92,92,92,92,98,98,98,98,104,104,104,99,99],"card_choices":[{"not_picked":["Armaments","Warcry"],"picked":"Battle Trance","floor":1},{"not_picked":["Thunderclap","Pommel Strike"],"picked":"Power Through","floor":5},{"not_picked":["Iron Wave","Havoc"],"picked":"Anger","floor":6},{"not_picked":["Ghostly Armor","Fire Breathing"],"picked":"Sword Boomerang","floor":14},{"not_picked":["Demon Form","Juggernaut"],"picked":"Impervious","floor":16},{"not_picked":["Fire Breathing","Ghostly Armor"],"picked":"Body Slam","floor":18},{"not_picked":["Anger","Shockwave"],"picked":"Flex","floor":19},{"not_picked":["Clash","Iron Wave"],"picked":"Seeing Red","floor":20},{"not_picked":["Armaments","Anger"],"picked":"Pommel Strike","floor":21},{"not_picked":["Twin Strike","Warcry"],"picked":"Cleave","floor":22},{"not_picked":["Anger","Perfected Strike"],"picked":"Wild Strike","floor":23},{"not_picked":["Perfected Strike","Sword Boomerang+1"],"picked":"Impervious","floor":25},{"not_picked":["Hemokinesis","Carnage+1"],"picked":"Power Through+1","floor":30},{"not_picked":["Impervious","Feed"],"picked":"Exhume","floor":33},{"not_picked":["Whirlwind","Bloodletting"],"picked":"Disarm+1","floor":35},{"not_picked":["Thinking Ahead","Deep Breath"],"picked":"Secret Weapon","floor":36},{"not_picked":["Power Through+1","Evolve+1"],"picked":"Body Slam+1","floor":40},{"not_picked":["Thunderclap","Clash"],"picked":"Infernal Blade+1","floor":42}],"player_experience":165301,"relics_obtained":[{"floor":6,"key":"Tiny Chest"},{"floor":11,"key":"Oddly Smooth Stone"},{"floor":12,"key":"Bottled Lightning"},{"floor":23,"key":"Strawberry"},{"floor":26,"key":"Mercury Hourglass"},{"floor":39,"key":"Mummified Hand"},{"floor":40,"key":"Boot"},{"floor":43,"key":"Orichalcum"}],"event_choices":[{"damage_healed":0,"gold_gain":0,"player_choice":"Lose Max HP","damage_taken":0,"relics_obtained":["Golden Idol"],"max_hp_gain":0,"max_hp_loss":6,"event_name":"Golden Idol","floor":2,"gold_loss":0},{"cards_removed":["Strike_R"],"damage_healed":0,"gold_gain":0,"player_choice":"Card Removal","damage_taken":0,"max_hp_gain":0,"max_hp_loss":0,"event_name":"The Cleric","floor":3,"gold_loss":50},{"damage_healed":0,"gold_gain":0,"player_choice":"Donut","damage_taken":0,"max_hp_gain":5,"max_hp_loss":0,"event_name":"Big Fish","floor":4,"gold_loss":0},{"damage_healed":0,"gold_gain":275,"player_choice":"Desecrate","damage_taken":0,"max_hp_gain":0,"max_hp_loss":0,"event_name":"Golden Shrine","floor":7,"gold_loss":0,"cards_obtained":["Regret"]},{"damage_healed":29,"gold_gain":0,"player_choice":"Heal","damage_taken":0,"max_hp_gain":0,"max_hp_loss":0,"event_name":"The Library","floor":27,"gold_loss":0},{"damage_healed":0,"gold_gain":0,"player_choice":"Inject Mutagens","damage_taken":0,"relics_obtained":["MutagenicStrength"],"max_hp_gain":0,"max_hp_loss":0,"event_name":"Drug Dealer","floor":31,"gold_loss":0},{"damage_healed":0,"gold_gain":0,"player_choice":"Memory 1","damage_taken":0,"max_hp_gain":0,"max_hp_loss":0,"event_name":"SensoryStone","floor":36,"gold_loss":0},{"cards_removed":["Strike_R"],"damage_healed":0,"gold_gain":0,"player_choice":"Removed Attack","damage_taken":0,"max_hp_gain":0,"max_hp_loss":0,"event_name":"Falling","floor":37,"gold_loss":0},{"damage_healed":0,"gold_gain":0,"player_choice":"Paid","damage_taken":0,"relics_obtained":["Red Mask"],"max_hp_gain":0,"max_hp_loss":0,"event_name":"Tomb of Lord Red Mask","floor":44,"gold_loss":95},{"damage_healed":0,"gold_gain":0,"player_choice":"Max HP","damage_taken":0,"max_hp_gain":0,"max_hp_loss":5,"event_name":"Winding Halls","floor":46,"gold_loss":0}],"is_beta":false,"boss_relics":[{"not_picked":["Fusion Hammer","Velvet Choker"],"picked":"Cursed Key"},{"not_picked":["Tiny House","Snecko Eye"],"picked":"Sozu"}],"items_purged_floors":[10],"is_endless":false,"potions_floor_spawned":[14,16,18,21,23,30,33,42],"killed_by":"Reptomancer","ascension_level":7}