{"gold_per_floor":[116,116,131,149,168,168,200,200,253,269,329,663,683,698,698,795,795,815,815,730,747,774,799,799,799,799,809,821,821,821,848,848,951,951,970,440,540,557,779,779,809,825,825,845,845,845,845,873,873,873],"floor_reached":51,"playtime":1803,"items_purged":["Strike_R"],"score":955,"play_id":"f6235f5e-18e9-424b-956c-03adb072aa9b","local_time":"20190513180804","is_ascension_mode":false,"campfire_choices":[{"data":"Clothesline","floor":6,"key":"SMITH"},{"data":"Whirlwind","floor":15,"key":"SMITH"},{"data":"Armaments","floor":25,"key":"SMITH"},{"data":"Shockwave","floor":29,"key":"SMITH"},{"data":"J.A.X.","floor":32,"key":"SMITH"},{"data":"Heavy Blade","floor":40,"key":"SMITH"},{"data":"Demon Form","floor":45,"key":"SMITH"},{"data":"Power Through","floor":47,"key":"SMITH"},{"data":"Madness","floor":49,"key":"SMITH"}],"neow_cost":"NONE","seed_source_timestamp":824884205580200,"circlet_count":0,"master_deck":["Strike_R","Strike_R","Strike_R+1","Strike_R+1","Defend_R","Defend_R","Defend_R","Defend_R","Bash+1","Anger","Clothesline+1","Cleave","Pummel","Disarm+1","Seeing Red","Headbutt","Whirlwind+1","Armaments+1","Feed","Shockwave+1","J.A.X.+1","Uppercut+1","Uppercut+1","Feel No Pain","Power Through+1","True Grit+1","RitualDagger","Anger+1","Demon Form+1","Feel No Pain+1","Heavy Blade+1","Pummel+1","Seeing Red+1","Madness+1","Madness","Battle Trance+1"],"relics":["Burning Blood","Orichalcum","Shuriken","Ancient Tea Set","Lantern","Old Coin","Velvet Choker","Boot","Red Mask","Pocketwatch","Gremlin Horn","Matryoshka","Sozu","Juzu Bracelet","Nunchaku","Ice Cream","Blood Vial","Strawberry","Whetstone","Dodecahedron"],"potions_floor_usage":[16,16,23,33,48],"damage_taken":[{"damage":2,"enemies":"Small Slimes","floor":1,"turns":3},{"damage":0,"enemies":"Cultist","floor":3,"turns":4},{"damage":1,"enemies":"Jaw Worm","floor":4,"turns":3},{"damage":4,"enemies":"Exordium Wildlife","floor":5,"turns":3},{"damage":9,"enemies":"3 Sentries","floor":7,"turns":6},{"damage":0,"enemies":"3 Louse","floor":10,"turns":3},{"damage":0,"enemies":"Gremlin Nob","floor":11,"turns":3},{"damage":12,"enemies":"Lagavulin","floor":12,"turns":4},{"damage":2,"enemies":"Large Slime","floor":13,"turns":3},{"damage":4,"enemies":"Looter","floor":14,"turns":2},{"damage":0,"enemies":"Slime Boss","floor":16,"turns":4},{"damage":1,"enemies":"Chosen","floor":18,"turns":5},{"damage":4,"enemies":"Spheric Guardian","floor":21,"turns":3},{"damage":8,"enemies":"Masked Bandits","floor":22,"turns":3},{"damage":11,"enemies":"Book of Stabbing","floor":23,"turns":5},{"damage":4,"enemies":"Snecko","floor":27,"turns":3},{"damage":6,"enemies":"Snake Plant","floor":28,"turns":4},{"damage":7,"enemies":"Gremlin Leader","floor":31,"turns":5},{"damage":41,"enemies":"Automaton","floor":33,"turns":7},{"damage":1,"enemies":"3 Darklings","floor":35,"turns":3},{"damage":19,"enemies":"Mind Bloom Boss Battle","floor":37,"turns":7},{"damage":0,"enemies":"3 Shapes","floor":38,"turns":5},{"damage":0,"enemies":"Nemesis","floor":41,"turns":5},{"damage":17,"enemies":"Spire Growth","floor":42,"turns":3},{"damage":0,"enemies":"Jaw Worm Horde","floor":44,"turns":6},{"damage":3,"enemies":"Reptomancer","floor":48,"turns":5},{"damage":29,"enemies":"Donu and Deca","floor":50,"turns":4}],"seed_played":"-3641999389857778814","potions_obtained":[{"floor":1,"key":"Explosive Potion"},{"floor":3,"key":"FearPotion"},{"floor":12,"key":"SpeedPotion"},{"floor":13,"key":"LiquidBronze"},{"floor":14,"key":"Strength Potion"},{"floor":16,"key":"SneckoOil"},{"floor":22,"key":"EssenceOfSteel"},{"floor":23,"key":"EssenceOfSteel"},{"floor":31,"key":"PowerPotion"}],"is_trial":false,"path_per_floor":["M","?","M","M","M","R","E","?","T","M","?","E","M","M","R","B",null,"M","?","?","M","?","E","?","R","T","M","M","R","?","E","R","B",null,"M","$","?","M","?","R","E","M","T","M","R","?","R","E","R","B",null],"character_chosen":"IRONCLAD","items_purchased":["Juzu Bracelet","Nunchaku"],"campfire_rested":0,"item_purchase_floors":[36,36],"current_hp_per_floor":[80,80,80,80,80,80,77,77,77,80,80,74,78,80,80,80,80,83,83,83,83,84,79,79,79,79,81,84,84,78,81,81,46,93,96,96,87,97,97,97,103,93,100,111,111,97,97,102,102,84],"gold":873,"neow_bonus":"RANDOM_COMMON_RELIC","is_prod":false,"is_daily":false,"chose_seed":false,"campfire_upgraded":9,"win_rate":1,"timestamp":1557796084,"path_taken":["M","?","M","M","?","R","E","?","T","M","?","E","M","M","R","BOSS","M","?","?","M","?","E","?","R","T","M","M","R","?","E","R","BOSS","M","$","?","M","?","R","E","M","T","M","R","?","R","E","R","BOSS"],"build_version":"2019-01-23","purchased_purges":1,"victory":true,"max_hp_per_floor":[80,80,80,80,80,80,80,80,80,80,80,80,80,80,80,80,80,83,83,83,83,86,86,86,86,86,86,89,89,89,93,93,93,93,96,96,100,104,104,104,104,104,111,114,114,114,114,114,114,117],"card_choices":[{"not_picked":["Infernal Blade","Rupture"],"picked":"Anger","floor":1},{"not_picked":["Armaments","Perfected Strike"],"picked":"Clothesline","floor":3},{"not_picked":["Wild Strike","Clothesline"],"picked":"Cleave","floor":4},{"not_picked":["Anger","Havoc"],"picked":"Pummel","floor":5},{"not_picked":["Pummel","Thunderclap"],"picked":"Disarm","floor":7},{"not_picked":["Sword Boomerang","Cleave","Evolve"],"picked":"SKIP","floor":10},{"not_picked":["Pummel","Searing Blow"],"picked":"Seeing Red","floor":11},{"not_picked":["Seeing Red","Battle Trance"],"picked":"Headbutt","floor":12},{"not_picked":["Flame Barrier","Reaper"],"picked":"Whirlwind","floor":13},{"not_picked":["Wild Strike","Cleave"],"picked":"Armaments","floor":14},{"not_picked":["Exhume","Dark Embrace"],"picked":"Feed","floor":16},{"not_picked":["Flex","Corruption"],"picked":"Shockwave","floor":18},{"not_picked":["Dual Wield","Warcry"],"picked":"Uppercut+1","floor":21},{"not_picked":["Seeing Red+1","Sword Boomerang"],"picked":"Uppercut+1","floor":22},{"not_picked":["Twin Strike+1","Carnage"],"picked":"Feel No Pain","floor":23},{"not_picked":["Armaments","Twin Strike"],"picked":"Power Through","floor":27},{"not_picked":["Combust+1","Clash"],"picked":"True Grit+1","floor":28},{"not_picked":["Heavy Blade","Body Slam+1"],"picked":"Anger+1","floor":31},{"not_picked":["Dark Embrace","Bludgeon"],"picked":"Demon Form","floor":33},{"not_picked":["Intimidate","Pommel Strike+1"],"picked":"Feel No Pain+1","floor":35},{"not_picked":["Sword Boomerang","Cleave"],"picked":"Heavy Blade","floor":37},{"not_picked":["Sword Boomerang","Thunderclap+1","Anger"],"picked":"SKIP","floor":38},{"not_picked":["Clash+1","Anger"],"picked":"Pummel+1","floor":41},{"not_picked":["Cleave","Perfected Strike+1","Wild Strike"],"picked":"SKIP","floor":42},{"not_picked":["Cleave","Perfected Strike+1","Wild Strike"],"picked":"SKIP","floor":42},{"not_picked":["Sword Boomerang","Twin Strike+1"],"picked":"Seeing Red+1","floor":44},{"not_picked":["Wild Strike+1","Armaments+1"],"picked":"Battle Trance+1","floor":48}],"player_experience":775015,"relics_obtained":[{"floor":7,"key":"Shuriken"},{"floor":9,"key":"Ancient Tea Set"},{"floor":11,"key":"Lantern"},{"floor":12,"key":"Old Coin"},{"floor":22,"key":"Red Mask"},{"floor":23,"key":"Pocketwatch"},{"floor":26,"key":"Gremlin Horn"},{"floor":31,"key":"Matryoshka"},{"floor":37,"key":"Ice Cream"},{"floor":41,"key":"Blood Vial"},{"floor":43,"key":"Strawberry"},{"floor":43,"key":"Whetstone"},{"floor":48,"key":"Dodecahedron"}],"event_choices":[{"damage_healed":0,"gold_gain":0,"player_choice":"Upgraded","damage_taken":0,"max_hp_gain":0,"max_hp_loss":0,"event_name":"Upgrade Shrine","floor":2,"gold_loss":0,"cards_upgraded":["Bash"]},{"damage_healed":0,"gold_gain":0,"player_choice":"Grow","damage_taken":0,"max_hp_gain":0,"max_hp_loss":0,"event_name":"Living Wall","floor":8,"gold_loss":0,"cards_upgraded":["Disarm"]},{"damage_healed":0,"gold_gain":0,"player_choice":"Searched \u00271\u0027 times","damage_taken":0,"max_hp_gain":0,"max_hp_loss":0,"event_name":"Dead Adventurer","floor":11,"gold_loss":0},{"damage_healed":0,"gold_gain":0,"player_choice":"Obtain J.A.X.","damage_taken":0,"max_hp_gain":0,"max_hp_loss":0,"event_name":"Drug Dealer","floor":19,"gold_loss":0,"cards_obtained":["J.A.X."]},{"damage_healed":0,"gold_gain":0,"player_choice":"Obtained Relic","damage_taken":0,"relics_obtained":["Boot"],"max_hp_gain":0,"max_hp_loss":0,"event_name":"Addict","floor":20,"gold_loss":85},{"damage_healed":0,"gold_gain":0,"player_choice":"Fought Bandits","damage_taken":0,"max_hp_gain":0,"max_hp_loss":0,"event_name":"Masked Bandits","floor":22,"gold_loss":0},{"damage_healed":0,"gold_gain":0,"player_choice":"Ignored","damage_taken":0,"max_hp_gain":0,"max_hp_loss":0,"event_name":"Vampires","floor":24,"gold_loss":0},{"damage_healed":0,"gold_gain":0,"player_choice":"Joined the Cult","damage_taken":6,"max_hp_gain":0,"max_hp_loss":0,"event_name":"Nest","floor":30,"gold_loss":0,"cards_obtained":["RitualDagger"]},{"damage_healed":0,"gold_gain":0,"player_choice":"Fight","damage_taken":0,"max_hp_gain":0,"max_hp_loss":0,"event_name":"MindBloom","floor":37,"gold_loss":0},{"damage_healed":0,"gold_gain":222,"player_choice":"Wore Mask","damage_taken":0,"max_hp_gain":0,"max_hp_loss":0,"event_name":"Tomb of Lord Red Mask","floor":39,"gold_loss":0},{"damage_healed":0,"gold_gain":0,"player_choice":"Embrace Madness","damage_taken":14,"max_hp_gain":0,"max_hp_loss":0,"event_name":"Winding Halls","floor":46,"gold_loss":0,"cards_obtained":["Madness","Madness"]}],"is_beta":false,"boss_relics":[{"not_picked":["Pandora\u0027s Box","Black Blood"],"picked":"Velvet Choker"},{"not_picked":["Calling Bell","Tiny House"],"picked":"Sozu"}],"items_purged_floors":[36],"is_endless":false,"potions_floor_spawned":[1,3,12,13,14,16,22,23,31,35,37,41,42],"ascension_level":0}