{"gold_per_floor":[116,127,143,162,137,166,166,195,221,221],"floor_reached":10,"playtime":430,"items_purged":[],"score":125,"play_id":"f2df64b8-70b2-4adc-b062-3386435231a7","local_time":"20190322025028","is_ascension_mode":true,"campfire_choices":[{"floor":7,"key":"REST"}],"neow_cost":"NONE","seed_source_timestamp":96608677686974,"circlet_count":0,"master_deck":["AscendersBane","Defend_G","Defend_G","Defend_G+1","Defend_G","Defend_G","Strike_G","Strike_G","Strike_G","Strike_G","Strike_G","Survivor+1","Neutralize","Calculated Gamble","Footwork","Crippling Poison","After Image","Backstab","Deadly Poison"],"relics":["Ring of the Snake","War Paint","Mummified Hand","Pen Nib","Juzu Bracelet"],"potions_floor_usage":[6,8],"damage_taken":[{"damage":5,"enemies":"Small Slimes","floor":1,"turns":4},{"damage":3,"enemies":"2 Louse","floor":2,"turns":4},{"damage":6,"enemies":"Cultist","floor":3,"turns":6},{"damage":14,"enemies":"Exordium Thugs","floor":4,"turns":9},{"damage":20,"enemies":"Lagavulin","floor":6,"turns":9},{"damage":23,"enemies":"Gremlin Nob","floor":8,"turns":6}],"seed_played":"-4683761449291474437","potions_obtained":[{"floor":1,"key":"Poison Potion"},{"floor":2,"key":"LiquidBronze"},{"floor":8,"key":"Energy Potion"}],"is_trial":false,"path_per_floor":["M","M","M","M","?","E","R","E","T","?"],"character_chosen":"THE_SILENT","items_purchased":[],"campfire_rested":1,"item_purchase_floors":[],"current_hp_per_floor":[58,55,49,35,35,15,36,13,13,0],"gold":221,"neow_bonus":"RANDOM_COMMON_RELIC","is_prod":false,"is_daily":false,"chose_seed":false,"campfire_upgraded":0,"win_rate":0,"timestamp":1553233828,"path_taken":["M","M","M","M","?","E","R","E","T","?"],"build_version":"2019-01-23","purchased_purges":0,"victory":false,"max_hp_per_floor":[70,70,70,70,70,70,70,70,70,70],"card_choices":[{"not_picked":["Slice","Sucker Punch"],"picked":"Calculated Gamble","floor":1},{"not_picked":["Sucker Punch","Prepared"],"picked":"Footwork","floor":2},{"not_picked":["Finisher","Slice"],"picked":"Crippling Poison","floor":3},{"not_picked":["Catalyst","Slice"],"picked":"After Image","floor":4},{"not_picked":["Poisoned Stab","Deflect"],"picked":"Backstab","floor":6},{"not_picked":["Poisoned Stab","Quick Slash"],"picked":"Deadly Poison","floor":8}],"player_experience":989315,"relics_obtained":[{"floor":6,"key":"Mummified Hand"},{"floor":8,"key":"Pen Nib"},{"floor":9,"key":"Juzu Bracelet"}],"event_choices":[{"damage_healed":0,"gold_gain":0,"player_choice":"Left Gold","damage_taken":0,"max_hp_gain":0,"max_hp_loss":0,"event_name":"World of Goop","floor":5,"gold_loss":25}],"is_beta":false,"boss_relics":[],"items_purged_floors":[],"is_endless":false,"potions_floor_spawned":[1,2,8],"ascension_level":12}