{"gold_per_floor":[10,20,33,44,44,77,96,127,154,171,171,186,205,234,234,335,335,348,348,363,373,391,391,422,422,422,422,448,460,489,507,507,610,610,625,123,223,69,84,115,143,162,233,265,293,321,339,357,357,357,357,357,32,59,59],"floor_reached":56,"playtime":4492,"items_purged":["Strike_G","Strike_G"],"score":1698,"play_id":"a5e3615d-988b-478f-832f-e84f1739a8b0","local_time":"20190303162522","is_ascension_mode":true,"campfire_choices":[{"data":"Neutralize","floor":11,"key":"SMITH"},{"data":"Footwork","floor":15,"key":"SMITH"},{"data":"Tools of the Trade","floor":23,"key":"SMITH"},{"data":"Sucker Punch","floor":25,"key":"SMITH"},{"data":"Dash","floor":27,"key":"SMITH"},{"data":"Footwork","floor":32,"key":"SMITH"},{"floor":49,"key":"RECALL"},{"data":"Envenom","floor":52,"key":"SMITH"}],"neow_cost":"NO_GOLD","seed_source_timestamp":173469321363677,"circlet_count":0,"master_deck":["Defend_G","Defend_G","Defend_G","Defend_G","Defend_G","Strike_G","Strike_G","Strike_G","Survivor","Neutralize+1","Leg Sweep","Footwork+1","Slice","Dagger Throw","Dash+1","Escape Plan","Backstab","Sucker Punch+1","Tools of the Trade+1","Leg Sweep","Corpse Explosion","Leg Sweep+1","PiercingWail","Blade Dance+1","Tactician+1","Deadly Poison+1","Reflex+1","Footwork+1","Deadly Poison+1","Heel Hook","After Image","Poisoned Stab","Infinite Blades","Sadistic Nature","Crippling Poison","All Out Attack","Backflip","Distraction+1","Heel Hook","Heel Hook+1","Caltrops+1","A Thousand Cuts","Envenom+1","Prepared","Cloak And Dagger","Noxious Fumes","PiercingWail","Leg Sweep"],"relics":["Ring of the Snake","Tough Bandages","Paper Crane","Anchor","Bronze Scales","Orichalcum","Philosopher\u0027s Stone","Art of War","Snake Skull","Dodecahedron","WingedGreaves","Coffee Dripper","Regal Pillow","Singing Bowl","Bottled Tornado","Shovel","Bag of Preparation","Bird Faced Urn","OrangePellets","Strawberry"],"potions_floor_usage":[6,6,8,22,28,40,41,46,54,54,55,55],"damage_taken":[{"damage":0,"enemies":"2 Louse","floor":1,"turns":4},{"damage":0,"enemies":"Cultist","floor":2,"turns":4},{"damage":0,"enemies":"Small Slimes","floor":3,"turns":4},{"damage":21,"enemies":"Exordium Thugs","floor":4,"turns":12},{"damage":5,"enemies":"3 Sentries","floor":6,"turns":7},{"damage":1,"enemies":"Red Slaver","floor":7,"turns":5},{"damage":14,"enemies":"Lagavulin","floor":8,"turns":10},{"damage":0,"enemies":"Lots of Slimes","floor":10,"turns":4},{"damage":0,"enemies":"3 Louse","floor":12,"turns":2},{"damage":0,"enemies":"Exordium Thugs","floor":13,"turns":4},{"damage":0,"enemies":"3 Sentries","floor":14,"turns":8},{"damage":0,"enemies":"Hexaghost","floor":16,"turns":12},{"damage":0,"enemies":"2 Thieves","floor":18,"turns":5},{"damage":0,"enemies":"Shell Parasite","floor":20,"turns":6},{"damage":0,"enemies":"Centurion and Healer","floor":21,"turns":8},{"damage":1,"enemies":"3 Cultists","floor":22,"turns":5},{"damage":5,"enemies":"Book of Stabbing","floor":24,"turns":7},{"damage":1,"enemies":"Gremlin Leader","floor":28,"turns":8},{"damage":0,"enemies":"Chosen and Byrds","floor":29,"turns":5},{"damage":0,"enemies":"Book of Stabbing","floor":30,"turns":5},{"damage":3,"enemies":"Snecko","floor":31,"turns":5},{"damage":0,"enemies":"Collector","floor":33,"turns":11},{"damage":0,"enemies":"3 Shapes","floor":35,"turns":5},{"damage":0,"enemies":"3 Darklings","floor":39,"turns":2},{"damage":0,"enemies":"Reptomancer","floor":40,"turns":8},{"damage":4,"enemies":"Giant Head","floor":41,"turns":9},{"damage":7,"enemies":"Jaw Worm Horde","floor":42,"turns":4},{"damage":0,"enemies":"Reptomancer","floor":44,"turns":6},{"damage":1,"enemies":"Giant Head","floor":45,"turns":9},{"damage":0,"enemies":"Reptomancer","floor":46,"turns":6},{"damage":0,"enemies":"Maw","floor":47,"turns":6},{"damage":0,"enemies":"Transient","floor":48,"turns":5},{"damage":46,"enemies":"Donu and Deca","floor":50,"turns":8},{"damage":43,"enemies":"Shield and Spear","floor":54,"turns":5},{"damage":26,"enemies":"The Heart","floor":55,"turns":9}],"seed_played":"7181137973227128890","potions_obtained":[{"floor":3,"key":"FearPotion"},{"floor":4,"key":"Swift Potion"},{"floor":5,"key":"Poison Potion"},{"floor":5,"key":"Explosive Potion"},{"floor":8,"key":"EssenceOfSteel"},{"floor":12,"key":"FearPotion"},{"floor":13,"key":"Weak Potion"},{"floor":21,"key":"Block Potion"},{"floor":24,"key":"FairyPotion"},{"floor":29,"key":"Regen Potion"},{"floor":33,"key":"FearPotion"},{"floor":35,"key":"GhostInAJar"},{"floor":45,"key":"Weak Potion"},{"floor":46,"key":"SpeedPotion"},{"floor":47,"key":"SpeedPotion"},{"floor":48,"key":"PowerPotion"},{"floor":54,"key":"AttackPotion"}],"is_trial":false,"path_per_floor":["M","M","M","M","?","E","M","E","T","M","R","M","M","E","R","B",null,"M","?","M","M","M","R","E","R","T","R","E","M","E","M","R","B",null,"M","$","?","$","M","E","E","M","T","E","E","E","M","M","R","B",null,"R","$","E","B",null],"character_chosen":"THE_SILENT","items_purchased":["Infinite Blades","Sadistic Nature","Crippling Poison","Ancient Potion","All Out Attack","Backflip","OrangePellets","Noxious Fumes","PiercingWail"],"campfire_rested":0,"item_purchase_floors":[36,36,36,36,36,38,53,53,53],"current_hp_per_floor":[70,70,70,49,49,44,43,29,29,29,29,29,29,29,29,29,70,70,70,70,70,69,69,64,64,64,64,63,63,63,60,60,60,70,70,70,70,70,70,70,66,59,59,59,58,58,72,72,72,36,72,72,72,46,40],"gold":59,"neow_bonus":"ONE_RARE_RELIC","is_prod":false,"is_daily":false,"chose_seed":false,"campfire_upgraded":7,"win_rate":0,"timestamp":1551648322,"path_taken":["M","M","M","M","?","E","M","E","T","M","R","M","?","E","R","BOSS","M","?","M","M","M","R","E","R","T","R","E","?","E","M","R","BOSS","M","$","?","?","M","E","E","?","T","E","E","E","M","M","R","BOSS","R","$","E","BOSS"],"build_version":"2019-02-06","purchased_purges":2,"victory":true,"max_hp_per_floor":[70,70,70,70,70,70,70,70,70,70,70,70,70,70,70,70,70,70,70,70,70,70,70,70,70,70,70,70,70,70,70,70,70,70,70,70,70,70,70,70,70,70,70,70,70,70,72,72,72,72,72,72,72,79,79],"card_choices":[{"not_picked":["Bane","Outmaneuver"],"picked":"Leg Sweep","floor":1},{"not_picked":["Backflip","Dagger Throw"],"picked":"Footwork","floor":2},{"not_picked":["Blade Dance","Expertise"],"picked":"Slice","floor":3},{"not_picked":["Blade Dance","Accuracy"],"picked":"Dagger Throw","floor":4},{"not_picked":["Quick Slash","Doppelganger"],"picked":"Dash","floor":6},{"not_picked":["Skewer","Riddle With Holes","Eviscerate"],"picked":"SKIP","floor":7},{"not_picked":["Tactician","Quick Slash"],"picked":"Escape Plan","floor":8},{"not_picked":["Outmaneuver","Prepared"],"picked":"Backstab","floor":10},{"not_picked":["Outmaneuver","PiercingWail"],"picked":"Sucker Punch","floor":12},{"not_picked":["Dagger Throw","Eviscerate"],"picked":"Tools of the Trade","floor":13},{"not_picked":["Outmaneuver","Dodge and Roll"],"picked":"Leg Sweep","floor":14},{"not_picked":["Tools of the Trade","Night Terror"],"picked":"Corpse Explosion","floor":16},{"not_picked":["Expertise","Dash"],"picked":"Leg Sweep+1","floor":18},{"not_picked":["Expertise+1","Flying Knee"],"picked":"PiercingWail","floor":20},{"not_picked":["Outmaneuver","Setup+1"],"picked":"Blade Dance+1","floor":21},{"not_picked":["Deflect","Bane+1"],"picked":"Tactician+1","floor":22},{"not_picked":["Predator","Calculated Gamble"],"picked":"Deadly Poison+1","floor":24},{"not_picked":["Eviscerate","Deadly Poison"],"picked":"Reflex+1","floor":28},{"not_picked":["Skewer","Poisoned Stab"],"picked":"Footwork","floor":29},{"not_picked":["Bullet Time","Deflect"],"picked":"Deadly Poison+1","floor":30},{"not_picked":["Dodge and Roll+1","Finisher"],"picked":"Heel Hook","floor":31},{"not_picked":["Storm of Steel","Adrenaline"],"picked":"After Image","floor":33},{"not_picked":["Blade Dance+1","Dagger Throw"],"picked":"Poisoned Stab","floor":35},{"not_picked":["Flying Knee+1","Dagger Spray"],"picked":"Distraction+1","floor":39},{"not_picked":["Terror","Quick Slash+1"],"picked":"Heel Hook","floor":40},{"not_picked":["Prepared+1","Underhanded Strike"],"picked":"Heel Hook+1","floor":41},{"not_picked":["PiercingWail+1","Bouncing Flask"],"picked":"Caltrops+1","floor":42},{"not_picked":["Eviscerate+1","Cloak And Dagger+1"],"picked":"A Thousand Cuts","floor":44},{"not_picked":["Prepared","Deflect+1"],"picked":"Envenom","floor":45},{"not_picked":["Outmaneuver+1","A Thousand Cuts"],"picked":"Prepared","floor":46},{"not_picked":["Infinite Blades+1","Finisher","Flying Knee+1"],"picked":"Singing Bowl","floor":47},{"not_picked":["Blade Dance+1","Deadly Poison+1"],"picked":"Cloak And Dagger","floor":48},{"not_picked":["Underhanded Strike","Poisoned Stab"],"picked":"Leg Sweep","floor":54}],"player_experience":4769488,"relics_obtained":[{"floor":6,"key":"Paper Crane"},{"floor":8,"key":"Anchor"},{"floor":9,"key":"Bronze Scales"},{"floor":14,"key":"Orichalcum"},{"floor":24,"key":"Snake Skull"},{"floor":28,"key":"Dodecahedron"},{"floor":30,"key":"WingedGreaves"},{"floor":40,"key":"Regal Pillow"},{"floor":41,"key":"Singing Bowl"},{"floor":43,"key":"Bottled Tornado"},{"floor":44,"key":"Shovel"},{"floor":45,"key":"Bag of Preparation"},{"floor":46,"key":"Bird Faced Urn"},{"floor":54,"key":"Strawberry"}],"event_choices":[{"damage_healed":0,"gold_gain":0,"player_choice":"Got Potions","damage_taken":0,"max_hp_gain":0,"max_hp_loss":0,"event_name":"Lab","floor":5,"gold_loss":0},{"damage_healed":0,"gold_gain":0,"player_choice":"Gave Potion","damage_taken":0,"relics_obtained":["Art of War"],"max_hp_gain":0,"max_hp_loss":0,"event_name":"WeMeetAgain","floor":19,"gold_loss":0},{"damage_healed":0,"gold_gain":100,"player_choice":"Pray","damage_taken":0,"max_hp_gain":0,"max_hp_loss":0,"event_name":"Golden Shrine","floor":37,"gold_loss":0}],"is_beta":true,"boss_relics":[{"not_picked":["Calling Bell","Astrolabe"],"picked":"Philosopher\u0027s Stone"},{"not_picked":["Eternal Feather","WristBlade"],"picked":"Coffee Dripper"}],"items_purged_floors":[36,38],"is_endless":false,"potions_floor_spawned":[3,4,8,12,13,21,24,29,33,35,45,46,47,48,54],"ascension_level":1}