{"gold_per_floor":[113,63,63,80,80,112,112,126,173,173,203,132,160,174,174,272,272,288,27,27,46,22,57,57,72,118,153,153,184,184,202,202,202],"floor_reached":33,"playtime":1013,"items_purged":[],"score":509,"play_id":"dac18a6d-c254-46c0-89c1-a21a26a20259","local_time":"20190217020230","is_ascension_mode":true,"campfire_choices":[{"data":"Juggernaut","floor":7,"key":"SMITH"},{"data":"Flex","floor":10,"key":"SMITH"},{"floor":15,"key":"REST"},{"data":"Inflame","floor":24,"key":"SMITH"},{"data":"Limit Break","floor":28,"key":"SMITH"},{"data":"Metallicize","floor":32,"key":"SMITH"}],"neow_cost":"NONE","seed_source_timestamp":217033964232161,"circlet_count":0,"master_deck":["Strike_R+1","Strike_R","Strike_R","Strike_R+1","Strike_R","Defend_R","Defend_R","Defend_R","Defend_R","Bash","Flex+1","Headbutt","Thunderclap","Juggernaut+1","Shrug It Off","Battle Trance","Metallicize+1","Cleave","Shockwave","Inflame+1","Impervious","Intimidate","Necronomicurse","Metallicize+1","Clothesline","Uppercut+1","Limit Break+1","Shame","Headbutt","Flex+1"],"relics":["Burning Blood","NeowsBlessing","Dream Catcher","Blood Vial","Paper Frog","Art of War","Cursed Key","Meat on the Bone","Necronomicon","Regal Pillow","Oddly Smooth Stone","Bag of Marbles","Pear"],"potions_floor_usage":[16,18,21,23,27,29,30,31,33],"damage_taken":[{"damage":0,"enemies":"2 Louse","floor":1,"turns":1},{"damage":0,"enemies":"Jaw Worm","floor":4,"turns":1},{"damage":0,"enemies":"3 Sentries","floor":6,"turns":1},{"damage":1,"enemies":"Cultist","floor":8,"turns":3},{"damage":24,"enemies":"Lagavulin","floor":11,"turns":6},{"damage":33,"enemies":"Gremlin Nob","floor":13,"turns":4},{"damage":14,"enemies":"3 Louse","floor":14,"turns":3},{"damage":15,"enemies":"Hexaghost","floor":16,"turns":7},{"damage":26,"enemies":"3 Byrds","floor":18,"turns":5},{"damage":0,"enemies":"Spheric Guardian","floor":21,"turns":3},{"damage":35,"enemies":"Gremlin Leader","floor":23,"turns":7},{"damage":23,"enemies":"Snake Plant","floor":25,"turns":3},{"damage":8,"enemies":"Slavers","floor":27,"turns":4},{"damage":42,"enemies":"Book of Stabbing","floor":29,"turns":6},{"damage":4,"enemies":"Shelled Parasite and Fungi","floor":31,"turns":3},{"damage":63,"enemies":"Collector","floor":33,"turns":7}],"seed_played":"-8225650559520076917","potions_obtained":[{"floor":4,"key":"Fire Potion"},{"floor":6,"key":"Energy Potion"},{"floor":13,"key":"Weak Potion"},{"floor":16,"key":"Fire Potion"},{"floor":18,"key":"Energy Potion"},{"floor":25,"key":"SteroidPotion"},{"floor":30,"key":"Fire Potion"},{"floor":30,"key":"BloodPotion"},{"floor":30,"key":"Fruit Juice"},{"floor":31,"key":"LiquidBronze"}],"is_trial":false,"path_per_floor":["M","$","?","M","?","E","R","M","T","R","E","$","E","M","R","B",null,"M","$","?","M","$","E","R","M","T","E","R","E","?","M","R","B"],"character_chosen":"IRONCLAD","items_purchased":["Headbutt","Metallicize","Meat on the Bone","Clothesline"],"campfire_rested":1,"item_purchase_floors":[2,12,19,22],"current_hp_per_floor":[78,78,78,80,64,70,70,75,75,75,59,59,34,28,52,45,71,53,53,37,57,57,42,42,39,39,51,51,39,44,57,57,0],"gold":202,"neow_bonus":"THREE_ENEMY_KILL","is_prod":false,"is_daily":false,"chose_seed":false,"campfire_upgraded":5,"win_rate":0,"timestamp":1550379750,"path_taken":["M","$","?","M","?","E","R","M","T","R","E","?","E","?","R","BOSS","M","$","?","M","$","E","R","M","T","E","R","E","?","?","R","BOSS"],"build_version":"2019-01-23","purchased_purges":0,"victory":false,"max_hp_per_floor":[80,80,80,80,80,80,80,80,80,80,80,80,80,80,80,80,80,80,80,80,80,80,80,80,80,80,80,80,90,95,95,95,95],"card_choices":[{"not_picked":["Burning Pact","Twin Strike"],"picked":"Flex","floor":1},{"not_picked":["Searing Blow","Twin Strike"],"picked":"Thunderclap","floor":4},{"not_picked":["Sentinel","Evolve"],"picked":"Juggernaut","floor":6},{"not_picked":["Twin Strike","True Grit"],"picked":"Shrug It Off","floor":8},{"not_picked":["Barricade","Reckless Charge"],"picked":"Battle Trance","floor":11},{"not_picked":["Whirlwind","Ghostly Armor"],"picked":"Cleave","floor":13},{"not_picked":["Wild Strike","Shrug It Off"],"picked":"Shockwave","floor":14},{"not_picked":["Perfected Strike","Second Wind"],"picked":"Inflame","floor":15},{"not_picked":["Double Tap","Brutality"],"picked":"Impervious","floor":16},{"not_picked":["Body Slam","Seeing Red"],"picked":"Intimidate","floor":18},{"not_picked":["Corruption","Rampage"],"picked":"Metallicize+1","floor":21},{"not_picked":["Pommel Strike+1","Thunderclap+1"],"picked":"Uppercut+1","floor":23},{"not_picked":["Blood for Blood+1","Headbutt"],"picked":"Limit Break","floor":25},{"not_picked":["Corruption","Iron Wave"],"picked":"Headbutt","floor":27},{"not_picked":["Combust","Seeing Red"],"picked":"Flex+1","floor":29},{"not_picked":["Feel No Pain","Searing Blow","Pommel Strike"],"picked":"SKIP","floor":31}],"player_experience":784853,"relics_obtained":[{"floor":6,"key":"Dream Catcher"},{"floor":9,"key":"Blood Vial"},{"floor":11,"key":"Paper Frog"},{"floor":13,"key":"Art of War"},{"floor":20,"key":"Necronomicon"},{"floor":23,"key":"Regal Pillow"},{"floor":26,"key":"Oddly Smooth Stone"},{"floor":27,"key":"Bag of Marbles"},{"floor":29,"key":"Pear"}],"event_choices":[{"damage_healed":0,"gold_gain":0,"player_choice":"Leave","damage_taken":0,"max_hp_gain":0,"max_hp_loss":0,"event_name":"The Cleric","floor":3,"gold_loss":0},{"damage_healed":0,"gold_gain":0,"player_choice":"Entered Light","damage_taken":16,"max_hp_gain":0,"max_hp_loss":0,"event_name":"Shining Light","floor":5,"gold_loss":0,"cards_upgraded":["Strike_R","Strike_R"]},{"damage_healed":0,"gold_gain":0,"player_choice":"Obtained Book","damage_taken":16,"max_hp_gain":0,"max_hp_loss":0,"event_name":"Cursed Tome","floor":20,"gold_loss":0},{"damage_healed":0,"gold_gain":0,"player_choice":"Got Potions","damage_taken":0,"max_hp_gain":0,"max_hp_loss":0,"event_name":"Lab","floor":30,"gold_loss":0}],"is_beta":false,"boss_relics":[{"not_picked":["Fusion Hammer","Lizard Tail"],"picked":"Cursed Key"}],"items_purged_floors":[],"is_endless":false,"potions_floor_spawned":[4,6,13,16,18,25,31],"killed_by":"Collector","ascension_level":8}