{"gold_per_floor":[115,115,20,35,53,80,80,96,148,179,189,189,219,232,232,328,328,338,350,16,16,32,32],"floor_reached":23,"playtime":888,"items_purged":[],"score":277,"play_id":"2bfbd72e-3c8e-4ee0-9db2-4cb216646b82","local_time":"20190506115418","is_ascension_mode":true,"campfire_choices":[{"data":"Shrug It Off","floor":7,"key":"SMITH"},{"floor":12,"key":"REST"},{"floor":15,"key":"REST"}],"neow_cost":"NONE","seed_source_timestamp":76471377873300,"circlet_count":0,"master_deck":["Strike_R","Strike_R","Strike_R","Strike_R","Defend_R","Defend_R","Defend_R","Defend_R","Bash","Sword Boomerang","Warcry","Shrug It Off+1","Flex","Flex","Sword Boomerang","Pommel Strike","Thunderclap","Cleave","Flame Barrier","Ghostly Armor","Barricade+1","Sword Boomerang","Body Slam+1","Rampage"],"relics":["Burning Blood","Frozen Egg 2","Orichalcum","Boot","Mummified Hand","Mark of Pain","Membership Card","Gremlin Horn"],"potions_floor_usage":[10,10,16,19,22,22],"damage_taken":[{"damage":12,"enemies":"Jaw Worm","floor":1,"turns":3},{"damage":6,"enemies":"Cultist","floor":4,"turns":3},{"damage":0,"enemies":"2 Louse","floor":5,"turns":2},{"damage":23,"enemies":"Gremlin Nob","floor":6,"turns":4},{"damage":25,"enemies":"Lots of Slimes","floor":8,"turns":5},{"damage":21,"enemies":"Lagavulin","floor":10,"turns":5},{"damage":7,"enemies":"2 Fungi Beasts","floor":11,"turns":3},{"damage":25,"enemies":"Gremlin Nob","floor":13,"turns":4},{"damage":3,"enemies":"Large Slime","floor":14,"turns":3},{"damage":22,"enemies":"Slime Boss","floor":16,"turns":8},{"damage":0,"enemies":"3 Byrds","floor":18,"turns":5},{"damage":14,"enemies":"Shell Parasite","floor":19,"turns":6},{"damage":34,"enemies":"Snake Plant","floor":22,"turns":5},{"damage":72,"enemies":"Gremlin Leader","floor":23,"turns":7}],"seed_played":"-4247823240252001700","potions_obtained":[{"floor":4,"key":"EssenceOfSteel"},{"floor":8,"key":"Energy Potion"},{"floor":13,"key":"LiquidBronze"},{"floor":14,"key":"Explosive Potion"},{"floor":16,"key":"Regen Potion"},{"floor":18,"key":"AttackPotion"},{"floor":21,"key":"Fruit Juice"},{"floor":21,"key":"SteroidPotion"}],"is_trial":false,"path_per_floor":["M","?","$","M","M","E","R","M","T","E","M","R","E","M","R","B",null,"M","M","$","?","M","E"],"character_chosen":"IRONCLAD","items_purchased":["Shrug It Off","Flex","Membership Card","Gremlin Horn"],"campfire_rested":2,"item_purchase_floors":[3,3,20,20],"current_hp_per_floor":[66,66,66,66,72,55,55,36,36,21,20,44,25,28,52,36,69,75,67,67,67,56,0],"gold":32,"neow_bonus":"THREE_CARDS","is_prod":false,"is_daily":false,"chose_seed":false,"campfire_upgraded":1,"win_rate":0,"timestamp":1557158058,"path_taken":["M","?","$","?","M","E","R","M","T","E","M","R","E","M","R","BOSS","M","M","$","?","?","E"],"build_version":"2019-01-23","purchased_purges":0,"victory":false,"max_hp_per_floor":[80,80,80,80,80,80,80,80,80,80,80,80,80,80,80,80,80,80,80,80,80,85,85],"card_choices":[{"not_picked":["Blood for Blood","Clash"],"picked":"Sword Boomerang","floor":0},{"not_picked":["Clash","Shockwave"],"picked":"Warcry","floor":1},{"not_picked":["Fire Breathing","Burning Pact"],"picked":"Flex","floor":4},{"not_picked":["Havoc","Corruption","Clash"],"picked":"SKIP","floor":5},{"not_picked":["Havoc","Warcry"],"picked":"Sword Boomerang","floor":6},{"not_picked":["Blood for Blood","Anger"],"picked":"Pommel Strike","floor":8},{"not_picked":["Shockwave","Sentinel"],"picked":"Thunderclap","floor":10},{"not_picked":["Havoc","Reckless Charge"],"picked":"Cleave","floor":11},{"not_picked":["Pommel Strike","Sever Soul"],"picked":"Flame Barrier","floor":13},{"not_picked":["Warcry","Shockwave"],"picked":"Ghostly Armor","floor":14},{"not_picked":["Juggernaut+1","Bludgeon"],"picked":"Barricade+1","floor":16},{"not_picked":["Rampage","Clothesline"],"picked":"Sword Boomerang","floor":18},{"not_picked":["Pommel Strike","Headbutt"],"picked":"Body Slam+1","floor":19},{"not_picked":["Flex","Havoc+1"],"picked":"Rampage","floor":22}],"player_experience":158039,"relics_obtained":[{"floor":6,"key":"Frozen Egg 2"},{"floor":9,"key":"Orichalcum"},{"floor":10,"key":"Boot"},{"floor":13,"key":"Mummified Hand"}],"event_choices":[{"cards_removed":["Strike_R"],"damage_healed":0,"gold_gain":0,"player_choice":"Purged","damage_taken":0,"max_hp_gain":0,"max_hp_loss":0,"event_name":"Purifier","floor":2,"gold_loss":0},{"damage_healed":0,"gold_gain":0,"player_choice":"Got Potions","damage_taken":0,"max_hp_gain":0,"max_hp_loss":0,"event_name":"Lab","floor":21,"gold_loss":0}],"is_beta":false,"boss_relics":[{"not_picked":["Empty Cage","Black Star"],"picked":"Mark of Pain"}],"items_purged_floors":[],"is_endless":false,"potions_floor_spawned":[4,8,13,14,16,18],"killed_by":"Gremlin Leader","ascension_level":6}