{"gold_per_floor":[115,115,38,57,71,102,113,46,69,69,103,121,296,310,310,310],"floor_reached":16,"playtime":900,"items_purged":[],"score":134,"play_id":"c71e1596-c89f-4727-a8b3-ec303c7831c6","local_time":"20181231215027","is_ascension_mode":true,"campfire_choices":[{"floor":10,"key":"REST"},{"floor":15,"key":"REST"}],"neow_cost":"NONE","seed_source_timestamp":868723593978910,"circlet_count":0,"master_deck":["Defend_G","Defend_G","Defend_G","Defend_G","Defend_G","Strike_G","Strike_G","Strike_G","Strike_G","Strike_G","Survivor","Neutralize","Finesse","Riddle With Holes","After Image","Skewer","After Image","Backflip","Dagger Spray","Die Die Die","Deadly Poison","Flechettes","Deflect"],"relics":["Ring of the Snake","Blood Vial","Omamori","Boot","Mango"],"potions_floor_usage":[16,16],"damage_taken":[{"damage":18,"enemies":"Jaw Worm","floor":1,"turns":9},{"damage":0,"enemies":"Small Slimes","floor":4,"turns":3},{"damage":0,"enemies":"2 Louse","floor":5,"turns":3},{"damage":31,"enemies":"Lagavulin","floor":6,"turns":10},{"damage":2,"enemies":"Looter","floor":7,"turns":4},{"damage":18,"enemies":"Gremlin Nob","floor":11,"turns":5},{"damage":5,"enemies":"Blue Slaver","floor":12,"turns":4},{"damage":13,"enemies":"Exordium Thugs","floor":14,"turns":5},{"damage":56,"enemies":"Hexaghost","floor":16,"turns":11}],"seed_played":"-2010715108816855539","potions_obtained":[{"floor":5,"key":"Fire Potion"},{"floor":7,"key":"PowerPotion"},{"floor":11,"key":"Swift Potion"}],"is_trial":false,"path_per_floor":["M","?","$","M","M","E","M","$","T","R","E","M","?","M","R","B"],"character_chosen":"THE_SILENT","items_purchased":["After Image","Die Die Die"],"campfire_rested":2,"item_purchase_floors":[3,8],"current_hp_per_floor":[52,45,45,47,49,20,20,20,20,41,39,36,36,25,50,0],"gold":310,"neow_bonus":"RANDOM_COLORLESS","is_prod":false,"is_daily":false,"chose_seed":false,"campfire_upgraded":0,"win_rate":0,"timestamp":1546303827,"path_taken":["M","?","$","M","M","E","M","$","T","R","E","M","?","M","R","BOSS"],"build_version":"2018-12-20","purchased_purges":0,"victory":false,"max_hp_per_floor":[70,70,70,70,70,70,70,70,70,70,84,84,84,84,84,84],"card_choices":[{"not_picked":["PiercingWail","Deflect"],"picked":"Riddle With Holes","floor":1},{"not_picked":["Dagger Throw","Sucker Punch"],"picked":"Skewer","floor":4},{"not_picked":["Dodge and Roll","Quick Slash"],"picked":"After Image","floor":5},{"not_picked":["Underhanded Strike","Outmaneuver"],"picked":"Backflip","floor":6},{"not_picked":["Flechettes","Backflip"],"picked":"Dagger Spray","floor":7},{"not_picked":["Backflip","Acrobatics"],"picked":"Deadly Poison","floor":11},{"not_picked":["Dodge and Roll","Tactician"],"picked":"Flechettes","floor":12},{"not_picked":["Underhanded Strike","Distraction"],"picked":"Deflect","floor":14}],"player_experience":594225,"relics_obtained":[{"floor":6,"key":"Omamori"},{"floor":9,"key":"Boot"},{"floor":11,"key":"Mango"}],"event_choices":[{"damage_healed":0,"gold_gain":0,"player_choice":"Success","damage_taken":7,"relics_obtained":["Blood Vial"],"max_hp_gain":0,"max_hp_loss":0,"event_name":"Scrap Ooze","floor":2,"gold_loss":0},{"damage_healed":0,"gold_gain":175,"player_choice":"AGREE","damage_taken":0,"max_hp_gain":0,"max_hp_loss":0,"event_name":"Liars Game","floor":13,"gold_loss":0,"cards_obtained":["Doubt"]}],"is_beta":false,"boss_relics":[],"items_purged_floors":[],"is_endless":false,"potions_floor_spawned":[5,7,11,14],"killed_by":"Hexaghost","ascension_level":4}