{"gold_per_floor":[116,116,127,127,145,145,165,178,202,40,56,136,136,150,150,245,295,307,40,40,40,40,40,57,57],"floor_reached":25,"playtime":955,"items_purged":["Strike_R","Strike_R"],"score":193,"play_id":"0493e6e0-9493-4645-bd3b-e54160009924","local_time":"20190514205919","is_ascension_mode":false,"campfire_choices":[{"data":"Heavy Blade","floor":6,"key":"SMITH"},{"data":"Enlightenment","floor":13,"key":"SMITH"},{"data":"Double Tap","floor":15,"key":"SMITH"},{"data":"Rupture","floor":23,"key":"SMITH"}],"neow_cost":"NONE","seed_source_timestamp":123637299244800,"circlet_count":0,"master_deck":["Strike_R+1","Strike_R","Strike_R","Defend_R","Defend_R","Defend_R","Defend_R","Bash","Flex+1","Anger","Thunderclap","Heavy Blade+1","Shrug It Off","Pommel Strike","Enlightenment+1","Flame Barrier","Double Tap+1","Hemokinesis","Rupture+1","Dark Shackles","Writhe"],"relics":["Burning Blood","Ancient Tea Set","Tiny House","Anchor"],"potions_floor_usage":[16,24,24],"damage_taken":[{"damage":6,"enemies":"2 Louse","floor":1,"turns":3},{"damage":1,"enemies":"Cultist","floor":3,"turns":3},{"damage":6,"enemies":"Jaw Worm","floor":5,"turns":3},{"damage":14,"enemies":"Blue Slaver","floor":7,"turns":4},{"damage":0,"enemies":"Exordium Wildlife","floor":8,"turns":2},{"damage":9,"enemies":"2 Fungi Beasts","floor":11,"turns":3},{"damage":7,"enemies":"Blue Slaver","floor":14,"turns":3},{"damage":21,"enemies":"Slime Boss","floor":16,"turns":8},{"damage":25,"enemies":"2 Thieves","floor":18,"turns":3},{"damage":17,"enemies":"Shell Parasite","floor":24,"turns":5},{"damage":60,"enemies":"Slavers","floor":25,"turns":3}],"seed_played":"-8882171161034761116","potions_obtained":[{"floor":1,"key":"Ancient Potion"},{"floor":4,"key":"Explosive Potion"},{"floor":4,"key":"Poison Potion"},{"floor":17,"key":"FearPotion"},{"floor":18,"key":"Fruit Juice"},{"floor":24,"key":"EntropicBrew"}],"is_trial":false,"path_per_floor":["M","?","M","?","M","R","M","M","T","$","M","?","R","M","R","B",null,"M","$","?","?","?","R","M","E"],"character_chosen":"IRONCLAD","items_purchased":["Enlightenment","Rupture","Dark Shackles"],"campfire_rested":0,"item_purchase_floors":[10,19,19],"current_hp_per_floor":[80,80,80,80,80,80,72,78,78,78,75,75,75,74,74,59,85,66,66,66,66,66,66,60,0],"gold":57,"neow_bonus":"THREE_CARDS","is_prod":false,"is_daily":false,"chose_seed":false,"campfire_upgraded":4,"win_rate":0.0,"timestamp":1557838759,"path_taken":["M","?","M","?","M","R","?","M","T","$","M","?","R","M","R","BOSS","M","$","?","?","?","R","M","E"],"build_version":"2019-01-23","purchased_purges":2,"victory":false,"max_hp_per_floor":[80,80,80,80,80,80,80,80,80,80,80,80,80,80,80,80,85,85,85,85,85,85,85,90,90],"card_choices":[{"not_picked":["True Grit","Disarm"],"picked":"Flex","floor":0},{"not_picked":["Evolve","True Grit"],"picked":"Anger","floor":1},{"not_picked":["Twin Strike","Pommel Strike"],"picked":"Thunderclap","floor":3},{"not_picked":["Body Slam","Pummel"],"picked":"Heavy Blade","floor":5},{"not_picked":["Entrench","Twin Strike"],"picked":"Shrug It Off","floor":7},{"not_picked":["Thunderclap","Flex"],"picked":"Pommel Strike","floor":8},{"not_picked":["Blood for Blood","Clothesline"],"picked":"Flame Barrier","floor":11},{"not_picked":["Seeing Red","Warcry"],"picked":"Double Tap","floor":14},{"not_picked":["Shockwave","Iron Wave"],"picked":"Hemokinesis","floor":17},{"not_picked":["Sword Boomerang+1","Wild Strike","Iron Wave"],"picked":"SKIP","floor":18},{"not_picked":["Reckless Charge","Armaments","Corruption"],"picked":"SKIP","floor":24}],"player_experience":10012,"relics_obtained":[{"floor":9,"key":"Ancient Tea Set"}],"event_choices":[{"damage_healed":0,"gold_gain":0,"player_choice":"Grow","damage_taken":0,"max_hp_gain":0,"max_hp_loss":0,"event_name":"Living Wall","floor":2,"gold_loss":0,"cards_upgraded":["Flex"]},{"damage_healed":0,"gold_gain":0,"player_choice":"Got Potions","damage_taken":0,"max_hp_gain":0,"max_hp_loss":0,"event_name":"Lab","floor":4,"gold_loss":0},{"damage_healed":0,"gold_gain":80,"player_choice":"Gained Gold","damage_taken":0,"max_hp_gain":0,"max_hp_loss":0,"event_name":"Golden Wing","floor":12,"gold_loss":0},{"damage_healed":0,"gold_gain":0,"player_choice":"Ignored","damage_taken":0,"max_hp_gain":0,"max_hp_loss":0,"event_name":"Cursed Tome","floor":20,"gold_loss":0},{"damage_healed":0,"gold_gain":0,"player_choice":"Opened","damage_taken":0,"relics_obtained":["Anchor"],"max_hp_gain":0,"max_hp_loss":0,"event_name":"The Mausoleum","floor":21,"gold_loss":0,"cards_obtained":["Writhe"]},{"damage_healed":0,"gold_gain":0,"player_choice":"Ignored","damage_taken":0,"max_hp_gain":0,"max_hp_loss":0,"event_name":"Ghosts","floor":22,"gold_loss":0}],"is_beta":false,"boss_relics":[{"not_picked":["Cursed Key","Runic Dome"],"picked":"Tiny House"}],"items_purged_floors":[10,19],"is_endless":false,"potions_floor_spawned":[1,5,11,18,24],"killed_by":"Slavers","ascension_level":0}