{"gold_per_floor":[117,42,42,54,64,64,82,82,82,117,43,43,71,90,90,163,163,183,183,183,22,42,42,52,52,79,179,179,56,74,106,106,180,180,193,8,108,108,33,33,58,68,68,79,79,107,122,122,122,122,122],"floor_reached":51,"playtime":3114,"items_purged":["Deadly Poison"],"score":1437,"play_id":"9a540eda-bf13-4052-a80f-c550671e4bce","local_time":"20190504113458","is_ascension_mode":true,"campfire_choices":[{"data":"Predator","floor":6,"key":"SMITH"},{"data":"Neutralize","floor":8,"key":"SMITH"},{"data":"Bouncing Flask","floor":12,"key":"SMITH"},{"data":"Well Laid Plans","floor":15,"key":"SMITH"},{"data":"Bite","floor":23,"key":"SMITH"},{"data":"Bite","floor":25,"key":"SMITH"},{"data":"Bite","floor":28,"key":"SMITH"},{"data":"Footwork","floor":32,"key":"SMITH"},{"data":"Footwork","floor":40,"key":"SMITH"},{"data":"1","floor":45,"key":"LIFT"},{"floor":49,"key":"REST"}],"neow_cost":"NONE","seed_source_timestamp":517636153257139,"circlet_count":0,"master_deck":["AscendersBane","Defend_G","Defend_G","Defend_G","Defend_G","Defend_G","Survivor","Neutralize+1","Bouncing Flask+1","Predator+1","Well Laid Plans+1","Catalyst+1","Blur+1","Deadly Poison+1","Deadly Poison+1","Die Die Die","Dodge and Roll+1","Bite+1","Bite+1","Bite+1","Bite","Bite","Footwork+1","Quick Slash","Blur+1","Footwork+1"],"relics":["Ring of the Snake","NlothsMask","Toxic Egg 2","Dead Branch","Busted Crown","Anchor","Pen Nib","StoneCalendar","Bottled Lightning","Lantern","Cursed Key","Girya","Mummified Hand","Vajra"],"potions_floor_usage":[10,16,16,27,33,33,36,41,41,47,50,51],"damage_taken":[{"damage":1,"enemies":"Small Slimes","floor":1,"turns":4},{"damage":0,"enemies":"Cultist","floor":4,"turns":4},{"damage":2,"enemies":"Jaw Worm","floor":5,"turns":5},{"damage":6,"enemies":"Looter","floor":7,"turns":3},{"damage":20,"enemies":"Lagavulin","floor":10,"turns":5},{"damage":10,"enemies":"Gremlin Nob","floor":13,"turns":3},{"damage":0,"enemies":"Blue Slaver","floor":14,"turns":5},{"damage":11,"enemies":"Slime Boss","floor":16,"turns":8},{"damage":18,"enemies":"2 Thieves","floor":18,"turns":4},{"damage":7,"enemies":"Shell Parasite","floor":22,"turns":4},{"damage":13,"enemies":"Snecko","floor":24,"turns":4},{"damage":9,"enemies":"Colosseum Slavers","floor":27,"turns":7},{"damage":15,"enemies":"Colosseum Nobs","floor":27,"turns":5},{"damage":9,"enemies":"Sentry and Sphere","floor":30,"turns":5},{"damage":25,"enemies":"Slavers","floor":31,"turns":7},{"damage":23,"enemies":"Automaton","floor":33,"turns":10},{"damage":10,"enemies":"Orb Walker","floor":35,"turns":3},{"damage":0,"enemies":"Mind Bloom Boss Battle","floor":37,"turns":7},{"damage":31,"enemies":"Reptomancer","floor":41,"turns":6},{"damage":0,"enemies":"3 Shapes","floor":42,"turns":3},{"damage":0,"enemies":"Maw","floor":44,"turns":5},{"damage":39,"enemies":"Giant Head","floor":46,"turns":7},{"damage":17,"enemies":"Jaw Worm Horde","floor":47,"turns":5},{"damage":11,"enemies":"Donu and Deca","floor":50,"turns":7},{"damage":64,"enemies":"Awakened One","floor":51,"turns":5}],"seed_played":"9011316453563116669","potions_obtained":[{"floor":1,"key":"Energy Potion"},{"floor":5,"key":"SpeedPotion"},{"floor":7,"key":"PowerPotion"},{"floor":13,"key":"Dexterity Potion"},{"floor":24,"key":"FearPotion"},{"floor":30,"key":"GamblersBrew"},{"floor":31,"key":"Dexterity Potion"},{"floor":33,"key":"Fruit Juice"},{"floor":35,"key":"Fire Potion"},{"floor":41,"key":"SteroidPotion"},{"floor":46,"key":"EssenceOfSteel"},{"floor":47,"key":"Swift Potion"}],"is_trial":false,"path_per_floor":["M","?","?","M","M","R","M","R","T","E","$","R","E","M","R","B",null,"M","?","?","$","M","R","M","R","T","?","R","$","M","E","R","B",null,"M","$","?","?","$","R","E","M","T","M","R","E","M","?","R","B","B"],"character_chosen":"THE_SILENT","items_purchased":["Blur+1","Anchor","Footwork","GamblersBrew","Blur+1","Footwork","PowerPotion"],"campfire_rested":1,"item_purchase_floors":[11,21,29,29,36,36,36],"current_hp_per_floor":[64,64,64,64,62,62,56,56,56,36,36,36,26,26,26,15,58,40,40,40,40,43,43,35,35,35,42,42,42,48,37,37,36,47,40,45,55,55,55,55,37,44,44,55,55,20,19,19,35,39,0],"gold":122,"neow_bonus":"TEN_PERCENT_HP_BONUS","is_prod":false,"is_daily":false,"chose_seed":false,"campfire_upgraded":9,"win_rate":0,"timestamp":1556966098,"path_taken":["M","?","?","?","M","R","M","R","T","E","$","R","E","M","R","BOSS","M","?","?","$","M","R","M","R","T","?","R","?","M","E","R","BOSS","M","$","?","?","?","R","E","M","T","M","R","E","M","?","R","BOSS","BOSS"],"build_version":"2019-04-23","purchased_purges":1,"victory":false,"max_hp_per_floor":[72,72,72,72,72,72,72,72,72,72,72,72,72,72,72,72,72,72,50,50,50,50,50,50,50,50,50,50,50,50,50,50,50,50,50,55,55,55,55,55,55,55,55,55,55,55,55,55,55,55,55],"card_choices":[{"not_picked":["Setup","Slice"],"picked":"Bouncing Flask","floor":1},{"not_picked":["Quick Slash","Distraction"],"picked":"Predator","floor":4},{"not_picked":["Leg Sweep","PiercingWail"],"picked":"Well Laid Plans","floor":5},{"not_picked":["Blade Dance","Dodge and Roll"],"picked":"Deadly Poison","floor":7},{"not_picked":["Backflip","Outmaneuver"],"picked":"Catalyst","floor":10},{"not_picked":["Outmaneuver+1","Distraction+1"],"picked":"Deadly Poison+1","floor":13},{"not_picked":["Flechettes","Accuracy"],"picked":"Deadly Poison+1","floor":14},{"not_picked":["Phantasmal Killer+1","Tools of the Trade"],"picked":"Die Die Die","floor":16},{"not_picked":[],"picked":"Dodge and Roll+1","floor":18},{"not_picked":["Heel Hook"],"picked":"SKIP","floor":22},{"not_picked":["Blade Dance+1"],"picked":"SKIP","floor":24},{"not_picked":["Flechettes"],"picked":"SKIP","floor":30},{"not_picked":["Slice"],"picked":"SKIP","floor":31},{"not_picked":[],"picked":"Quick Slash","floor":35},{"not_picked":["Concentrate+1"],"picked":"SKIP","floor":41},{"not_picked":["Distraction+1"],"picked":"SKIP","floor":42},{"not_picked":["Dagger Throw+1"],"picked":"SKIP","floor":44},{"not_picked":["Reflex+1"],"picked":"SKIP","floor":46},{"not_picked":["Infinite Blades"],"picked":"SKIP","floor":47}],"player_experience":1294081,"relics_obtained":[{"floor":10,"key":"Toxic Egg 2"},{"floor":13,"key":"Dead Branch"},{"floor":26,"key":"Pen Nib"},{"floor":27,"key":"StoneCalendar"},{"floor":27,"key":"Bottled Lightning"},{"floor":31,"key":"Lantern"},{"floor":37,"key":"Girya"},{"floor":41,"key":"Mummified Hand"},{"floor":46,"key":"Vajra"}],"event_choices":[{"cards_removed":["Strike_G"],"damage_healed":0,"gold_gain":0,"player_choice":"Card Removal","damage_taken":0,"max_hp_gain":0,"max_hp_loss":0,"event_name":"The Cleric","floor":2,"gold_loss":75},{"damage_healed":0,"gold_gain":0,"player_choice":"Trade","damage_taken":0,"relics_obtained":["NlothsMask"],"max_hp_gain":0,"max_hp_loss":0,"event_name":"FaceTrader","floor":3,"gold_loss":0},{"damage_healed":0,"gold_gain":0,"player_choice":"Became a vampire","damage_taken":0,"max_hp_gain":0,"max_hp_loss":22,"event_name":"Vampires","floor":19,"gold_loss":0,"cards_obtained":["Bite","Bite","Bite","Bite","Bite"]},{"damage_healed":0,"gold_gain":0,"player_choice":"Ignored","damage_taken":0,"max_hp_gain":0,"max_hp_loss":0,"event_name":"The Mausoleum","floor":20,"gold_loss":0},{"damage_healed":0,"gold_gain":0,"player_choice":"Fight","damage_taken":0,"max_hp_gain":0,"max_hp_loss":0,"event_name":"Colosseum","floor":27,"gold_loss":0},{"damage_healed":0,"gold_gain":0,"player_choice":"Fought Nobs","damage_taken":0,"max_hp_gain":0,"max_hp_loss":0,"event_name":"Colosseum","floor":27,"gold_loss":0},{"damage_healed":0,"gold_gain":0,"player_choice":"Fight","damage_taken":0,"max_hp_gain":0,"max_hp_loss":0,"event_name":"MindBloom","floor":37,"gold_loss":0},{"damage_healed":0,"gold_gain":0,"player_choice":"Ignored","damage_taken":0,"max_hp_gain":0,"max_hp_loss":0,"event_name":"Mysterious Sphere","floor":38,"gold_loss":0},{"damage_healed":0,"gold_gain":0,"player_choice":"Ignored","damage_taken":0,"max_hp_gain":0,"max_hp_loss":0,"event_name":"SecretPortal","floor":48,"gold_loss":0}],"is_beta":true,"boss_relics":[{"not_picked":["Coffee Dripper","WristBlade"],"picked":"Busted Crown"},{"not_picked":["Tiny House","Velvet Choker"],"picked":"Cursed Key"}],"items_purged_floors":[39],"is_endless":false,"potions_floor_spawned":[1,5,7,13,24,27,30,31,33,35,41,46,47],"killed_by":"Awakened One","ascension_level":20}