{"gold_per_floor":[115,115,190,209,209,239,239,249,249,261,286,298,338,350,362,374],"floor_reached":16,"playtime":619,"items_purged":[],"score":184,"play_id":"59f676a9-7ed4-4bf9-bf00-7347474490bc","local_time":"20190427014943","is_ascension_mode":true,"campfire_choices":[{"floor":7,"key":"REST"},{"floor":12,"key":"REST"},{"floor":15,"key":"REST"}],"neow_cost":"PERCENT_DAMAGE","seed_source_timestamp":1339155118687541,"circlet_count":0,"master_deck":["AscendersBane","Defend_G","Defend_G","Defend_G","Defend_G","Defend_G","Strike_G","Strike_G","Strike_G","Strike_G","Survivor","Neutralize+1","Infinite Blades","All Out Attack","Prepared","Underhanded Strike","Acrobatics","Eviscerate"],"relics":["Ring of the Snake","Tough Bandages","Frozen Egg 2","MawBank","Blood Vial","Incense Burner"],"potions_floor_usage":[13],"damage_taken":[{"damage":0,"enemies":"2 Louse","floor":1,"turns":3},{"damage":2,"enemies":"Jaw Worm","floor":4,"turns":5},{"damage":21,"enemies":"Gremlin Nob","floor":6,"turns":5},{"damage":0,"enemies":"Cultist","floor":8,"turns":4},{"damage":0,"enemies":"Large Slime","floor":11,"turns":6},{"damage":4,"enemies":"3 Sentries","floor":13,"turns":6},{"damage":33,"enemies":"The Guardian","floor":16,"turns":8}],"seed_played":"-8382080157500276011","potions_obtained":[{"floor":4,"key":"Fire Potion"},{"floor":6,"key":"EssenceOfSteel"},{"floor":13,"key":"SmokeBomb"}],"is_trial":false,"path_per_floor":["M","?","?","M","?","E","R","M","T","$","M","R","E","?","R","B"],"character_chosen":"THE_SILENT","items_purchased":[],"campfire_rested":3,"item_purchase_floors":[],"current_hp_per_floor":[44,37,26,24,24,3,22,22,22,22,22,41,37,12,31,0],"gold":374,"neow_bonus":"ONE_RARE_RELIC","is_prod":false,"is_daily":false,"chose_seed":false,"campfire_upgraded":0,"win_rate":0,"timestamp":1556340583,"path_taken":["M","?","?","M","?","E","R","?","T","$","M","R","E","?","R","BOSS"],"build_version":"2019-01-23","purchased_purges":0,"victory":false,"max_hp_per_floor":[66,66,66,66,66,66,66,66,66,66,66,66,66,66,66,66],"card_choices":[{"not_picked":["Outmaneuver","Poisoned Stab"],"picked":"Infinite Blades","floor":1},{"not_picked":["Outmaneuver","Calculated Gamble"],"picked":"All Out Attack","floor":4},{"not_picked":["Blade Dance","Underhanded Strike"],"picked":"Prepared","floor":6},{"not_picked":["Bane","Eviscerate"],"picked":"Underhanded Strike","floor":8},{"not_picked":["Choke","Cloak And Dagger"],"picked":"Acrobatics","floor":11},{"not_picked":["Expertise","Grand Finale"],"picked":"Eviscerate","floor":13}],"player_experience":1227257,"relics_obtained":[{"floor":6,"key":"Frozen Egg 2"},{"floor":9,"key":"MawBank"},{"floor":13,"key":"Blood Vial"}],"event_choices":[{"cards_removed":["Strike_G"],"damage_healed":0,"gold_gain":0,"player_choice":"Card Removal","damage_taken":7,"max_hp_gain":0,"max_hp_loss":0,"event_name":"Golden Wing","floor":2,"gold_loss":0},{"damage_healed":0,"gold_gain":75,"player_choice":"Gather Gold","damage_taken":11,"max_hp_gain":0,"max_hp_loss":0,"event_name":"World of Goop","floor":3,"gold_loss":0},{"damage_healed":0,"gold_gain":0,"player_choice":"Grow","damage_taken":0,"max_hp_gain":0,"max_hp_loss":0,"event_name":"Living Wall","floor":5,"gold_loss":0,"cards_upgraded":["Neutralize"]},{"damage_healed":0,"gold_gain":0,"player_choice":"Success","damage_taken":25,"relics_obtained":["Incense Burner"],"max_hp_gain":0,"max_hp_loss":0,"event_name":"Scrap Ooze","floor":14,"gold_loss":0}],"is_beta":false,"boss_relics":[],"items_purged_floors":[],"is_endless":false,"potions_floor_spawned":[4,6,13],"killed_by":"The Guardian","ascension_level":14}