{"gold_per_floor":[115,132,152,77,77,105,133,162,247,434,476,488,500],"floor_reached":13,"playtime":2540,"items_purged":["Strike_B"],"score":95,"play_id":"066f2649-cde4-4756-bd88-432eda9fa770","local_time":"20190511201519","is_ascension_mode":false,"campfire_choices":[{"data":"Zap","floor":12,"key":"SMITH"}],"neow_cost":"NONE","seed_source_timestamp":195074998348517,"circlet_count":0,"master_deck":["Strike_B","Strike_B","Defend_B","Defend_B","Defend_B","Defend_B","Zap+1","Dualcast","Chill","Capacitor","Coolheaded","Doubt","Echo Form"],"relics":["Cracked Core","NeowsBlessing","MawBank","Bottled Tornado","Thread and Needle"],"potions_floor_usage":[6,6,7,11],"damage_taken":[{"damage":0,"enemies":"2 Louse","floor":1,"turns":1},{"damage":0,"enemies":"Cultist","floor":2,"turns":1},{"damage":0,"enemies":"Jaw Worm","floor":3,"turns":1},{"damage":13,"enemies":"3 Sentries","floor":6,"turns":10},{"damage":14,"enemies":"Large Slime","floor":7,"turns":6},{"damage":37,"enemies":"Exordium Thugs","floor":8,"turns":9},{"damage":10,"enemies":"Lagavulin","floor":11,"turns":13}],"seed_played":"3242115292438875100","potions_obtained":[{"floor":2,"key":"Strength Potion"},{"floor":3,"key":"Fire Potion"},{"floor":6,"key":"Strength Potion"},{"floor":8,"key":"GamblersBrew"}],"is_trial":false,"path_per_floor":["M","M","M","$","?","E","M","M","T","?","E","R","?"],"character_chosen":"DEFECT","items_purchased":[],"campfire_rested":0,"item_purchase_floors":[],"current_hp_per_floor":[75,75,75,75,75,62,48,11,11,11,1,1,0],"gold":500,"neow_bonus":"THREE_ENEMY_KILL","is_prod":false,"is_daily":false,"chose_seed":false,"campfire_upgraded":1,"win_rate":0.0,"timestamp":1557585919,"path_taken":["M","M","M","$","?","E","?","M","T","?","E","R","?"],"build_version":"2019-01-23","purchased_purges":1,"victory":false,"max_hp_per_floor":[75,75,75,75,75,75,75,75,75,75,75,75,75],"card_choices":[{"not_picked":["Go for the Eyes","Cold Snap","Doom and Gloom"],"picked":"SKIP","floor":1},{"not_picked":["Streamline","FTL"],"picked":"Chill","floor":2},{"not_picked":["Fusion","Auto Shields"],"picked":"Capacitor","floor":3},{"not_picked":["Compile Driver","Doom and Gloom","Leap"],"picked":"SKIP","floor":6},{"not_picked":["Compile Driver","Ball Lightning"],"picked":"Coolheaded","floor":7},{"not_picked":["FTL","Compile Driver","Streamline"],"picked":"SKIP","floor":8},{"not_picked":["Reinforced Body","Hologram"],"picked":"Echo Form","floor":11}],"player_experience":141684,"relics_obtained":[{"floor":6,"key":"MawBank"},{"floor":9,"key":"Bottled Tornado"},{"floor":11,"key":"Thread and Needle"}],"event_choices":[{"cards_removed":["Strike_B"],"damage_healed":0,"gold_gain":0,"player_choice":"Purged","damage_taken":0,"max_hp_gain":0,"max_hp_loss":0,"event_name":"Purifier","floor":5,"gold_loss":0},{"damage_healed":0,"gold_gain":175,"player_choice":"AGREE","damage_taken":0,"max_hp_gain":0,"max_hp_loss":0,"event_name":"Liars Game","floor":10,"gold_loss":0,"cards_obtained":["Doubt"]}],"is_beta":false,"boss_relics":[],"items_purged_floors":[4],"is_endless":false,"potions_floor_spawned":[2,3,6,8],"ascension_level":0}