{"gold_per_floor":[114,164,1,1,18,51,71,71,118,118,153,215,215,229,229,229],"floor_reached":16,"playtime":653,"items_purged":[],"score":200,"play_id":"33ec592c-33b1-4745-ae50-95fb0985e2a3","local_time":"20190421010808","is_ascension_mode":true,"campfire_choices":[{"data":"Wild Strike","floor":10,"key":"SMITH"},{"data":"Power Through","floor":13,"key":"SMITH"},{"data":"Battle Trance","floor":15,"key":"SMITH"}],"neow_cost":"NONE","seed_source_timestamp":818187359645801,"circlet_count":0,"master_deck":["AscendersBane","Strike_R","Strike_R","Strike_R","Strike_R","Strike_R","Defend_R","Defend_R","Defend_R","Defend_R","Bash","Wild Strike+1","Shrug It Off","Headbutt","Power Through+1","Offering","Battle Trance+1"],"relics":["Burning Blood","Orichalcum","Bronze Scales","Blue Candle","Centennial Puzzle","Singing Bowl","Bag of Marbles"],"potions_floor_usage":[6,12,16],"damage_taken":[{"damage":4,"enemies":"Small Slimes","floor":1,"turns":4},{"damage":0,"enemies":"Cultist","floor":5,"turns":3},{"damage":20,"enemies":"Gremlin Nob","floor":6,"turns":4},{"damage":0,"enemies":"2 Louse","floor":7,"turns":3},{"damage":9,"enemies":"3 Sentries","floor":11,"turns":10},{"damage":28,"enemies":"Lagavulin Event","floor":12,"turns":4},{"damage":14,"enemies":"Blue Slaver","floor":14,"turns":2},{"damage":39,"enemies":"Hexaghost","floor":16,"turns":9}],"seed_played":"411610151668818554","potions_obtained":[{"floor":5,"key":"FearPotion"},{"floor":7,"key":"Block Potion"},{"floor":11,"key":"PowerPotion"},{"floor":12,"key":"FearPotion"}],"is_trial":false,"path_per_floor":["M","?","$","?","M","E","M","T","T","R","E","?","R","M","R","B"],"character_chosen":"IRONCLAD","items_purchased":["Bronze Scales"],"campfire_rested":0,"item_purchase_floors":[3],"current_hp_per_floor":[70,70,70,70,75,61,67,67,67,67,64,44,44,36,36,0],"gold":229,"neow_bonus":"RANDOM_COMMON_RELIC","is_prod":false,"is_daily":false,"chose_seed":false,"campfire_upgraded":3,"win_rate":0,"timestamp":1555819688,"path_taken":["M","?","?","?","M","E","M","?","T","R","E","?","R","M","R","BOSS"],"build_version":"2019-01-23","purchased_purges":0,"victory":false,"max_hp_per_floor":[75,75,75,75,75,75,75,75,75,75,75,77,77,77,77,77],"card_choices":[{"not_picked":["Burning Pact","Pommel Strike"],"picked":"Wild Strike","floor":1},{"not_picked":["Infernal Blade","Twin Strike"],"picked":"Shrug It Off","floor":5},{"not_picked":["Fire Breathing","Body Slam"],"picked":"Headbutt","floor":6},{"not_picked":["Warcry","Twin Strike"],"picked":"Power Through","floor":7},{"not_picked":["Anger","Clothesline"],"picked":"Offering","floor":11},{"not_picked":["Rampage","Second Wind","Hemokinesis"],"picked":"Singing Bowl","floor":12},{"not_picked":["Sentinel","Blood for Blood"],"picked":"Battle Trance","floor":14}],"player_experience":1172749,"relics_obtained":[{"floor":6,"key":"Blue Candle"},{"floor":9,"key":"Centennial Puzzle"},{"floor":11,"key":"Singing Bowl"},{"floor":12,"key":"Bag of Marbles"}],"event_choices":[{"damage_healed":0,"gold_gain":50,"player_choice":"Pray","damage_taken":0,"max_hp_gain":0,"max_hp_loss":0,"event_name":"Golden Shrine","floor":2,"gold_loss":0},{"damage_healed":0,"gold_gain":0,"player_choice":"Ignored","damage_taken":0,"max_hp_gain":0,"max_hp_loss":0,"event_name":"Liars Game","floor":4,"gold_loss":0},{"damage_healed":0,"gold_gain":30,"player_choice":"Searched \u00272\u0027 times","damage_taken":0,"max_hp_gain":0,"max_hp_loss":0,"event_name":"Dead Adventurer","floor":12,"gold_loss":0}],"is_beta":false,"boss_relics":[],"items_purged_floors":[],"is_endless":false,"potions_floor_spawned":[5,7,11,12],"killed_by":"Hexaghost","ascension_level":17}