{"gold_per_floor":[16,16,46,56,76,76,96,96,122,136,154,186,186,186,186,186],"floor_reached":16,"playtime":361,"items_purged":[],"score":163,"play_id":"088a2ab9-27e9-4ba5-843c-1b4870ebe765","local_time":"20190208170026","is_ascension_mode":true,"campfire_choices":[{"data":"Dual Wield","floor":6,"key":"SMITH"},{"data":"Perfected Strike","floor":8,"key":"SMITH"},{"floor":13,"key":"REST"},{"data":"True Grit","floor":15,"key":"SMITH"}],"neow_cost":"NO_GOLD","seed_source_timestamp":255239988361846,"circlet_count":0,"master_deck":["Strike_R","Strike_R","Strike_R","Strike_R","Strike_R+1","Defend_R","Defend_R","Defend_R","Defend_R","Bash+1","Dual Wield+1","Intimidate","Shockwave","Perfected Strike+1","Metallicize+1","Shrug It Off","True Grit+1"],"relics":["Burning Blood","Tiny Chest","Blood Vial","Omamori"],"potions_floor_usage":[12,16],"damage_taken":[{"damage":10,"enemies":"Small Slimes","floor":1,"turns":3},{"damage":1,"enemies":"Cultist","floor":4,"turns":3},{"damage":6,"enemies":"2 Louse","floor":5,"turns":3},{"damage":22,"enemies":"Large Slime","floor":7,"turns":7},{"damage":27,"enemies":"Exordium Wildlife","floor":10,"turns":5},{"damage":17,"enemies":"Exordium Thugs","floor":11,"turns":6},{"damage":22,"enemies":"Lagavulin","floor":12,"turns":6},{"damage":42,"enemies":"Slime Boss","floor":16,"turns":7}],"seed_played":"-3681382379868909072","potions_obtained":[{"floor":1,"key":"Energy Potion"},{"floor":5,"key":"Strength Potion"},{"floor":11,"key":"Dexterity Potion"}],"is_trial":false,"path_per_floor":["M","?","?","M","M","R","M","R","T","M","M","E","R","?","R","B"],"character_chosen":"IRONCLAD","items_purchased":[],"campfire_rested":1,"item_purchase_floors":[],"current_hp_per_floor":[84,65,65,70,70,70,54,54,54,35,26,12,40,40,40,0],"gold":186,"neow_bonus":"TWENTY_PERCENT_HP_BONUS","is_prod":false,"is_daily":false,"chose_seed":false,"campfire_upgraded":3,"win_rate":0,"timestamp":1549656026,"path_taken":["M","?","?","M","M","R","M","R","T","M","?","E","R","?","R","BOSS"],"build_version":"2019-01-23","purchased_purges":0,"victory":false,"max_hp_per_floor":[96,96,96,96,96,96,96,96,96,96,96,96,96,96,96,96],"card_choices":[{"not_picked":["Sentinel","Burning Pact"],"picked":"Dual Wield","floor":1},{"not_picked":["Clothesline","Feel No Pain"],"picked":"Intimidate","floor":4},{"not_picked":["Wild Strike","Cleave"],"picked":"Shockwave","floor":5},{"not_picked":["Bloodletting","Twin Strike"],"picked":"Perfected Strike","floor":7},{"not_picked":["Exhume","Combust"],"picked":"Metallicize","floor":10},{"not_picked":["Clash","Sword Boomerang"],"picked":"Shrug It Off","floor":11},{"not_picked":["Feel No Pain","Burning Pact"],"picked":"True Grit","floor":12}],"player_experience":739775,"relics_obtained":[{"floor":9,"key":"Blood Vial"},{"floor":12,"key":"Omamori"}],"event_choices":[{"damage_healed":0,"gold_gain":0,"player_choice":"Entered Light","damage_taken":19,"max_hp_gain":0,"max_hp_loss":0,"event_name":"Shining Light","floor":2,"gold_loss":0,"cards_upgraded":["Strike_R","Bash"]},{"damage_healed":0,"gold_gain":0,"player_choice":"Gave Potion","damage_taken":0,"relics_obtained":["Tiny Chest"],"max_hp_gain":0,"max_hp_loss":0,"event_name":"WeMeetAgain","floor":3,"gold_loss":0},{"damage_healed":0,"gold_gain":0,"player_choice":"Grow","damage_taken":0,"max_hp_gain":0,"max_hp_loss":0,"event_name":"Living Wall","floor":14,"gold_loss":0,"cards_upgraded":["Metallicize"]}],"is_beta":false,"boss_relics":[],"items_purged_floors":[],"is_endless":false,"potions_floor_spawned":[1,5,11],"killed_by":"Slime Boss","ascension_level":7}