{"gold_per_floor":[360,360,85,104,115,141,155,155,155,155,155,69,87,119,119,215,215,235,110,110,122,122,122],"floor_reached":23,"playtime":564,"items_purged":[],"score":239,"play_id":"123c4186-7360-4995-b8d6-a6e11a7e59f7","local_time":"20190113210940","is_ascension_mode":true,"campfire_choices":[{"floor":8,"key":"REST"},{"data":"Phantasmal Killer","floor":11,"key":"SMITH"},{"floor":15,"key":"REST"}],"neow_cost":"PERCENT_DAMAGE","seed_source_timestamp":33475743973543,"circlet_count":0,"master_deck":["Defend_G","Defend_G","Defend_G","Defend_G","Defend_G","Strike_G","Strike_G","Strike_G","Strike_G","Strike_G","Survivor","Neutralize","Glass Knife+1","Quick Slash","Phantasmal Killer+1","Crippling Poison","Poisoned Stab","Footwork","Dagger Spray","Noxious Fumes","All Out Attack","All Out Attack","Terror","Phantasmal Killer","Deflect+1","Well Laid Plans"],"relics":["Ring of the Snake","The Courier","Question Card","Matryoshka","Lizard Tail","Strawberry","Nilry\u0027s Codex"],"potions_floor_usage":[14,23,23,23],"damage_taken":[{"damage":0,"enemies":"Jaw Worm","floor":1,"turns":5},{"damage":0,"enemies":"Cultist","floor":4,"turns":3},{"damage":0,"enemies":"Small Slimes","floor":5,"turns":3},{"damage":20,"enemies":"Lagavulin","floor":6,"turns":5},{"damage":10,"enemies":"Red Slaver","floor":7,"turns":5},{"damage":6,"enemies":"3 Louse","floor":13,"turns":3},{"damage":12,"enemies":"Gremlin Nob","floor":14,"turns":3},{"damage":23,"enemies":"Slime Boss","floor":16,"turns":7},{"damage":23,"enemies":"Shell Parasite","floor":18,"turns":3},{"damage":20,"enemies":"Spheric Guardian","floor":21,"turns":5},{"damage":51,"enemies":"Slavers","floor":23,"turns":5}],"seed_played":"4407011472800662745","potions_obtained":[{"floor":1,"key":"Ancient Potion"},{"floor":7,"key":"Weak Potion"},{"floor":13,"key":"Dexterity Potion"},{"floor":14,"key":"SpeedPotion"},{"floor":18,"key":"EssenceOfSteel"}],"is_trial":false,"path_per_floor":["M","?","$","M","M","E","M","R","T","?","R","$","M","E","R","B",null,"M","$","?","M","?","E"],"character_chosen":"THE_SILENT","items_purchased":["Glass Knife","Quick Slash","Phantasmal Killer","Noxious Fumes","All Out Attack","Strawberry"],"campfire_rested":2,"item_purchase_floors":[3,3,3,12,12,19],"current_hp_per_floor":[49,70,70,70,70,50,40,61,61,61,61,61,55,43,64,41,70,47,54,40,20,4,0],"gold":122,"neow_bonus":"TWO_FIFTY_GOLD","is_prod":false,"is_daily":false,"chose_seed":false,"campfire_upgraded":1,"win_rate":0,"timestamp":1547424580,"path_taken":["M","?","$","M","M","E","?","R","T","?","R","$","M","E","R","BOSS","M","$","?","M","?","E"],"build_version":"2019-01-10","purchased_purges":0,"victory":false,"max_hp_per_floor":[70,70,70,70,70,70,70,70,70,70,70,70,70,70,70,70,70,70,77,82,82,82,82],"card_choices":[{"not_picked":["Dodge and Roll","Finisher"],"picked":"Endless Agony","floor":1},{"not_picked":["Deadly Poison","Backflip"],"picked":"Crippling Poison","floor":4},{"not_picked":["Bane","Dagger Throw"],"picked":"Poisoned Stab","floor":5},{"not_picked":["Riddle With Holes","Sucker Punch"],"picked":"Footwork","floor":6},{"not_picked":["Sucker Punch","Slice"],"picked":"Dagger Spray","floor":7},{"not_picked":["Outmaneuver","Deadly Poison","Infinite Blades"],"picked":"All Out Attack","floor":13},{"not_picked":["PiercingWail","Corpse Explosion","Skewer"],"picked":"Terror","floor":14},{"not_picked":["Storm of Steel","Grand Finale","Burst"],"picked":"Phantasmal Killer","floor":16},{"not_picked":["Riddle With Holes","Dodge and Roll","Catalyst"],"picked":"Deflect+1","floor":18},{"not_picked":["Predator","Heel Hook","Acrobatics+1"],"picked":"Well Laid Plans","floor":21}],"player_experience":619875,"relics_obtained":[{"floor":6,"key":"The Courier"},{"floor":9,"key":"Question Card"},{"floor":14,"key":"Matryoshka"},{"floor":22,"key":"Nilry\u0027s Codex"}],"event_choices":[{"cards_removed":["Endless Agony"],"damage_healed":21,"gold_gain":0,"player_choice":"Offered Uncommon","damage_taken":0,"max_hp_gain":0,"max_hp_loss":0,"event_name":"Bonfire Elementals","floor":2,"gold_loss":0},{"damage_healed":0,"gold_gain":0,"player_choice":"Upgraded","damage_taken":0,"max_hp_gain":0,"max_hp_loss":0,"event_name":"Upgrade Shrine","floor":10,"gold_loss":0,"cards_upgraded":["Glass Knife"]},{"damage_healed":0,"gold_gain":0,"player_choice":"Shed Blood","damage_taken":19,"max_hp_gain":5,"max_hp_loss":0,"event_name":"Forgotten Altar","floor":20,"gold_loss":0},{"damage_healed":0,"gold_gain":0,"player_choice":"Obtained Book","damage_taken":16,"max_hp_gain":0,"max_hp_loss":0,"event_name":"Cursed Tome","floor":22,"gold_loss":0}],"is_beta":false,"boss_relics":[{"not_picked":["HoveringKite","Snecko Eye"],"picked":"Lizard Tail"}],"items_purged_floors":[],"is_endless":false,"potions_floor_spawned":[1,7,13,14,18],"killed_by":"Slavers","ascension_level":4}