{"gold_per_floor":[109,109,122,53,53,53,68,68,149,5,180,199,199,230,230,230],"floor_reached":16,"playtime":356,"items_purged":[],"score":137,"play_id":"d8687056-079d-44a8-98a8-987b514b251d","local_time":"20190118151945","is_ascension_mode":true,"campfire_choices":[{"data":"Sunder","floor":6,"key":"SMITH"},{"data":"Double Energy","floor":8,"key":"SMITH"},{"data":"Hello World","floor":13,"key":"SMITH"},{"floor":15,"key":"REST"}],"neow_cost":"NONE","seed_source_timestamp":444727079574088,"circlet_count":0,"master_deck":["Strike_B","Strike_B","Strike_B","Defend_B","Defend_B","Defend_B","Zap","Dualcast","Hello World+1","FTL","Sunder+1","Double Energy+1","Doubt","Sweeping Beam","Reboot"],"relics":["Cracked Core","NeowsBlessing","Shuriken","Juzu Bracelet","Dead Branch"],"potions_floor_usage":[16,16,16],"damage_taken":[{"damage":0,"enemies":"Jaw Worm","floor":1,"turns":1},{"damage":0,"enemies":"Cultist","floor":3,"turns":1},{"damage":0,"enemies":"Small Slimes","floor":7,"turns":1},{"damage":21,"enemies":"Exordium Thugs","floor":12,"turns":4},{"damage":40,"enemies":"Gremlin Nob","floor":14,"turns":4},{"damage":32,"enemies":"Hexaghost","floor":16,"turns":10}],"seed_played":"9038715986938636762","potions_obtained":[{"floor":1,"key":"Swift Potion"},{"floor":3,"key":"LiquidBronze"},{"floor":12,"key":"Block Potion"}],"is_trial":false,"path_per_floor":["M","?","M","$","?","R","M","R","T","$","?","M","R","E","R","B"],"character_chosen":"DEFECT","items_purchased":["Sunder","Juzu Bracelet"],"campfire_rested":1,"item_purchase_floors":[4,10],"current_hp_per_floor":[68,68,68,68,68,68,68,68,68,68,68,47,47,7,29,0],"gold":230,"neow_bonus":"THREE_ENEMY_KILL","is_prod":false,"is_daily":false,"chose_seed":false,"campfire_upgraded":3,"win_rate":0,"timestamp":1547835585,"path_taken":["M","?","?","?","?","R","?","R","T","$","?","M","R","E","R","BOSS"],"build_version":"2019-01-17v2","purchased_purges":0,"victory":false,"max_hp_per_floor":[75,75,75,75,75,75,75,75,75,75,75,75,75,75,75,75],"card_choices":[{"not_picked":["BootSequence","Barrage"],"picked":"Hello World","floor":1},{"not_picked":["Coolheaded","Darkness"],"picked":"FTL","floor":3},{"not_picked":["Auto Shields","Barrage"],"picked":"Double Energy","floor":7},{"not_picked":["Recycle","Auto Shields"],"picked":"Sweeping Beam","floor":12},{"not_picked":["Loop","Turbo"],"picked":"Reboot","floor":14}],"player_experience":640072,"relics_obtained":[{"floor":9,"key":"Shuriken"},{"floor":14,"key":"Dead Branch"}],"event_choices":[{"cards_removed":["Strike_B"],"damage_healed":0,"gold_gain":0,"player_choice":"Offered Basic","damage_taken":0,"max_hp_gain":0,"max_hp_loss":0,"event_name":"Bonfire Elementals","floor":2,"gold_loss":0},{"cards_removed":["Defend_B"],"damage_healed":0,"gold_gain":0,"player_choice":"Purged","damage_taken":0,"max_hp_gain":0,"max_hp_loss":0,"event_name":"Purifier","floor":5,"gold_loss":0},{"damage_healed":0,"gold_gain":175,"player_choice":"AGREE","damage_taken":0,"max_hp_gain":0,"max_hp_loss":0,"event_name":"Liars Game","floor":11,"gold_loss":0,"cards_obtained":["Doubt"]}],"is_beta":false,"boss_relics":[],"items_purged_floors":[],"is_endless":false,"potions_floor_spawned":[1,3,12],"killed_by":"Hexaghost","ascension_level":8}