{"gold_per_floor":[359,11,11,37,51,51,79,79,105,65,85,35,35,53,53,53],"floor_reached":16,"playtime":581,"items_purged":["Strike_G","Strike_G"],"score":196,"play_id":"37a08a81-9f03-4901-950d-e8c5381cbb99","local_time":"20190327222925","is_ascension_mode":true,"campfire_choices":[{"data":"Leg Sweep","floor":6,"key":"SMITH"},{"floor":15,"key":"REST"}],"neow_cost":"PERCENT_DAMAGE","seed_source_timestamp":563312577468616,"circlet_count":0,"master_deck":["AscendersBane","Defend_G","Defend_G","Defend_G+1","Defend_G","Defend_G","Strike_G","Strike_G","Strike_G","Survivor+1","Neutralize","Sucker Punch+1","Dagger Throw","Infinite Blades","Leg Sweep+1","Skewer","Finisher"],"relics":["Ring of the Snake","Membership Card","Juzu Bracelet","War Paint","Happy Flower"],"potions_floor_usage":[16],"damage_taken":[{"damage":4,"enemies":"Jaw Worm","floor":1,"turns":6},{"damage":0,"enemies":"Cultist","floor":5,"turns":4},{"damage":37,"enemies":"Gremlin Nob","floor":7,"turns":5},{"damage":2,"enemies":"2 Louse","floor":11,"turns":3},{"damage":0,"enemies":"Red Slaver","floor":14,"turns":5},{"damage":32,"enemies":"Slime Boss","floor":16,"turns":7}],"seed_played":"-3620488487598646803","potions_obtained":[{"floor":10,"key":"Swift Potion"},{"floor":10,"key":"SmokeBomb"}],"is_trial":false,"path_per_floor":["M","$","?","T","M","R","E","?","T","?","M","$","?","M","R","B"],"character_chosen":"THE_SILENT","items_purchased":["Membership Card","Dagger Throw","Weak Potion","Infinite Blades"],"campfire_rested":1,"item_purchase_floors":[2,2,2,2],"current_hp_per_floor":[40,40,40,40,40,40,3,3,3,3,1,1,1,1,20,0],"gold":53,"neow_bonus":"TWO_FIFTY_GOLD","is_prod":false,"is_daily":false,"chose_seed":false,"campfire_upgraded":1,"win_rate":0,"timestamp":1553725765,"path_taken":["M","$","?","?","M","R","E","?","T","?","M","$","?","M","R","BOSS"],"build_version":"2019-03-15","purchased_purges":2,"victory":false,"max_hp_per_floor":[66,66,66,66,66,66,66,66,66,66,66,66,66,66,66,66],"card_choices":[{"not_picked":["Dodge and Roll","Finisher"],"picked":"Sucker Punch","floor":1},{"not_picked":["Outmaneuver","Cloak And Dagger"],"picked":"Leg Sweep","floor":5},{"not_picked":["Setup","Leg Sweep"],"picked":"Skewer","floor":7},{"not_picked":["Underhanded Strike","Dodge and Roll","Distraction"],"picked":"SKIP","floor":11},{"not_picked":["Flying Knee","Accuracy"],"picked":"Finisher","floor":14}],"player_experience":1163770,"relics_obtained":[{"floor":4,"key":"Juzu Bracelet"},{"floor":7,"key":"War Paint"},{"floor":9,"key":"Happy Flower"}],"event_choices":[{"damage_healed":0,"gold_gain":0,"player_choice":"Grow","damage_taken":0,"max_hp_gain":0,"max_hp_loss":0,"event_name":"Living Wall","floor":3,"gold_loss":0,"cards_upgraded":["Sucker Punch"]},{"damage_healed":0,"gold_gain":0,"player_choice":"Ignored","damage_taken":0,"max_hp_gain":0,"max_hp_loss":0,"event_name":"Liars Game","floor":8,"gold_loss":0},{"damage_healed":0,"gold_gain":0,"player_choice":"Bought 3 Potions","damage_taken":0,"max_hp_gain":0,"max_hp_loss":0,"event_name":"The Woman in Blue","floor":10,"gold_loss":0},{"damage_healed":0,"gold_gain":0,"player_choice":"Ignored","damage_taken":0,"max_hp_gain":0,"max_hp_loss":0,"event_name":"Shining Light","floor":13,"gold_loss":0}],"is_beta":true,"boss_relics":[],"items_purged_floors":[2,12],"is_endless":false,"potions_floor_spawned":[11,14],"killed_by":"Slime Boss","ascension_level":20}