{"gold_per_floor":[118,128,203,125,125,125,160,177,177,204,218,238,297,297,297,416,416,437,437,437,472,472,513,529,563,563,586,586,586,601,624,624,754,754,774,793,72,85,85,85,119,119,119,119,119,154,154,254,254,254,254,254,42,80,80],"floor_reached":56,"playtime":2739,"items_purged":["Injury"],"score":1629,"play_id":"aa571d34-b536-4e3b-9870-bbad3ca82887","local_time":"20190209211107","is_ascension_mode":true,"campfire_choices":[{"data":"Blur","floor":6,"key":"SMITH"},{"data":"Flechettes","floor":15,"key":"SMITH"},{"floor":29,"key":"REST"},{"data":"Footwork","floor":32,"key":"SMITH"},{"floor":40,"key":"RECALL"},{"data":"Footwork","floor":42,"key":"SMITH"},{"data":"Mayhem","floor":44,"key":"SMITH"},{"data":"After Image","floor":49,"key":"SMITH"},{"floor":52,"key":"REST"}],"neow_cost":"NONE","seed_source_timestamp":354285871885538,"circlet_count":0,"master_deck":["Defend_G+1","Defend_G+1","Defend_G+1","Defend_G+1","Defend_G+1","Strike_G+1","Strike_G+1","Strike_G+1","Strike_G+1","Strike_G+1","Survivor","Neutralize","Blur+1","Backstab","Footwork+1","Well Laid Plans","Deadly Poison","Backstab","Flechettes+1","After Image+1","Footwork+1","Dash+1","Dodge and Roll+1","Backstab","Footwork+1","Crippling Poison+1","Good Instincts+1","Parasite","Backflip+1","Mayhem+1","Madness+1","Madness+1","Calculated Gamble+1","Bouncing Flask+1","Deadly Poison+1","Purity+1"],"relics":["Ring of the Snake","Bronze Scales","The Specimen","WingedGreaves","Pen Nib","Odd Mushroom","Juzu Bracelet","Golden Idol","Busted Crown","MutagenicStrength","Red Mask","Oddly Smooth Stone","Centennial Puzzle","Toxic Egg 2","StoneCalendar","Lizard Tail","Lee\u0027s Waffle","Kunai","Pocketwatch","Frozen Egg 2","Mercury Hourglass","Bottled Flame"],"potions_floor_usage":[7,16,16,21,21,25,33,54,54,55],"damage_taken":[{"damage":0,"enemies":"Jaw Worm","floor":1,"turns":5},{"damage":0,"enemies":"2 Louse","floor":2,"turns":5},{"damage":10,"enemies":"Gremlin Nob","floor":7,"turns":5},{"damage":0,"enemies":"Cultist","floor":8,"turns":4},{"damage":10,"enemies":"Lagavulin","floor":10,"turns":10},{"damage":0,"enemies":"2 Fungi Beasts","floor":11,"turns":4},{"damage":0,"enemies":"The Mushroom Lair","floor":12,"turns":4},{"damage":7,"enemies":"3 Sentries","floor":13,"turns":9},{"damage":23,"enemies":"Slime Boss","floor":16,"turns":15},{"damage":0,"enemies":"3 Byrds","floor":18,"turns":4},{"damage":28,"enemies":"Masked Bandits","floor":21,"turns":6},{"damage":19,"enemies":"Book of Stabbing","floor":23,"turns":5},{"damage":0,"enemies":"Shell Parasite","floor":24,"turns":2},{"damage":8,"enemies":"Slavers","floor":25,"turns":5},{"damage":0,"enemies":"Centurion and Healer","floor":27,"turns":5},{"damage":0,"enemies":"Cultist and Chosen","floor":30,"turns":7},{"damage":4,"enemies":"Shelled Parasite and Fungi","floor":31,"turns":7},{"damage":22,"enemies":"Collector","floor":33,"turns":10},{"damage":0,"enemies":"3 Shapes","floor":35,"turns":5},{"damage":12,"enemies":"3 Darklings","floor":36,"turns":7},{"damage":0,"enemies":"Writhing Mass","floor":38,"turns":7},{"damage":9,"enemies":"Giant Head","floor":41,"turns":12},{"damage":0,"enemies":"Nemesis","floor":46,"turns":7},{"damage":45,"enemies":"Awakened One","floor":50,"turns":23},{"damage":26,"enemies":"Shield and Spear","floor":54,"turns":7},{"damage":35,"enemies":"The Heart","floor":55,"turns":11}],"seed_played":"4068015768962480396","potions_obtained":[{"floor":1,"key":"GhostInAJar"},{"floor":2,"key":"AttackPotion"},{"floor":10,"key":"Block Potion"},{"floor":13,"key":"Poison Potion"},{"floor":18,"key":"Regen Potion"},{"floor":21,"key":"Fruit Juice"},{"floor":23,"key":"Dexterity Potion"},{"floor":30,"key":"Fire Potion"},{"floor":31,"key":"FearPotion"},{"floor":35,"key":"LiquidBronze"}],"is_trial":false,"path_per_floor":["M","M","?","$","?","R","E","M","T","E","M","?","?","?","R","B",null,"M","?","T","?","?","E","M","E","T","M","T","R","M","M","R","B",null,"M","M","$","M","?","R","E","R","T","R","?","E","$","?","R","B",null,"R","$","E","B",null],"character_chosen":"THE_SILENT","items_purchased":["Footwork","Footwork","Lee\u0027s Waffle","Kunai","Crippling Poison+1","Good Instincts+1","Bouncing Flask+1","Deadly Poison+1","Purity+1"],"campfire_rested":2,"item_purchase_floors":[4,37,37,37,37,37,53,53,53],"current_hp_per_floor":[63,63,52,52,52,52,42,42,42,32,32,32,25,25,25,2,53,53,53,53,45,45,26,26,18,18,18,18,40,40,36,36,14,60,60,48,82,82,82,82,73,73,73,73,63,63,63,63,63,18,66,82,82,56,21],"gold":80,"neow_bonus":"RANDOM_COMMON_RELIC","is_prod":false,"is_daily":false,"chose_seed":false,"campfire_upgraded":6,"win_rate":0,"timestamp":1549757467,"path_taken":["M","M","?","$","?","R","E","M","T","E","M","?","?","?","R","BOSS","M","?","?","?","?","E","M","E","T","M","?","R","M","M","R","BOSS","M","M","$","M","?","R","E","R","T","R","?","E","$","?","R","BOSS","R","$","E","BOSS"],"build_version":"2019-01-23","purchased_purges":1,"victory":true,"max_hp_per_floor":[70,70,70,70,70,70,70,70,70,70,70,70,70,70,70,70,70,70,70,70,75,75,75,75,75,75,75,75,75,75,75,75,75,75,75,75,82,82,82,82,82,82,82,82,82,82,82,82,82,82,82,82,82,82,82],"card_choices":[{"not_picked":["Dash","Deflect"],"picked":"Blur","floor":1},{"not_picked":["Cloak And Dagger","Dodge and Roll"],"picked":"Backstab","floor":2},{"not_picked":["Slice","Blade Dance"],"picked":"Well Laid Plans","floor":7},{"not_picked":["Underhanded Strike","Flying Knee"],"picked":"Deadly Poison","floor":8},{"not_picked":["Accuracy","Storm of Steel","Distraction"],"picked":"SKIP","floor":10},{"not_picked":["Escape Plan","Prepared"],"picked":"Backstab","floor":11},{"not_picked":["Acrobatics","Heel Hook"],"picked":"Flechettes","floor":12},{"not_picked":["Storm of Steel","Malaise"],"picked":"After Image","floor":16},{"not_picked":["Blade Dance"],"picked":"SKIP","floor":18},{"not_picked":["Phantasmal Killer"],"picked":"SKIP","floor":23},{"not_picked":[],"picked":"Footwork","floor":24},{"not_picked":[],"picked":"Dash+1","floor":25},{"not_picked":["Tactician+1"],"picked":"SKIP","floor":27},{"not_picked":[],"picked":"Dodge and Roll+1","floor":30},{"not_picked":["Sucker Punch"],"picked":"SKIP","floor":31},{"not_picked":[],"picked":"Backstab","floor":35},{"not_picked":["Sucker Punch"],"picked":"SKIP","floor":36},{"not_picked":[],"picked":"Backflip+1","floor":38},{"not_picked":[],"picked":"Mayhem","floor":39},{"not_picked":["Riddle With Holes"],"picked":"SKIP","floor":41},{"not_picked":[],"picked":"Calculated Gamble+1","floor":46},{"not_picked":["Grand Finale"],"picked":"SKIP","floor":54}],"player_experience":742067,"relics_obtained":[{"floor":7,"key":"The Specimen"},{"floor":9,"key":"WingedGreaves"},{"floor":10,"key":"Pen Nib"},{"floor":12,"key":"Odd Mushroom"},{"floor":13,"key":"Juzu Bracelet"},{"floor":21,"key":"Red Mask"},{"floor":23,"key":"Oddly Smooth Stone"},{"floor":25,"key":"Centennial Puzzle"},{"floor":26,"key":"Toxic Egg 2"},{"floor":28,"key":"StoneCalendar"},{"floor":41,"key":"Pocketwatch"},{"floor":43,"key":"Frozen Egg 2"},{"floor":46,"key":"Mercury Hourglass"},{"floor":54,"key":"Bottled Flame"}],"event_choices":[{"damage_healed":0,"gold_gain":75,"player_choice":"Gather Gold","damage_taken":11,"max_hp_gain":0,"max_hp_loss":0,"event_name":"World of Goop","floor":3,"gold_loss":0},{"damage_healed":0,"gold_gain":0,"player_choice":"Grow","damage_taken":0,"max_hp_gain":0,"max_hp_loss":0,"event_name":"Living Wall","floor":5,"gold_loss":0,"cards_upgraded":["Footwork"]},{"damage_healed":0,"gold_gain":0,"player_choice":"Fought Mushrooms","damage_taken":0,"max_hp_gain":0,"max_hp_loss":0,"event_name":"Mushrooms","floor":12,"gold_loss":0},{"damage_healed":0,"gold_gain":30,"player_choice":"Searched \u00273\u0027 times","damage_taken":0,"max_hp_gain":0,"max_hp_loss":0,"event_name":"Dead Adventurer","floor":13,"gold_loss":0},{"damage_healed":0,"gold_gain":0,"player_choice":"Take Wound","damage_taken":0,"relics_obtained":["Golden Idol"],"max_hp_gain":0,"max_hp_loss":0,"event_name":"Golden Idol","floor":14,"gold_loss":0,"cards_obtained":["Injury"]},{"damage_healed":0,"gold_gain":0,"player_choice":"Inject Mutagens","damage_taken":0,"relics_obtained":["MutagenicStrength"],"max_hp_gain":0,"max_hp_loss":0,"event_name":"Drug Dealer","floor":19,"gold_loss":0},{"damage_healed":0,"gold_gain":0,"player_choice":"Fought Bandits","damage_taken":0,"max_hp_gain":0,"max_hp_loss":0,"event_name":"Masked Bandits","floor":21,"gold_loss":0},{"damage_healed":0,"gold_gain":0,"player_choice":"Simplicity","damage_taken":0,"max_hp_gain":0,"max_hp_loss":0,"event_name":"Back to Basics","floor":22,"gold_loss":0,"cards_upgraded":["Defend_G","Defend_G","Defend_G","Defend_G","Defend_G","Strike_G","Strike_G","Strike_G","Strike_G","Strike_G"]},{"damage_healed":0,"gold_gain":0,"player_choice":"Memory 1","damage_taken":0,"max_hp_gain":0,"max_hp_loss":0,"event_name":"SensoryStone","floor":39,"gold_loss":0},{"damage_healed":0,"gold_gain":0,"player_choice":"Embrace Madness","damage_taken":10,"max_hp_gain":0,"max_hp_loss":0,"event_name":"Winding Halls","floor":45,"gold_loss":0,"cards_obtained":["Madness","Madness"]},{"damage_healed":0,"gold_gain":100,"player_choice":"Pray","damage_taken":0,"max_hp_gain":0,"max_hp_loss":0,"event_name":"Golden Shrine","floor":48,"gold_loss":0}],"is_beta":false,"boss_relics":[{"not_picked":["Velvet Choker","Empty Cage"],"picked":"Busted Crown"},{"not_picked":["Sozu","Astrolabe"],"picked":"Lizard Tail"}],"items_purged_floors":[37],"is_endless":false,"potions_floor_spawned":[1,2,10,13,18,21,23,30,31,35,36],"ascension_level":8}