{"gold_per_floor":[112,129,141,158,123,123,153,215,215,233,253,253,278,295,295,392,392,411,7,26,26,26,56,71,71,71,71,71,98,197,227,227,332,332,345,399,419,419,435,470,487,516,516,548,568,568,37,55,55,55,55,55,55,86,86],"floor_reached":56,"playtime":3189,"items_purged":["Strike_R"],"score":1543,"play_id":"5ae3984b-c8f0-48d4-b485-4c56537235ef","local_time":"20190515085927","is_ascension_mode":true,"campfire_choices":[{"data":"Inflame","floor":6,"key":"SMITH"},{"data":"Armaments","floor":12,"key":"SMITH"},{"data":"Shockwave","floor":15,"key":"SMITH"},{"data":"Barricade","floor":25,"key":"SMITH"},{"data":"Mayhem","floor":28,"key":"SMITH"},{"data":"Entrench","floor":32,"key":"SMITH"},{"floor":46,"key":"RECALL"},{"data":"Brutality","floor":49,"key":"SMITH"},{"data":"Entrench","floor":52,"key":"SMITH"}],"neow_cost":"NONE","seed_source_timestamp":994283357753554,"circlet_count":0,"master_deck":["Strike_R+1","Strike_R","Strike_R","Defend_R","Defend_R","Defend_R","Bash","Shrug It Off","Iron Wave","Shockwave+1","Inflame+1","Cleave","Sword Boomerang+1","Armaments+1","Uppercut","Whirlwind","Rage","Barricade+1","Mayhem+1","Battle Trance","Power Through+1","Entrench+1","Headbutt","Dropkick","Intimidate","Double Tap","Body Slam+1","Brutality+1","Metallicize+1","Entrench+1","Pommel Strike+1","Pommel Strike+1","Shrug It Off","Pommel Strike+1","Iron Wave+1"],"relics":["Burning Blood","Anchor","Bag of Marbles","Whetstone","Bottled Flame","Coffee Dripper","Vajra","Omamori","Kunai","Happy Flower","Nunchaku","Cursed Key","Ginger","Lantern","Shuriken","Ancient Tea Set","ClockworkSouvenir","Turnip","Dodecahedron"],"potions_floor_usage":[4,36,40,54,55,55],"damage_taken":[{"damage":6,"enemies":"Small Slimes","floor":1,"turns":4},{"damage":0,"enemies":"2 Louse","floor":2,"turns":3},{"damage":3,"enemies":"Jaw Worm","floor":3,"turns":5},{"damage":4,"enemies":"Gremlin Gang","floor":4,"turns":7},{"damage":7,"enemies":"Exordium Thugs","floor":5,"turns":6},{"damage":23,"enemies":"3 Sentries","floor":7,"turns":11},{"damage":7,"enemies":"Gremlin Nob","floor":8,"turns":3},{"damage":3,"enemies":"Red Slaver","floor":10,"turns":3},{"damage":0,"enemies":"Lots of Slimes","floor":11,"turns":1},{"damage":18,"enemies":"Lagavulin","floor":13,"turns":6},{"damage":0,"enemies":"Exordium Thugs","floor":14,"turns":3},{"damage":36,"enemies":"Hexaghost","floor":16,"turns":9},{"damage":0,"enemies":"Chosen","floor":18,"turns":3},{"damage":3,"enemies":"Shell Parasite","floor":20,"turns":5},{"damage":0,"enemies":"Book of Stabbing","floor":23,"turns":7},{"damage":6,"enemies":"Snecko","floor":24,"turns":5},{"damage":0,"enemies":"Slavers","floor":29,"turns":2},{"damage":0,"enemies":"Book of Stabbing","floor":31,"turns":4},{"damage":0,"enemies":"Collector","floor":33,"turns":7},{"damage":0,"enemies":"3 Shapes","floor":35,"turns":1},{"damage":0,"enemies":"2 Orb Walkers","floor":36,"turns":2},{"damage":1,"enemies":"Orb Walker","floor":37,"turns":2},{"damage":8,"enemies":"3 Darklings","floor":39,"turns":3},{"damage":27,"enemies":"Nemesis","floor":40,"turns":7},{"damage":0,"enemies":"Transient","floor":41,"turns":5},{"damage":1,"enemies":"Reptomancer","floor":42,"turns":3},{"damage":3,"enemies":"Giant Head","floor":44,"turns":6},{"damage":1,"enemies":"Sphere and 2 Shapes","floor":45,"turns":3},{"damage":8,"enemies":"Writhing Mass","floor":48,"turns":5},{"damage":19,"enemies":"Donu and Deca","floor":50,"turns":6},{"damage":15,"enemies":"Shield and Spear","floor":54,"turns":7},{"damage":31,"enemies":"The Heart","floor":55,"turns":10}],"seed_played":"5948995832426261316","potions_obtained":[{"floor":2,"key":"SkillPotion"},{"floor":3,"key":"Dexterity Potion"},{"floor":5,"key":"Fire Potion"},{"floor":10,"key":"Weak Potion"},{"floor":16,"key":"SteroidPotion"},{"floor":35,"key":"GamblersBrew"},{"floor":36,"key":"Explosive Potion"},{"floor":44,"key":"PowerPotion"},{"floor":48,"key":"Block Potion"}],"is_trial":false,"path_per_floor":["M","M","M","M","M","R","E","?","T","M","M","R","E","M","R","B",null,"M","$","M","?","?","E","M","R","T","?","R","E","?","E","R","B",null,"M","?","M","?","M","E","M","E","T","E","M","R","$","M","R","B",null,"R","$","E","B",null],"character_chosen":"IRONCLAD","items_purchased":["Mayhem","Battle Trance","Regen Potion","Shrug It Off","ClockworkSouvenir","Turnip"],"campfire_rested":0,"item_purchase_floors":[19,19,19,47,47,47],"current_hp_per_floor":[88,88,88,88,87,87,70,69,69,72,78,78,66,72,72,42,88,88,88,88,88,88,88,88,88,88,88,88,88,88,88,88,88,88,88,88,88,88,86,79,85,88,88,88,88,88,88,86,86,73,88,88,88,79,54],"gold":86,"neow_bonus":"TEN_PERCENT_HP_BONUS","is_prod":false,"is_daily":false,"chose_seed":false,"campfire_upgraded":8,"win_rate":0,"timestamp":1557925167,"path_taken":["M","M","M","M","M","R","E","?","T","M","M","R","E","M","R","BOSS","M","$","M","?","?","E","M","R","T","?","R","E","?","E","R","BOSS","M","?","M","?","M","E","?","E","T","E","M","R","?","M","R","BOSS","R","$","E","BOSS"],"build_version":"2019-05-07","purchased_purges":1,"victory":true,"max_hp_per_floor":[88,88,88,88,88,88,88,88,88,88,88,88,88,88,88,88,88,88,88,88,88,88,88,88,88,88,88,88,88,88,88,88,88,88,88,88,88,88,88,88,88,88,88,88,88,88,88,88,88,88,88,88,88,88,88],"card_choices":[{"not_picked":["Thunderclap","Corruption"],"picked":"Shrug It Off","floor":1},{"not_picked":["Searing Blow","Headbutt"],"picked":"Iron Wave","floor":2},{"not_picked":["Headbutt","Sword Boomerang"],"picked":"Shockwave","floor":3},{"not_picked":["True Grit","Pummel"],"picked":"Clash","floor":4},{"not_picked":["Berserk","Body Slam"],"picked":"Inflame","floor":5},{"not_picked":["Shrug It Off","Dropkick"],"picked":"Cleave","floor":7},{"not_picked":["True Grit","Bloodletting"],"picked":"Sword Boomerang","floor":8},{"not_picked":["Cleave","True Grit"],"picked":"Armaments","floor":10},{"not_picked":["Pommel Strike","Bludgeon"],"picked":"Uppercut","floor":11},{"not_picked":["Body Slam","Wild Strike"],"picked":"Whirlwind","floor":13},{"not_picked":["Shrug It Off","Warcry"],"picked":"Rage","floor":14},{"not_picked":["Dark Embrace","Impervious"],"picked":"Barricade","floor":16},{"not_picked":["Pommel Strike+1","Uppercut+1","Armaments+1"],"picked":"SKIP","floor":18},{"not_picked":["Havoc+1","Sword Boomerang"],"picked":"Power Through+1","floor":20},{"not_picked":["Armaments","Rage"],"picked":"Headbutt","floor":23},{"not_picked":["Second Wind","Body Slam"],"picked":"Dropkick","floor":24},{"not_picked":["Bludgeon","Barricade"],"picked":"Body Slam+1","floor":29},{"not_picked":["Blood for Blood","Flex","Wild Strike"],"picked":"SKIP","floor":31},{"not_picked":["Barricade","Fiend Fire"],"picked":"Brutality","floor":33},{"not_picked":["Iron Wave+1","Spot Weakness+1"],"picked":"Metallicize+1","floor":35},{"not_picked":["Sword Boomerang","Perfected Strike"],"picked":"Entrench","floor":37},{"not_picked":["Sentinel","Pommel Strike+1","Corruption"],"picked":"SKIP","floor":39},{"not_picked":["Rage","Anger+1"],"picked":"Pommel Strike+1","floor":40},{"not_picked":["Sever Soul+1","Dropkick+1","Blood for Blood+1"],"picked":"SKIP","floor":41},{"not_picked":["Iron Wave","Anger+1","Reaper"],"picked":"SKIP","floor":42},{"not_picked":["Flame Barrier","Flex","Dropkick+1"],"picked":"SKIP","floor":44},{"not_picked":["Fire Breathing","Warcry"],"picked":"Pommel Strike+1","floor":45},{"not_picked":["Havoc+1","Second Wind+1"],"picked":"Pommel Strike+1","floor":48},{"not_picked":["Headbutt+1","Dark Embrace"],"picked":"Iron Wave+1","floor":54}],"player_experience":5769583,"relics_obtained":[{"floor":7,"key":"Anchor"},{"floor":9,"key":"Whetstone"},{"floor":13,"key":"Bottled Flame"},{"floor":23,"key":"Omamori"},{"floor":26,"key":"Kunai"},{"floor":29,"key":"Happy Flower"},{"floor":31,"key":"Nunchaku"},{"floor":36,"key":"Ginger"},{"floor":40,"key":"Lantern"},{"floor":42,"key":"Shuriken"},{"floor":44,"key":"Ancient Tea Set"},{"floor":54,"key":"Dodecahedron"}],"event_choices":[{"damage_healed":0,"gold_gain":0,"player_choice":"Searched \u00273\u0027 times","damage_taken":0,"relics_obtained":["Bag of Marbles"],"max_hp_gain":0,"max_hp_loss":0,"event_name":"Dead Adventurer","floor":8,"gold_loss":0},{"damage_healed":0,"gold_gain":0,"player_choice":"Opened","damage_taken":0,"relics_obtained":["Vajra"],"max_hp_gain":0,"max_hp_loss":0,"event_name":"The Mausoleum","floor":21,"gold_loss":0},{"damage_healed":0,"gold_gain":0,"player_choice":"Read","damage_taken":0,"max_hp_gain":0,"max_hp_loss":0,"event_name":"The Library","floor":22,"gold_loss":0,"cards_obtained":["Entrench"]},{"damage_healed":0,"gold_gain":0,"cards_transformed":["Clash","Strike_R"],"player_choice":"Became Test Subject","damage_taken":0,"max_hp_gain":0,"max_hp_loss":0,"event_name":"Drug Dealer","floor":27,"gold_loss":0,"cards_obtained":["Intimidate","Double Tap"]},{"damage_healed":0,"gold_gain":99,"player_choice":"Stole From Cult","damage_taken":0,"max_hp_gain":0,"max_hp_loss":0,"event_name":"Nest","floor":30,"gold_loss":0},{"damage_healed":0,"gold_gain":0,"player_choice":"Fight","damage_taken":0,"max_hp_gain":0,"max_hp_loss":0,"event_name":"Mysterious Sphere","floor":36,"gold_loss":0},{"cards_removed":["Defend_R"],"damage_healed":0,"gold_gain":0,"player_choice":"Purged","damage_taken":0,"max_hp_gain":0,"max_hp_loss":0,"event_name":"Purifier","floor":38,"gold_loss":0}],"is_beta":true,"boss_relics":[{"not_picked":["Orrery","Pandora\u0027s Box"],"picked":"Coffee Dripper"},{"not_picked":["Empty Cage","Lizard Tail"],"picked":"Cursed Key"}],"items_purged_floors":[19],"is_endless":false,"potions_floor_spawned":[2,3,5,10,14,16,20,24,31,35,36,44,48],"ascension_level":1}