{"gold_per_floor":[112,123,123,136,106,136,14,14,40,58,23,23,44,75,75,196,259,280,293,45,45,45,45],"floor_reached":23,"playtime":806,"items_purged":[],"score":289,"play_id":"cb8c1141-bfae-4769-a1dd-07f412b570d8","local_time":"20190309015736","is_ascension_mode":true,"campfire_choices":[{"data":"Streamline","floor":8,"key":"SMITH"},{"data":"Buffer","floor":15,"key":"SMITH"}],"neow_cost":"NONE","seed_source_timestamp":1945066871088251,"circlet_count":0,"master_deck":["Strike_B","Strike_B","Strike_B","Strike_B","Defend_B","Defend_B","Defend_B","Defend_B","Zap","Dualcast","Sweeping Beam","Sweeping Beam","Streamline+1","Skim+1","Self Repair","Hologram","Ball Lightning","Rebound","Buffer+1","Echo Form+1","Heatsinks","Recycle+1"],"relics":["Cursed Key","Omamori","Ornamental Fan","Orichalcum","Golden Idol","Cables","Tiny House","Mercury Hourglass"],"potions_floor_usage":[6,6,6,18,23],"damage_taken":[{"damage":2,"enemies":"Jaw Worm","floor":1,"turns":4},{"damage":4,"enemies":"2 Louse","floor":2,"turns":2},{"damage":0,"enemies":"Cultist","floor":4,"turns":3},{"damage":10,"enemies":"Gremlin Nob","floor":6,"turns":3},{"damage":7,"enemies":"Looter","floor":10,"turns":3},{"damage":8,"enemies":"Blue Slaver","floor":13,"turns":2},{"damage":16,"enemies":"3 Sentries","floor":14,"turns":5},{"damage":20,"enemies":"Hexaghost","floor":16,"turns":9},{"damage":19,"enemies":"3 Byrds","floor":18,"turns":4},{"damage":31,"enemies":"Shell Parasite","floor":19,"turns":7},{"damage":52,"enemies":"Book of Stabbing","floor":23,"turns":5}],"seed_played":"4013989680060549342","potions_obtained":[{"floor":1,"key":"FocusPotion"},{"floor":5,"key":"FairyPotion"},{"floor":5,"key":"EntropicBrew"},{"floor":10,"key":"EssenceOfSteel"},{"floor":13,"key":"Weak Potion"},{"floor":16,"key":"Regen Potion"},{"floor":17,"key":"PowerPotion"},{"floor":18,"key":"FocusPotion"}],"is_trial":false,"path_per_floor":["M","M","?","M","?","E","$","R","T","M","?","?","M","E","R","B",null,"M","M","$","?","?","E"],"character_chosen":"DEFECT","items_purchased":["Self Repair","Hologram","Mercury Hourglass"],"campfire_rested":0,"item_purchase_floors":[7,7,20],"current_hp_per_floor":[66,62,44,44,44,34,34,34,34,34,52,52,44,35,35,22,62,50,26,26,26,26,0],"gold":45,"neow_bonus":"BOSS_RELIC","is_prod":false,"is_daily":false,"chose_seed":false,"campfire_upgraded":2,"win_rate":0,"timestamp":1552107456,"path_taken":["M","M","?","M","?","E","$","R","T","?","?","?","M","E","R","BOSS","M","M","$","?","?","E"],"build_version":"2019-01-23","purchased_purges":0,"victory":false,"max_hp_per_floor":[75,75,75,75,75,75,75,75,75,75,75,69,69,69,69,69,74,74,74,74,74,74,74],"card_choices":[{"not_picked":["Aggregate","Hologram"],"picked":"Sweeping Beam","floor":1},{"not_picked":["Coolheaded","Beam Cell"],"picked":"Sweeping Beam","floor":2},{"not_picked":["Conserve Battery","Stack"],"picked":"Streamline","floor":4},{"not_picked":["Steam","Reinforced Body"],"picked":"Skim","floor":6},{"not_picked":["Genetic Algorithm","Streamline"],"picked":"Ball Lightning","floor":10},{"not_picked":["Genetic Algorithm","Darkness"],"picked":"Rebound","floor":13},{"not_picked":["Auto Shields","Scrape"],"picked":"Buffer","floor":14},{"not_picked":["Seek","Amplify"],"picked":"Echo Form","floor":16},{"not_picked":["FTL","Turbo"],"picked":"Heatsinks","floor":17},{"not_picked":["Auto Shields","Darkness"],"picked":"Recycle+1","floor":18},{"not_picked":["Fusion","Auto Shields","Stack+1"],"picked":"SKIP","floor":19}],"player_experience":901430,"relics_obtained":[{"floor":6,"key":"Ornamental Fan"},{"floor":9,"key":"Orichalcum"},{"floor":14,"key":"Cables"}],"event_choices":[{"damage_healed":0,"gold_gain":0,"player_choice":"Success","damage_taken":18,"relics_obtained":["Omamori"],"max_hp_gain":0,"max_hp_loss":0,"event_name":"Scrap Ooze","floor":3,"gold_loss":0},{"damage_healed":0,"gold_gain":0,"player_choice":"Bought 2 Potions","damage_taken":0,"max_hp_gain":0,"max_hp_loss":0,"event_name":"The Woman in Blue","floor":5,"gold_loss":0},{"damage_healed":18,"gold_gain":0,"player_choice":"Healed","damage_taken":0,"max_hp_gain":0,"max_hp_loss":0,"event_name":"The Cleric","floor":11,"gold_loss":35},{"damage_healed":0,"gold_gain":0,"player_choice":"Lose Max HP","damage_taken":0,"relics_obtained":["Golden Idol"],"max_hp_gain":0,"max_hp_loss":6,"event_name":"Golden Idol","floor":12,"gold_loss":0},{"damage_healed":0,"gold_gain":0,"player_choice":"Ignored","damage_taken":0,"max_hp_gain":0,"max_hp_loss":0,"event_name":"Vampires","floor":21,"gold_loss":0},{"damage_healed":0,"gold_gain":0,"player_choice":"Forge","damage_taken":0,"max_hp_gain":0,"max_hp_loss":0,"event_name":"Accursed Blacksmith","floor":22,"gold_loss":0,"cards_upgraded":["Echo Form"]}],"is_beta":false,"boss_relics":[{"not_picked":["Empty Cage","Coffee Dripper"],"picked":"Tiny House"}],"items_purged_floors":[],"is_endless":false,"potions_floor_spawned":[1,10,13,16,18],"killed_by":"Book of Stabbing","ascension_level":9}