{"gold_per_floor":[12,12,29,29,45,45,72,82,106,121,39,56,67,77,77,175,175,195,208,227,227,246,246,246,101,152,183,194,210,228,244,244,244],"floor_reached":33,"playtime":1515,"items_purged":[],"score":392,"play_id":"0ad17d00-31e9-40e9-aac7-7fab274b91c9","local_time":"20190102134252","is_ascension_mode":true,"campfire_choices":[{"data":"Adrenaline","floor":6,"key":"SMITH"},{"floor":15,"key":"REST"},{"floor":23,"key":"REST"},{"floor":32,"key":"REST"}],"neow_cost":"NO_GOLD","seed_source_timestamp":1011673312093666,"circlet_count":0,"master_deck":["Defend_G","Defend_G","Defend_G","Defend_G","Defend_G","Strike_G","Strike_G","Strike_G","Strike_G+1","Survivor","Neutralize+1","Adrenaline+1","Sucker Punch","Calculated Gamble","Crippling Poison","PiercingWail","Noxious Fumes","Masterful Stab","Noxious Fumes","Footwork","Blur","Riddle With Holes","All Out Attack","Unload","Flying Knee","Catalyst","Dodge and Roll+1","Terror+1","Setup+1","Outmaneuver+1","PiercingWail+1","Heel Hook+1","Footwork+1"],"relics":["Ring of the Serpent","Orichalcum","Boot","MutagenicStrength","Omamori","Bag of Marbles","Snake Skull"],"potions_floor_usage":[10,16,27,28,29,33,33],"damage_taken":[{"damage":0,"enemies":"2 Louse","floor":1,"turns":3},{"damage":0,"enemies":"Jaw Worm","floor":3,"turns":3},{"damage":0,"enemies":"Cultist","floor":5,"turns":4},{"damage":35,"enemies":"Lagavulin","floor":7,"turns":9},{"damage":1,"enemies":"Lots of Slimes","floor":8,"turns":3},{"damage":0,"enemies":"2 Fungi Beasts","floor":10,"turns":2},{"damage":5,"enemies":"Large Slime","floor":12,"turns":4},{"damage":0,"enemies":"Exordium Wildlife","floor":13,"turns":3},{"damage":0,"enemies":"Blue Slaver","floor":14,"turns":3},{"damage":0,"enemies":"Slime Boss","floor":16,"turns":8},{"damage":19,"enemies":"2 Thieves","floor":18,"turns":5},{"damage":18,"enemies":"Spheric Guardian","floor":19,"turns":5},{"damage":14,"enemies":"Centurion and Healer","floor":20,"turns":4},{"damage":24,"enemies":"Snake Plant","floor":22,"turns":4},{"damage":16,"enemies":"Slavers","floor":27,"turns":5},{"damage":0,"enemies":"Snecko","floor":28,"turns":3},{"damage":2,"enemies":"Chosen and Byrds","floor":29,"turns":4},{"damage":14,"enemies":"Snake Plant","floor":30,"turns":5},{"damage":8,"enemies":"Snecko","floor":31,"turns":4},{"damage":33,"enemies":"Champ","floor":33,"turns":8}],"seed_played":"8311774993556705556","potions_obtained":[{"floor":3,"key":"SpeedPotion"},{"floor":5,"key":"Weak Potion"},{"floor":8,"key":"GhostInAJar"},{"floor":14,"key":"Explosive Potion"},{"floor":20,"key":"SteroidPotion"},{"floor":28,"key":"Fruit Juice"},{"floor":30,"key":"Poison Potion"}],"is_trial":false,"path_per_floor":["M","?","M","?","M","R","E","M","T","M","$","M","M","M","R","B",null,"M","M","M","?","M","R","?","$","T","E","M","M","M","M","R","B"],"character_chosen":"THE_SILENT","items_purchased":["Footwork","Omamori"],"campfire_rested":3,"item_purchase_floors":[11,25],"current_hp_per_floor":[70,56,56,56,56,56,21,20,20,20,20,15,15,15,36,36,70,51,33,19,42,18,39,39,39,39,23,28,26,12,4,26,0],"gold":244,"neow_bonus":"THREE_RARE_CARDS","is_prod":false,"is_daily":false,"chose_seed":false,"campfire_upgraded":1,"win_rate":0,"timestamp":1546447372,"path_taken":["M","?","M","?","M","R","E","?","T","M","$","M","M","M","R","BOSS","M","?","M","?","M","R","?","?","T","E","?","M","M","M","R","BOSS"],"build_version":"2018-12-20","purchased_purges":0,"victory":false,"max_hp_per_floor":[70,70,70,70,70,70,70,70,70,70,70,70,70,70,70,70,70,70,70,70,70,70,70,70,70,70,70,75,75,75,75,75,75],"card_choices":[{"not_picked":["After Image","Grand Finale"],"picked":"Adrenaline","floor":0},{"not_picked":["Catalyst","Deflect"],"picked":"Sucker Punch","floor":1},{"not_picked":["Blade Dance","Dagger Throw"],"picked":"Calculated Gamble","floor":3},{"not_picked":["Bane","Sucker Punch"],"picked":"PiercingWail","floor":5},{"not_picked":["Blade Dance","Deadly Poison"],"picked":"Noxious Fumes","floor":7},{"not_picked":["Slice","Endless Agony"],"picked":"Masterful Stab","floor":8},{"not_picked":["After Image","Poisoned Stab"],"picked":"Noxious Fumes","floor":10},{"not_picked":["Quick Slash","Sucker Punch"],"picked":"Blur","floor":12},{"not_picked":["Poisoned Stab","Sucker Punch"],"picked":"Riddle With Holes","floor":13},{"not_picked":["Acrobatics","Infinite Blades"],"picked":"All Out Attack","floor":14},{"not_picked":["Burst","Storm of Steel"],"picked":"Unload","floor":16},{"not_picked":["Poisoned Stab","Deflect"],"picked":"Flying Knee","floor":18},{"not_picked":["Accuracy+1","Deflect"],"picked":"Catalyst","floor":19},{"not_picked":["Slice+1","Dagger Spray+1"],"picked":"Dodge and Roll+1","floor":20},{"not_picked":["Underhanded Strike","PiercingWail"],"picked":"Terror+1","floor":22},{"not_picked":["Blur","Choke+1"],"picked":"Setup+1","floor":27},{"not_picked":["Dagger Throw","Phantasmal Killer"],"picked":"Outmaneuver+1","floor":28},{"not_picked":["Deflect+1","Blade Dance"],"picked":"PiercingWail+1","floor":29},{"not_picked":["Underhanded Strike","Tactician"],"picked":"Heel Hook+1","floor":30},{"not_picked":["Deflect","Dagger Throw"],"picked":"Footwork+1","floor":31}],"player_experience":602308,"relics_obtained":[{"floor":7,"key":"Orichalcum"},{"floor":9,"key":"Boot"},{"floor":26,"key":"Bag of Marbles"},{"floor":27,"key":"Snake Skull"}],"event_choices":[{"damage_healed":0,"gold_gain":0,"player_choice":"Entered Light","damage_taken":14,"max_hp_gain":0,"max_hp_loss":0,"event_name":"Shining Light","floor":2,"gold_loss":0,"cards_upgraded":["Neutralize","Strike_G"]},{"damage_healed":0,"gold_gain":0,"cards_transformed":["Strike_G"],"player_choice":"Transformed","damage_taken":0,"max_hp_gain":0,"max_hp_loss":0,"event_name":"Transmorgrifier","floor":4,"gold_loss":0,"cards_obtained":["Crippling Poison"]},{"damage_healed":23,"gold_gain":0,"player_choice":"Heal","damage_taken":0,"max_hp_gain":0,"max_hp_loss":0,"event_name":"The Library","floor":21,"gold_loss":0},{"damage_healed":0,"gold_gain":0,"player_choice":"Inject Mutagens","damage_taken":0,"relics_obtained":["MutagenicStrength"],"max_hp_gain":0,"max_hp_loss":0,"event_name":"Drug Dealer","floor":24,"gold_loss":0}],"is_beta":false,"boss_relics":[{"not_picked":["Black Star","Runic Pyramid"],"picked":"Ring of the Serpent"}],"items_purged_floors":[],"is_endless":false,"potions_floor_spawned":[3,5,8,14,20,28,30],"killed_by":"Champ","ascension_level":4}