{"gold_per_floor":[118,118,134,153,176,206,206,240,240,250,275,275,275,255,255,360,360,374,385,401,146,165,198,198,227,227,258,258,258,173,187,187,285,285,301,401,418,418,13,47,57,69,118,165,197,209,484,511,511,511,511,511,38,68,68],"floor_reached":56,"playtime":3660,"items_purged":["Pain","Writhe","Regret"],"score":1625,"play_id":"a167794f-6c62-4ee7-b4a2-7abe6126809c","local_time":"20190429023035","is_ascension_mode":true,"campfire_choices":[{"data":"Beam Cell","floor":7,"key":"SMITH"},{"data":"Hologram","floor":15,"key":"SMITH"},{"data":"Defragment","floor":28,"key":"SMITH"},{"data":"Capacitor","floor":32,"key":"SMITH"},{"floor":49,"key":"RECALL"},{"data":"Buffer","floor":52,"key":"SMITH"}],"neow_cost":"NONE","seed_source_timestamp":4171924699103612,"circlet_count":0,"master_deck":["Defend_B","Defend_B","Zap","Dualcast","Rip and Tear","Glacier","Hologram+1","Beam Cell+1","Ball Lightning","Electrodynamics","Cold Snap+1","Sweeping Beam+1","Capacitor+1","Defragment+1","Conserve Battery","Buffer+1","Compile Driver","Chaos","Coolheaded+1","Amplify+1","Capacitor+1","Electrodynamics+1","Steam+1","BootSequence+1","Coolheaded+1","White Noise+1","Leap+1","Coolheaded+1","Coolheaded+1","Coolheaded+1","Blind+1","White Noise+1"],"relics":["Cracked Core","WarpedTongs","Whetstone","Juzu Bracelet","Smiling Mask","Centennial Puzzle","Boot","Anchor","Shuriken","Velvet Choker","Pen Nib","Potion Belt","Toxic Egg 2","DataDisk","Strawberry","Astrolabe","Dead Branch","Pantograph","Sundial","Torii","Darkstone Periapt","Art of War","Cables","Happy Flower"],"potions_floor_usage":[8,11,16,16,20,23,25,33,54,55,55,55,55],"damage_taken":[{"damage":1,"enemies":"Cultist","floor":1,"turns":3},{"damage":9,"enemies":"Jaw Worm","floor":3,"turns":2},{"damage":6,"enemies":"2 Louse","floor":4,"turns":3},{"damage":11,"enemies":"Gremlin Nob","floor":6,"turns":4},{"damage":2,"enemies":"Lagavulin","floor":8,"turns":4},{"damage":5,"enemies":"Lots of Slimes","floor":10,"turns":4},{"damage":9,"enemies":"3 Sentries","floor":11,"turns":7},{"damage":11,"enemies":"Hexaghost","floor":16,"turns":8},{"damage":1,"enemies":"Chosen","floor":18,"turns":3},{"damage":3,"enemies":"2 Thieves","floor":19,"turns":2},{"damage":6,"enemies":"Snecko","floor":20,"turns":3},{"damage":0,"enemies":"3 Cultists","floor":22,"turns":3},{"damage":12,"enemies":"Gremlin Leader","floor":23,"turns":6},{"damage":7,"enemies":"Slavers","floor":25,"turns":5},{"damage":5,"enemies":"Gremlin Leader","floor":27,"turns":5},{"damage":0,"enemies":"Shelled Parasite and Fungi","floor":31,"turns":5},{"damage":0,"enemies":"Champ","floor":33,"turns":9},{"damage":0,"enemies":"3 Shapes","floor":35,"turns":2},{"damage":28,"enemies":"Mind Bloom Boss Battle","floor":36,"turns":5},{"damage":0,"enemies":"Orb Walker","floor":37,"turns":3},{"damage":10,"enemies":"Reptomancer","floor":40,"turns":5},{"damage":5,"enemies":"Writhing Mass","floor":41,"turns":6},{"damage":0,"enemies":"Maw","floor":42,"turns":6},{"damage":0,"enemies":"2 Orb Walkers","floor":44,"turns":4},{"damage":0,"enemies":"Giant Head","floor":45,"turns":9},{"damage":0,"enemies":"3 Darklings","floor":46,"turns":2},{"damage":16,"enemies":"Reptomancer","floor":48,"turns":8},{"damage":3,"enemies":"Donu and Deca","floor":50,"turns":8},{"damage":51,"enemies":"Shield and Spear","floor":54,"turns":11},{"damage":0,"enemies":"The Heart","floor":55,"turns":11}],"seed_played":"-6669932369740750728","potions_obtained":[{"floor":4,"key":"Fire Potion"},{"floor":6,"key":"Poison Potion"},{"floor":8,"key":"SkillPotion"},{"floor":10,"key":"SkillPotion"},{"floor":14,"key":"Dexterity Potion"},{"floor":20,"key":"LiquidBronze"},{"floor":23,"key":"Block Potion"},{"floor":31,"key":"SpeedPotion"},{"floor":35,"key":"GamblersBrew"},{"floor":40,"key":"Fire Potion"},{"floor":42,"key":"FairyPotion"},{"floor":54,"key":"FearPotion"}],"is_trial":false,"path_per_floor":["M","?","M","M","T","E","R","E","T","M","E","?","?","?","R","B",null,"M","M","M","$","M","E","?","E","T","E","R","?","?","M","R","B",null,"M","?","M","?","$","E","M","M","T","?","E","M","?","E","R","B",null,"R","$","E","B",null],"character_chosen":"DEFECT","items_purchased":["Defragment","Conserve Battery","FocusPotion","SkillPotion","Pantograph","FocusPotion","White Noise+1","Cables","Blind+1","LiquidBronze"],"campfire_rested":0,"item_purchase_floors":[21,21,21,21,39,39,39,53,53,53],"current_hp_per_floor":[74,74,65,59,59,48,48,46,46,41,32,32,25,25,25,14,75,74,71,65,65,65,53,53,46,46,41,41,41,48,48,48,48,82,82,54,54,75,75,65,60,60,60,60,60,60,66,50,50,72,88,88,88,37,62],"gold":68,"neow_bonus":"REMOVE_CARD","is_prod":false,"is_daily":false,"chose_seed":false,"campfire_upgraded":5,"win_rate":0,"timestamp":1556519435,"path_taken":["M","?","?","?","?","E","R","E","T","M","E","?","?","?","R","BOSS","M","M","M","$","M","E","?","E","T","E","R","?","?","M","R","BOSS","M","?","M","?","?","E","M","M","T","?","E","M","?","E","R","BOSS","R","$","E","BOSS"],"build_version":"2019-04-23","purchased_purges":3,"victory":true,"max_hp_per_floor":[75,75,75,75,75,75,75,75,75,75,75,75,75,75,75,75,75,75,75,75,75,75,75,75,75,75,75,75,75,82,82,82,82,82,82,82,82,82,82,82,82,82,82,82,82,82,88,88,88,88,88,88,88,88,88],"card_choices":[{"not_picked":["Coolheaded","Recycle"],"picked":"Rip and Tear","floor":1},{"not_picked":["Steam","Skim"],"picked":"Glacier","floor":3},{"not_picked":["Double Energy","Barrage"],"picked":"Hologram","floor":4},{"not_picked":["Leap","Streamline"],"picked":"Beam Cell","floor":6},{"not_picked":["Fusion","Redo"],"picked":"Ball Lightning","floor":8},{"not_picked":["Barrage","Rebound","Lockon"],"picked":"SKIP","floor":10},{"not_picked":["Coolheaded","Force Field"],"picked":"Go for the Eyes","floor":11},{"not_picked":["Hyperbeam","Creative AI"],"picked":"Electrodynamics","floor":16},{"not_picked":["Auto Shields","Turbo"],"picked":"Cold Snap+1","floor":18},{"not_picked":["Heatsinks+1","Leap"],"picked":"Sweeping Beam+1","floor":19},{"not_picked":["White Noise+1","Rebound+1"],"picked":"Capacitor","floor":20},{"not_picked":["Streamline","Stack+1"],"picked":"Buffer","floor":22},{"not_picked":["Double Energy","Steam","Sweeping Beam+1"],"picked":"SKIP","floor":23},{"not_picked":["Compile Driver+1","Buffer","Sweeping Beam+1"],"picked":"SKIP","floor":25},{"not_picked":["Fusion+1","Streamline","Fission+1"],"picked":"SKIP","floor":27},{"not_picked":["Force Field+1","Self Repair"],"picked":"Coolheaded+1","floor":31},{"not_picked":["Hologram+1","Redo+1"],"picked":"Steam+1","floor":35},{"not_picked":["Chaos+1","Beam Cell"],"picked":"BootSequence+1","floor":36},{"not_picked":["Aggregate+1","Heatsinks+1"],"picked":"Coolheaded+1","floor":37},{"not_picked":["Compile Driver+1","Ball Lightning"],"picked":"Leap+1","floor":40},{"not_picked":["Sweeping Beam+1","Reboot+1","Skim+1"],"picked":"SKIP","floor":41},{"not_picked":["Cold Snap","Streamline+1","Hologram+1"],"picked":"SKIP","floor":42},{"not_picked":["Loop","Skim+1"],"picked":"Coolheaded+1","floor":44},{"not_picked":["Skim+1","Cold Snap+1"],"picked":"Coolheaded+1","floor":45},{"not_picked":["Chaos+1","Double Energy+1"],"picked":"Coolheaded+1","floor":46},{"not_picked":["Cold Snap","Sweeping Beam","Reboot+1"],"picked":"SKIP","floor":48},{"not_picked":["Redo+1","Stack+1"],"picked":"White Noise+1","floor":54}],"player_experience":5542321,"relics_obtained":[{"floor":5,"key":"Whetstone"},{"floor":6,"key":"Juzu Bracelet"},{"floor":8,"key":"Smiling Mask"},{"floor":9,"key":"Centennial Puzzle"},{"floor":11,"key":"Boot"},{"floor":23,"key":"Pen Nib"},{"floor":25,"key":"Potion Belt"},{"floor":26,"key":"Toxic Egg 2"},{"floor":27,"key":"DataDisk"},{"floor":36,"key":"Dead Branch"},{"floor":40,"key":"Sundial"},{"floor":44,"key":"Torii"},{"floor":45,"key":"Darkstone Periapt"},{"floor":48,"key":"Art of War"},{"floor":54,"key":"Happy Flower"}],"event_choices":[{"damage_healed":0,"gold_gain":0,"player_choice":"Rummage","damage_taken":0,"relics_obtained":["WarpedTongs"],"max_hp_gain":0,"max_hp_loss":0,"event_name":"Accursed Blacksmith","floor":2,"gold_loss":0,"cards_obtained":["Pain"]},{"cards_removed":["Go for the Eyes"],"damage_healed":0,"gold_gain":0,"player_choice":"Gave Card","damage_taken":0,"relics_obtained":["Anchor"],"max_hp_gain":0,"max_hp_loss":0,"event_name":"WeMeetAgain","floor":12,"gold_loss":0},{"damage_healed":0,"gold_gain":0,"player_choice":"Success","damage_taken":7,"relics_obtained":["Shuriken"],"max_hp_gain":0,"max_hp_loss":0,"event_name":"Scrap Ooze","floor":13,"gold_loss":0},{"damage_healed":0,"gold_gain":0,"player_choice":"Bought 1 Potion","damage_taken":0,"max_hp_gain":0,"max_hp_loss":0,"event_name":"The Woman in Blue","floor":14,"gold_loss":0},{"damage_healed":0,"gold_gain":0,"cards_transformed":["Strike_B","Defend_B"],"player_choice":"Became Test Subject","damage_taken":0,"max_hp_gain":0,"max_hp_loss":0,"event_name":"Drug Dealer","floor":24,"gold_loss":0,"cards_obtained":["Compile Driver","Chaos"]},{"damage_healed":0,"gold_gain":0,"player_choice":"Ignored","damage_taken":0,"max_hp_gain":0,"max_hp_loss":0,"event_name":"Vampires","floor":29,"gold_loss":0},{"damage_healed":0,"gold_gain":0,"player_choice":"Obtained Relic","damage_taken":0,"relics_obtained":["Strawberry"],"max_hp_gain":0,"max_hp_loss":0,"event_name":"Addict","floor":30,"gold_loss":85},{"damage_healed":0,"gold_gain":0,"player_choice":"Fight","damage_taken":0,"max_hp_gain":0,"max_hp_loss":0,"event_name":"MindBloom","floor":36,"gold_loss":0},{"damage_healed":21,"gold_gain":0,"player_choice":"Writhe","damage_taken":0,"max_hp_gain":0,"max_hp_loss":0,"event_name":"Winding Halls","floor":38,"gold_loss":0,"cards_obtained":["Writhe"]},{"damage_healed":0,"gold_gain":0,"player_choice":"Fight","damage_taken":0,"max_hp_gain":0,"max_hp_loss":0,"event_name":"Mysterious Sphere","floor":44,"gold_loss":0},{"damage_healed":0,"gold_gain":275,"player_choice":"Desecrate","damage_taken":0,"max_hp_gain":0,"max_hp_loss":0,"event_name":"Golden Shrine","floor":47,"gold_loss":0,"cards_obtained":["Regret"]}],"is_beta":true,"boss_relics":[{"not_picked":["White Beast Statue","Orrery"],"picked":"Velvet Choker"},{"not_picked":["Empty Cage","Eternal Feather"],"picked":"Astrolabe"}],"items_purged_floors":[21,39,53],"is_endless":false,"potions_floor_spawned":[4,6,8,10,20,22,23,31,35,40,42,44,54],"ascension_level":1}