{"gold_per_floor":[368,379,379,17,17,17,55,55,55,69,112,33,48,86,86,217,217,233,158,171,196,46,46,82,122,147,160,203,153,192,210,210,340,340,358,47,68,87,100,143,167,207,232,263,284,284,284,298,298,298,298,298,90,123,123],"floor_reached":56,"playtime":5097,"items_purged":["Strike_B","Strike_B"],"score":1709,"play_id":"223dabaf-0926-4370-b3fd-cc5ad1492d38","local_time":"20190421084717","is_ascension_mode":true,"campfire_choices":[{"data":"Rainbow","floor":6,"key":"SMITH"},{"data":"Buffer","floor":8,"key":"SMITH"},{"data":"Defragment","floor":15,"key":"SMITH"},{"data":"Fission","floor":23,"key":"SMITH"},{"data":"Loop","floor":32,"key":"SMITH"},{"floor":46,"key":"RECALL"},{"data":"Fission","floor":49,"key":"SMITH"},{"data":"Defragment","floor":52,"key":"SMITH"}],"neow_cost":"TEN_PERCENT_HP_LOSS","seed_source_timestamp":3501885663241081,"circlet_count":0,"master_deck":["Strike_B","Defend_B","Defend_B","Defend_B","Defend_B","Zap","Dualcast","Streamline","Ball Lightning","Self Repair","Rainbow+1","Darkness+1","Buffer+1","Loop+1","Fission+1","Defragment+1","Genetic Algorithm","Hyperbeam","Cold Snap+1","Force Field","Multi-Cast","Turbo","Go for the Eyes","Conserve Battery","Steam","Capacitor+1","Fission+1","Go for the Eyes+1","Coolheaded","Cold Snap","Leap+1","Stack+1","Defragment+1","Tempest+1","Fusion+1","Defragment+1","Hologram","Chill","Biased Cognition"],"relics":["Cracked Core","Golden Idol","Oddly Smooth Stone","Gremlin Horn","Ginger","Blood Vial","Runic Pyramid","Art of War","Ancient Tea Set","Red Mask","Anchor","Bronze Scales","Dream Catcher","Inserter","Bottled Tornado","Question Card","DataDisk","Happy Flower","Strawberry"],"potions_floor_usage":[11,18,20,25,30,37,39,40,44,50,55],"damage_taken":[{"damage":0,"enemies":"2 Louse","floor":1,"turns":3},{"damage":0,"enemies":"Small Slimes","floor":2,"turns":2},{"damage":8,"enemies":"Lagavulin","floor":7,"turns":5},{"damage":0,"enemies":"Cultist","floor":10,"turns":3},{"damage":11,"enemies":"3 Sentries","floor":11,"turns":5},{"damage":0,"enemies":"Lots of Slimes","floor":13,"turns":3},{"damage":0,"enemies":"Gremlin Nob","floor":14,"turns":4},{"damage":0,"enemies":"Slime Boss","floor":16,"turns":6},{"damage":5,"enemies":"3 Byrds","floor":18,"turns":3},{"damage":12,"enemies":"2 Thieves","floor":20,"turns":4},{"damage":0,"enemies":"Cultist and Chosen","floor":21,"turns":7},{"damage":24,"enemies":"Slavers","floor":24,"turns":4},{"damage":0,"enemies":"Masked Bandits","floor":25,"turns":4},{"damage":0,"enemies":"Chosen and Byrds","floor":27,"turns":4},{"damage":0,"enemies":"Gremlin Leader","floor":28,"turns":6},{"damage":0,"enemies":"Book of Stabbing","floor":30,"turns":5},{"damage":0,"enemies":"Centurion and Healer","floor":31,"turns":4},{"damage":0,"enemies":"Champ","floor":33,"turns":6},{"damage":0,"enemies":"Orb Walker","floor":35,"turns":5},{"damage":3,"enemies":"3 Shapes","floor":37,"turns":3},{"damage":0,"enemies":"Spire Growth","floor":38,"turns":5},{"damage":10,"enemies":"3 Darklings","floor":39,"turns":6},{"damage":0,"enemies":"Reptomancer","floor":40,"turns":13},{"damage":0,"enemies":"Maw","floor":41,"turns":8},{"damage":0,"enemies":"Giant Head","floor":42,"turns":9},{"damage":1,"enemies":"Reptomancer","floor":44,"turns":7},{"damage":12,"enemies":"Transient","floor":45,"turns":5},{"damage":4,"enemies":"3 Darklings","floor":48,"turns":4},{"damage":0,"enemies":"Awakened One","floor":50,"turns":13},{"damage":9,"enemies":"Shield and Spear","floor":54,"turns":6},{"damage":49,"enemies":"The Heart","floor":55,"turns":9}],"seed_played":"-8988726117413318918","potions_obtained":[{"floor":7,"key":"Swift Potion"},{"floor":10,"key":"Energy Potion"},{"floor":13,"key":"FearPotion"},{"floor":14,"key":"Explosive Potion"},{"floor":18,"key":"GamblersBrew"},{"floor":21,"key":"Energy Potion"},{"floor":28,"key":"Block Potion"},{"floor":33,"key":"Poison Potion"},{"floor":37,"key":"Fruit Juice"},{"floor":38,"key":"Fire Potion"},{"floor":40,"key":"FocusPotion"},{"floor":41,"key":"FearPotion"},{"floor":42,"key":"Energy Potion"}],"is_trial":false,"path_per_floor":["M","M","?","$","?","R","E","R","T","M","E","$","M","E","R","B",null,"M","?","M","M","$","R","E","?","T","M","E","?","E","M","R","B",null,"M","$","M","M","M","E","M","E","T","E","M","R","?","M","R","B",null,"R","$","E","B",null],"character_chosen":"DEFECT","items_purchased":["Self Repair","Rainbow","Darkness","Defragment","Art of War","Coolheaded","Cold Snap","Bottled Tornado","Chill","Ancient Potion"],"campfire_rested":0,"item_purchase_floors":[4,4,4,12,22,36,36,36,53,53],"current_hp_per_floor":[68,68,63,63,63,63,62,62,62,63,59,59,63,63,63,63,63,63,63,58,63,63,63,46,55,55,63,63,63,63,63,63,63,63,63,63,68,68,65,68,68,68,68,68,63,63,63,68,68,68,68,68,68,66,26],"gold":123,"neow_bonus":"TWO_FIFTY_GOLD","is_prod":false,"is_daily":false,"chose_seed":false,"campfire_upgraded":7,"win_rate":0,"timestamp":1555850837,"path_taken":["M","M","?","$","?","R","E","R","T","?","E","?","M","E","R","BOSS","M","?","M","M","$","R","E","?","T","M","E","?","E","?","R","BOSS","M","$","M","M","M","E","M","E","T","E","M","R","?","?","R","BOSS","R","$","E","BOSS"],"build_version":"2019-04-20","purchased_purges":2,"victory":true,"max_hp_per_floor":[68,68,63,63,63,63,63,63,63,63,63,63,63,63,63,63,63,63,63,63,63,63,63,63,63,63,63,63,63,63,63,63,63,63,63,63,68,68,68,68,68,68,68,68,68,68,68,68,68,68,68,68,68,75,75],"card_choices":[{"not_picked":["Hologram","Turbo"],"picked":"Streamline","floor":1},{"not_picked":["Blizzard","Auto Shields"],"picked":"Ball Lightning","floor":2},{"not_picked":["Self Repair","Reinforced Body"],"picked":"Buffer","floor":7},{"not_picked":["Gash","Stack"],"picked":"Loop","floor":10},{"not_picked":["Steam","BootSequence"],"picked":"Fission","floor":11},{"not_picked":["Melter","Aggregate","Sweeping Beam"],"picked":"SKIP","floor":13},{"not_picked":["Reprogram","Compile Driver"],"picked":"Genetic Algorithm","floor":14},{"not_picked":["Meteor Strike","Fission"],"picked":"Hyperbeam","floor":16},{"not_picked":["Reprogram","Streamline"],"picked":"Cold Snap+1","floor":18},{"not_picked":["Rip and Tear+1","Gash+1","Aggregate"],"picked":"SKIP","floor":20},{"not_picked":["Rebound","Streamline"],"picked":"Force Field","floor":21},{"not_picked":["Self Repair+1","Coolheaded"],"picked":"Multi-Cast","floor":24},{"not_picked":["Leap","Hello World+1"],"picked":"Turbo","floor":25},{"not_picked":["Tempest","Streamline"],"picked":"Go for the Eyes","floor":27},{"not_picked":["Sweeping Beam","Doom and Gloom"],"picked":"Conserve Battery","floor":28},{"not_picked":["Hologram","Beam Cell"],"picked":"Steam","floor":30},{"not_picked":["Barrage","Steam Power"],"picked":"Capacitor+1","floor":31},{"not_picked":["Machine Learning","Creative AI"],"picked":"Fission","floor":33},{"not_picked":["Conserve Battery","Compile Driver+1"],"picked":"Go for the Eyes+1","floor":35},{"not_picked":["Sweeping Beam+1","Steam Power"],"picked":"Leap+1","floor":37},{"not_picked":["Leap+1","Reinforced Body+1"],"picked":"Stack+1","floor":38},{"not_picked":["Auto Shields+1","Recycle"],"picked":"Defragment+1","floor":39},{"not_picked":["Heatsinks","Hello World"],"picked":"Tempest+1","floor":40},{"not_picked":["Loop","Rebound","Self Repair"],"picked":"Fusion+1","floor":41},{"not_picked":["Melter+1","Rebound+1","Compile Driver","Gash"],"picked":"SKIP","floor":42},{"not_picked":["Leap+1","Gash+1","Streamline+1","Sweeping Beam"],"picked":"SKIP","floor":44},{"not_picked":["Hologram","Core Surge","Doom and Gloom"],"picked":"Defragment","floor":45},{"not_picked":["Chaos","Conserve Battery","Go for the Eyes"],"picked":"Hologram","floor":48},{"not_picked":["Rebound+1","Genetic Algorithm","Streamline+1"],"picked":"Biased Cognition","floor":54}],"player_experience":5426581,"relics_obtained":[{"floor":7,"key":"Oddly Smooth Stone"},{"floor":9,"key":"Gremlin Horn"},{"floor":11,"key":"Ginger"},{"floor":14,"key":"Blood Vial"},{"floor":24,"key":"Ancient Tea Set"},{"floor":25,"key":"Red Mask"},{"floor":26,"key":"Anchor"},{"floor":28,"key":"Bronze Scales"},{"floor":30,"key":"Dream Catcher"},{"floor":40,"key":"Question Card"},{"floor":42,"key":"DataDisk"},{"floor":44,"key":"Happy Flower"},{"floor":54,"key":"Strawberry"}],"event_choices":[{"damage_healed":0,"gold_gain":0,"player_choice":"Lose Max HP","damage_taken":0,"relics_obtained":["Golden Idol"],"max_hp_gain":0,"max_hp_loss":5,"event_name":"Golden Idol","floor":3,"gold_loss":0},{"damage_healed":0,"gold_gain":0,"player_choice":"Upgraded","damage_taken":0,"max_hp_gain":0,"max_hp_loss":0,"event_name":"Upgrade Shrine","floor":5,"gold_loss":0,"cards_upgraded":["Darkness"]},{"cards_removed":["Strike_B"],"damage_healed":0,"gold_gain":0,"player_choice":"Gave Gold","damage_taken":0,"max_hp_gain":0,"max_hp_loss":0,"event_name":"Beggar","floor":19,"gold_loss":75},{"damage_healed":0,"gold_gain":0,"player_choice":"Fought Bandits","damage_taken":0,"max_hp_gain":0,"max_hp_loss":0,"event_name":"Masked Bandits","floor":25,"gold_loss":0},{"damage_healed":0,"gold_gain":0,"player_choice":"Bet on Murderer","damage_taken":0,"max_hp_gain":0,"max_hp_loss":0,"event_name":"The Joust","floor":29,"gold_loss":50},{"damage_healed":0,"gold_gain":0,"player_choice":"Ignored","damage_taken":0,"max_hp_gain":0,"max_hp_loss":0,"event_name":"SecretPortal","floor":47,"gold_loss":0}],"is_beta":true,"boss_relics":[{"not_picked":["Calling Bell","FrozenCore"],"picked":"Runic Pyramid"},{"not_picked":["White Beast Statue","Nuclear Battery"],"picked":"Inserter"}],"items_purged_floors":[4,53],"is_endless":false,"potions_floor_spawned":[7,10,13,14,18,21,24,28,33,37,38,40,41,42],"ascension_level":1}