{"gold_per_floor":[115,115,140,140,215,215,248,248,272,288,21,44,44,44,44,173,173,189,288,266,266,284,284,309,343,396,396,34,34],"floor_reached":29,"playtime":1237,"items_purged":["Strike_R"],"score":386,"play_id":"6bb50679-05ee-459e-9710-d111592680ee","local_time":"20190325004523","is_ascension_mode":true,"campfire_choices":[{"data":"Exhume","floor":6,"key":"SMITH"},{"floor":13,"key":"REST"},{"data":"Armaments","floor":15,"key":"SMITH"},{"floor":23,"key":"REST"},{"floor":27,"key":"REST"}],"neow_cost":"NONE","seed_source_timestamp":347493549611897,"circlet_count":0,"master_deck":["AscendersBane","Strike_R+1","Strike_R+1","Strike_R+1","Strike_R+1","Defend_R+1","Defend_R+1","Defend_R+1","Defend_R+1","Bash","Clothesline","Exhume+1","Armaments+1","Metallicize","Intimidate","Fiend Fire","Intimidate","Anger","Feel No Pain","Cleave"],"relics":["Burning Blood","Golden Idol","Omamori","Self Forming Clay","Anchor","Strange Spoon","Mark of Pain","Juzu Bracelet","Tiny Chest","PrismaticShard","Pen Nib"],"potions_floor_usage":[7,7,18,18,25,29,29,29,29],"damage_taken":[{"damage":10,"enemies":"Cultist","floor":1,"turns":5},{"damage":7,"enemies":"Jaw Worm","floor":3,"turns":4},{"damage":55,"enemies":"Lagavulin","floor":7,"turns":6},{"damage":0,"enemies":"2 Louse","floor":10,"turns":3},{"damage":5,"enemies":"Looter","floor":12,"turns":4},{"damage":37,"enemies":"The Guardian","floor":16,"turns":19},{"damage":21,"enemies":"3 Byrds","floor":18,"turns":9},{"damage":20,"enemies":"2 Thieves","floor":20,"turns":5},{"damage":12,"enemies":"Snake Plant","floor":22,"turns":6},{"damage":12,"enemies":"Centurion and Healer","floor":24,"turns":8},{"damage":33,"enemies":"Slavers","floor":25,"turns":8},{"damage":49,"enemies":"Gremlin Leader","floor":29,"turns":8}],"seed_played":"-1343689464780312942","potions_obtained":[{"floor":0,"key":"BloodPotion"},{"floor":0,"key":"Explosive Potion"},{"floor":10,"key":"EssenceOfSteel"},{"floor":12,"key":"SpeedPotion"},{"floor":22,"key":"PowerPotion"},{"floor":24,"key":"LiquidBronze"},{"floor":25,"key":"EntropicBrew"}],"is_trial":false,"path_per_floor":["M","?","M","?","?","R","E","T","T","M","$","M","R","$","R","B",null,"M","?","M","?","M","R","M","E","T","R","$","E"],"character_chosen":"IRONCLAD","items_purchased":["Strange Spoon","PrismaticShard","Pen Nib"],"campfire_rested":3,"item_purchase_floors":[11,28,28],"current_hp_per_floor":[68,68,67,72,61,61,19,19,19,25,25,26,49,49,49,18,64,49,49,35,35,29,52,46,19,19,42,42,0],"gold":34,"neow_bonus":"THREE_SMALL_POTIONS","is_prod":false,"is_daily":false,"chose_seed":false,"campfire_upgraded":2,"win_rate":0,"timestamp":1553485523,"path_taken":["M","?","M","?","?","R","E","?","T","M","?","M","R","$","R","BOSS","M","?","M","?","M","R","M","E","T","R","$","E"],"build_version":"2019-01-23","purchased_purges":1,"victory":false,"max_hp_per_floor":[80,74,74,79,79,79,79,79,79,79,79,79,79,79,79,79,79,79,79,79,79,79,79,79,79,79,79,79,79],"card_choices":[{"not_picked":["Perfected Strike","Warcry"],"picked":"Clothesline","floor":1},{"not_picked":["Body Slam","Hemokinesis"],"picked":"Exhume","floor":3},{"not_picked":["Bloodletting","Metallicize"],"picked":"Armaments","floor":7},{"not_picked":["Thunderclap","Ghostly Armor"],"picked":"Metallicize","floor":10},{"not_picked":["Twin Strike","Corruption"],"picked":"Intimidate","floor":12},{"not_picked":["Barricade","Exhume"],"picked":"Fiend Fire","floor":16},{"not_picked":["Burning Pact","Clash","Heavy Blade"],"picked":"SKIP","floor":18},{"not_picked":["Ghostly Armor","Evolve"],"picked":"Intimidate","floor":20},{"not_picked":["Heavy Blade","Ghostly Armor"],"picked":"Anger","floor":22},{"not_picked":["Cleave","Blood for Blood"],"picked":"Feel No Pain","floor":24},{"not_picked":["Shrug It Off","Clash"],"picked":"Cleave","floor":25}],"player_experience":989745,"relics_obtained":[{"floor":7,"key":"Omamori"},{"floor":8,"key":"Self Forming Clay"},{"floor":9,"key":"Anchor"},{"floor":25,"key":"Juzu Bracelet"},{"floor":26,"key":"Tiny Chest"}],"event_choices":[{"damage_healed":0,"gold_gain":0,"player_choice":"Lose Max HP","damage_taken":0,"relics_obtained":["Golden Idol"],"max_hp_gain":0,"max_hp_loss":6,"event_name":"Golden Idol","floor":2,"gold_loss":0},{"damage_healed":0,"gold_gain":0,"player_choice":"Donut","damage_taken":0,"max_hp_gain":5,"max_hp_loss":0,"event_name":"Big Fish","floor":4,"gold_loss":0},{"damage_healed":0,"gold_gain":75,"player_choice":"Gather Gold","damage_taken":11,"max_hp_gain":0,"max_hp_loss":0,"event_name":"World of Goop","floor":5,"gold_loss":0},{"damage_healed":0,"gold_gain":99,"player_choice":"Stole From Cult","damage_taken":0,"max_hp_gain":0,"max_hp_loss":0,"event_name":"Nest","floor":19,"gold_loss":0},{"damage_healed":0,"gold_gain":0,"player_choice":"Simplicity","damage_taken":0,"max_hp_gain":0,"max_hp_loss":0,"event_name":"Back to Basics","floor":21,"gold_loss":0,"cards_upgraded":["Strike_R","Strike_R","Strike_R","Strike_R","Defend_R","Defend_R","Defend_R","Defend_R"]}],"is_beta":false,"boss_relics":[{"not_picked":["Black Star","Runic Pyramid"],"picked":"Mark of Pain"}],"items_purged_floors":[11],"is_endless":false,"potions_floor_spawned":[3,10,12,16,22,24,25],"killed_by":"Gremlin Leader","ascension_level":12}