{"gold_per_floor":[115,115,132,149,149,178,178,207,280,292,312,323,351,369,369,472,472,472,472,472,58,58,58,58,58,58,58,58,58,58,58,58,58,58,58,58,58,58,58,58,58,58,58,58,25,25,25,25,25,25,25,25,1,1,1],"floor_reached":56,"playtime":3699,"items_purged":["Defend_R"],"score":1706,"play_id":"63daabc5-f030-4769-8ea2-80ce9bd7d155","local_time":"20190406084350","is_ascension_mode":true,"campfire_choices":[{"data":"Armaments","floor":7,"key":"SMITH"},{"data":"Uppercut","floor":15,"key":"SMITH"},{"data":"Perfected Strike","floor":24,"key":"SMITH"},{"data":"True Grit","floor":32,"key":"SMITH"},{"floor":41,"key":"RECALL"},{"data":"Barricade","floor":46,"key":"SMITH"},{"data":"Offering","floor":49,"key":"SMITH"},{"data":"Corruption","floor":52,"key":"SMITH"}],"neow_cost":"TEN_PERCENT_HP_LOSS","seed_source_timestamp":2207082687239482,"circlet_count":0,"master_deck":["Strike_R+1","Strike_R+1","Strike_R+1","Strike_R+1","Defend_R+1","Defend_R+1","Bash","Armaments+1","Perfected Strike+1","Uppercut+1","Iron Wave","Wild Strike","Twin Strike","Carnage","True Grit+1","Offering+1","Battle Trance+1","Intimidate+1","Shrug It Off","Cleave+1","Power Through","Corruption+1","Feel No Pain","Clothesline+1","Headbutt+1","Barricade+1","Pommel Strike+1","Evolve+1","Perfected Strike+1","Whirlwind+1","Shrug It Off+1","Iron Wave+1","Metallicize","Double Tap","Thunderclap+1","Shrug It Off+1"],"relics":["Burning Blood","Thread and Needle","Incense Burner","Happy Flower","Lantern","Ectoplasm","WingedGreaves","Paper Frog","Molten Egg 2","Meat on the Bone","Mercury Hourglass","Oddly Smooth Stone","Red Skull","Juzu Bracelet","Runic Dome","Pear","Orichalcum","Pantograph","Old Coin","Gambling Chip","Self Forming Clay"],"potions_floor_usage":[13,25,28,55,55,55,55,55,55],"damage_taken":[{"damage":0,"enemies":"2 Louse","floor":1,"turns":3},{"damage":2,"enemies":"Cultist","floor":3,"turns":3},{"damage":0,"enemies":"Jaw Worm","floor":4,"turns":3},{"damage":26,"enemies":"Lagavulin","floor":6,"turns":8},{"damage":9,"enemies":"Gremlin Nob","floor":8,"turns":4},{"damage":0,"enemies":"3 Louse","floor":10,"turns":4},{"damage":7,"enemies":"Exordium Wildlife","floor":11,"turns":4},{"damage":0,"enemies":"Lots of Slimes","floor":12,"turns":3},{"damage":0,"enemies":"3 Sentries","floor":13,"turns":5},{"damage":0,"enemies":"3 Louse","floor":14,"turns":8},{"damage":23,"enemies":"Hexaghost","floor":16,"turns":10},{"damage":0,"enemies":"Shell Parasite","floor":18,"turns":3},{"damage":1,"enemies":"Colosseum Slavers","floor":19,"turns":5},{"damage":1,"enemies":"Colosseum Nobs","floor":19,"turns":4},{"damage":6,"enemies":"Chosen","floor":20,"turns":2},{"damage":4,"enemies":"Book of Stabbing","floor":23,"turns":4},{"damage":6,"enemies":"Gremlin Leader","floor":25,"turns":3},{"damage":6,"enemies":"Slavers","floor":27,"turns":3},{"damage":3,"enemies":"Sentry and Sphere","floor":28,"turns":4},{"damage":6,"enemies":"Book of Stabbing","floor":31,"turns":3},{"damage":28,"enemies":"Champ","floor":33,"turns":10},{"damage":6,"enemies":"3 Darklings","floor":35,"turns":7},{"damage":6,"enemies":"3 Shapes","floor":36,"turns":2},{"damage":6,"enemies":"Sphere and 2 Shapes","floor":38,"turns":4},{"damage":11,"enemies":"Writhing Mass","floor":39,"turns":5},{"damage":0,"enemies":"Giant Head","floor":40,"turns":9},{"damage":1,"enemies":"Nemesis","floor":42,"turns":7},{"damage":6,"enemies":"Reptomancer","floor":44,"turns":5},{"damage":6,"enemies":"Giant Head","floor":47,"turns":7},{"damage":1,"enemies":"Time Eater","floor":50,"turns":11},{"damage":6,"enemies":"Shield and Spear","floor":54,"turns":8},{"damage":6,"enemies":"The Heart","floor":55,"turns":9}],"seed_played":"-4468923573517391384","potions_obtained":[{"floor":4,"key":"SpeedPotion"},{"floor":8,"key":"AttackPotion"},{"floor":11,"key":"Explosive Potion"},{"floor":16,"key":"PowerPotion"},{"floor":19,"key":"Swift Potion"},{"floor":25,"key":"EssenceOfSteel"},{"floor":27,"key":"Regen Potion"},{"floor":33,"key":"EssenceOfSteel"},{"floor":36,"key":"EntropicBrew"},{"floor":44,"key":"PowerPotion"}],"is_trial":false,"path_per_floor":["M","?","M","M","?","E","R","E","T","M","M","M","E","M","R","B",null,"M","?","M","$","?","E","R","E","T","E","M","?","?","E","R","B",null,"M","M","?","M","M","E","R","E","T","E","$","R","E","?","R","B",null,"R","$","E","B",null],"character_chosen":"IRONCLAD","items_purchased":["Molten Egg 2","Cleave+1","Power Through","Metallicize","Thunderclap+1"],"campfire_rested":0,"item_purchase_floors":[21,21,21,45,53],"current_hp_per_floor":[72,72,72,72,77,57,57,54,54,60,59,65,71,77,77,60,77,77,77,77,77,77,77,77,77,77,77,77,77,77,77,77,55,77,77,77,77,77,72,87,87,87,87,87,87,87,87,87,87,87,87,87,87,87,87],"gold":1,"neow_bonus":"ONE_RARE_RELIC","is_prod":false,"is_daily":false,"chose_seed":false,"campfire_upgraded":7,"win_rate":0,"timestamp":1554554630,"path_taken":["M","?","?","?","?","E","R","E","T","M","M","M","E","M","R","BOSS","M","?","M","$","?","E","R","E","T","E","?","?","?","E","R","BOSS","M","M","?","M","M","E","R","E","T","E","$","R","E","?","R","BOSS","R","$","E","BOSS"],"build_version":"2019-04-04","purchased_purges":1,"victory":true,"max_hp_per_floor":[72,72,72,72,77,77,77,77,77,77,77,77,77,77,77,77,77,77,77,77,77,77,77,77,77,77,77,77,77,77,77,77,77,77,77,77,77,77,77,87,87,87,87,87,87,87,87,87,87,87,87,87,87,87,87],"card_choices":[{"not_picked":["Warcry","Iron Wave"],"picked":"Armaments","floor":1},{"not_picked":["Dual Wield","Ghostly Armor"],"picked":"Perfected Strike","floor":3},{"not_picked":["Dual Wield","Headbutt"],"picked":"Uppercut","floor":4},{"not_picked":["Anger","Uppercut"],"picked":"Iron Wave","floor":6},{"not_picked":["Limit Break","Anger"],"picked":"Wild Strike","floor":8},{"not_picked":["Carnage","True Grit"],"picked":"Twin Strike","floor":10},{"not_picked":["Spot Weakness","Thunderclap"],"picked":"Carnage","floor":11},{"not_picked":["Heavy Blade","Sword Boomerang","Clash"],"picked":"SKIP","floor":12},{"not_picked":["Entrench","Uppercut","Havoc"],"picked":"SKIP","floor":13},{"not_picked":["Sword Boomerang","Burning Pact"],"picked":"True Grit","floor":14},{"not_picked":["Feed","Double Tap"],"picked":"Offering","floor":16},{"not_picked":["Iron Wave","Power Through"],"picked":"Battle Trance+1","floor":18},{"not_picked":["Headbutt","Warcry+1"],"picked":"Intimidate+1","floor":19},{"not_picked":["Anger","Pummel"],"picked":"Shrug It Off","floor":20},{"not_picked":["Reckless Charge+1","Clash+1","Entrench+1"],"picked":"SKIP","floor":23},{"not_picked":["Warcry","Armaments+1"],"picked":"Corruption","floor":25},{"not_picked":["Corruption","Pummel+1"],"picked":"Feel No Pain","floor":27},{"not_picked":["Anger+1","Body Slam+1"],"picked":"Clothesline+1","floor":28},{"not_picked":["True Grit","Reaper+1"],"picked":"Headbutt+1","floor":31},{"not_picked":["Demon Form","Brutality"],"picked":"Barricade","floor":33},{"not_picked":["Corruption","Headbutt+1"],"picked":"Pommel Strike+1","floor":35},{"not_picked":["Flex","Blood for Blood+1","Bloodletting"],"picked":"SKIP","floor":36},{"not_picked":["Sentinel","Twin Strike+1"],"picked":"Evolve+1","floor":38},{"not_picked":["Warcry","Burning Pact"],"picked":"Perfected Strike+1","floor":39},{"not_picked":["Heavy Blade+1","Dropkick+1"],"picked":"Whirlwind+1","floor":40},{"not_picked":["Carnage+1","Flame Barrier"],"picked":"Shrug It Off+1","floor":42},{"not_picked":["Heavy Blade+1","Rage"],"picked":"Iron Wave+1","floor":44},{"not_picked":["Clothesline+1","Infernal Blade+1"],"picked":"Double Tap","floor":47},{"not_picked":["Thunderclap+1","Anger+1"],"picked":"Shrug It Off+1","floor":54}],"player_experience":5179016,"relics_obtained":[{"floor":6,"key":"Incense Burner"},{"floor":8,"key":"Happy Flower"},{"floor":13,"key":"Lantern"},{"floor":19,"key":"WingedGreaves"},{"floor":19,"key":"Paper Frog"},{"floor":23,"key":"Meat on the Bone"},{"floor":25,"key":"Mercury Hourglass"},{"floor":26,"key":"Oddly Smooth Stone"},{"floor":27,"key":"Red Skull"},{"floor":31,"key":"Juzu Bracelet"},{"floor":40,"key":"Pear"},{"floor":42,"key":"Orichalcum"},{"floor":43,"key":"Pantograph"},{"floor":44,"key":"Old Coin"},{"floor":47,"key":"Gambling Chip"},{"floor":54,"key":"Self Forming Clay"}],"event_choices":[{"damage_healed":0,"gold_gain":0,"player_choice":"Bought 0 Potions","damage_taken":0,"max_hp_gain":0,"max_hp_loss":0,"event_name":"The Woman in Blue","floor":2,"gold_loss":0},{"damage_healed":0,"gold_gain":0,"player_choice":"Donut","damage_taken":0,"max_hp_gain":5,"max_hp_loss":0,"event_name":"Big Fish","floor":5,"gold_loss":0},{"damage_healed":0,"gold_gain":0,"player_choice":"Fight","damage_taken":0,"max_hp_gain":0,"max_hp_loss":0,"event_name":"Colosseum","floor":19,"gold_loss":0},{"damage_healed":0,"gold_gain":0,"player_choice":"Fought Nobs","damage_taken":0,"max_hp_gain":0,"max_hp_loss":0,"event_name":"Colosseum","floor":19,"gold_loss":0},{"damage_healed":0,"gold_gain":0,"player_choice":"Ignored","damage_taken":0,"max_hp_gain":0,"max_hp_loss":0,"event_name":"N\u0027loth","floor":22,"gold_loss":0},{"damage_healed":0,"gold_gain":0,"player_choice":"Ignored","damage_taken":0,"max_hp_gain":0,"max_hp_loss":0,"event_name":"Vampires","floor":29,"gold_loss":0},{"damage_healed":0,"gold_gain":0,"player_choice":"Simplicity","damage_taken":0,"max_hp_gain":0,"max_hp_loss":0,"event_name":"Back to Basics","floor":30,"gold_loss":0,"cards_upgraded":["Strike_R","Strike_R","Strike_R","Strike_R","Strike_R","Defend_R","Defend_R","Defend_R"]},{"cards_removed":["Strike_R"],"damage_healed":0,"gold_gain":0,"player_choice":"Removed Attack","damage_taken":0,"max_hp_gain":0,"max_hp_loss":0,"event_name":"Falling","floor":37,"gold_loss":0},{"cards_removed":["Defend_R"],"damage_healed":0,"gold_gain":0,"player_choice":"Offered Basic","damage_taken":0,"max_hp_gain":0,"max_hp_loss":0,"event_name":"Bonfire Elementals","floor":48,"gold_loss":0}],"is_beta":true,"boss_relics":[{"not_picked":["Astrolabe","Coffee Dripper"],"picked":"Ectoplasm"},{"not_picked":["Eternal Feather","Orrery"],"picked":"Runic Dome"}],"items_purged_floors":[21],"is_endless":false,"potions_floor_spawned":[4,8,11,16,19,19,25,27,33,36,39,42,44,54],"ascension_level":1}