{"gold_per_floor":[112,132,132,143,30,30,30,30,30,30,40,17,17,17,17,17],"floor_reached":16,"playtime":265,"items_purged":["Normality"],"score":150,"play_id":"fd7da78a-24fa-44a7-bca0-bfc8f45115f2","local_time":"20190420211658","is_ascension_mode":true,"campfire_choices":[{"data":"Gash","floor":6,"key":"SMITH"},{"data":"Gash","floor":8,"key":"SMITH"},{"data":"Hologram","floor":10,"key":"SMITH"},{"data":"Self Repair","floor":15,"key":"SMITH"}],"neow_cost":"CURSE","seed_source_timestamp":804699548013723,"circlet_count":0,"master_deck":["AscendersBane","Strike_B","Strike_B","Strike_B","Strike_B+1","Defend_B","Defend_B","Defend_B+1","Defend_B","Zap","Dualcast","Gash+1","Hologram+1","Gash+1","Self Repair+1","Sweeping Beam"],"relics":["Cracked Core","Mercury Hourglass","Nunchaku"],"potions_floor_usage":[16],"damage_taken":[{"damage":13,"enemies":"Jaw Worm","floor":1,"turns":4},{"damage":16,"enemies":"Small Slimes","floor":2,"turns":4},{"damage":8,"enemies":"2 Louse","floor":4,"turns":2},{"damage":4,"enemies":"2 Fungi Beasts","floor":11,"turns":2},{"damage":59,"enemies":"The Guardian","floor":16,"turns":9}],"seed_played":"-2262113870122630392","potions_obtained":[{"floor":2,"key":"SneckoOil"}],"is_trial":false,"path_per_floor":["M","M","?","M","$","R","?","R","T","R","M","$","?","T","R","B"],"character_chosen":"DEFECT","items_purchased":["Self Repair","Sweeping Beam"],"campfire_rested":0,"item_purchase_floors":[5,12],"current_hp_per_floor":[65,49,32,24,24,24,24,24,24,24,27,27,55,55,55,0],"gold":17,"neow_bonus":"TWENTY_PERCENT_HP_BONUS","is_prod":false,"is_daily":false,"chose_seed":false,"campfire_upgraded":4,"win_rate":0,"timestamp":1555805818,"path_taken":["M","M","?","M","$","R","?","R","T","R","M","?","?","?","R","BOSS"],"build_version":"2019-01-23","purchased_purges":1,"victory":false,"max_hp_per_floor":[85,85,85,85,85,85,85,85,85,85,85,85,85,85,85,85],"card_choices":[{"not_picked":["Sweeping Beam","Chill"],"picked":"Gash","floor":1},{"not_picked":["Go for the Eyes","Static Discharge"],"picked":"Hologram","floor":2},{"not_picked":["Coolheaded","Hologram"],"picked":"Gash","floor":4},{"not_picked":["Consume","Go for the Eyes","Aggregate"],"picked":"SKIP","floor":11}],"player_experience":1171310,"relics_obtained":[{"floor":9,"key":"Mercury Hourglass"},{"floor":14,"key":"Nunchaku"}],"event_choices":[{"damage_healed":0,"gold_gain":0,"player_choice":"Entered Light","damage_taken":17,"max_hp_gain":0,"max_hp_loss":0,"event_name":"Shining Light","floor":3,"gold_loss":0,"cards_upgraded":["Strike_B","Defend_B"]},{"damage_healed":0,"gold_gain":0,"player_choice":"Leave","damage_taken":0,"max_hp_gain":0,"max_hp_loss":0,"event_name":"The Cleric","floor":7,"gold_loss":0},{"damage_healed":28,"gold_gain":0,"player_choice":"Banana","damage_taken":0,"max_hp_gain":0,"max_hp_loss":0,"event_name":"Big Fish","floor":13,"gold_loss":0}],"is_beta":false,"boss_relics":[],"items_purged_floors":[5],"is_endless":false,"potions_floor_spawned":[2],"killed_by":"The Guardian","ascension_level":14}