{"gold_per_floor":[110,126,2,2,2,31,31,31,31,31,51,65,65,78,78,177,177,192,192,211,211,223,252,252,277,277,114,114,114,147,147,147,251,251,261,261,280,280,15,15,30,30,56,56,0,100,100,29,29,29,29,29,29,60,60],"floor_reached":55,"playtime":2459,"items_purged":["Pain","Defend_G"],"score":667,"play_id":"d3f06556-a731-458c-8076-c06018064ea4","local_time":"20190320140354","is_ascension_mode":false,"campfire_choices":[{"floor":8,"key":"REST"},{"data":"Cloak And Dagger","floor":10,"key":"SMITH"},{"data":"Strike_G","floor":13,"key":"PURGE"},{"data":"Blade Dance","floor":15,"key":"SMITH"},{"data":"Strike_G","floor":24,"key":"PURGE"},{"floor":28,"key":"REST"},{"data":"Defend_G","floor":32,"key":"PURGE"},{"data":"Strike_G","floor":40,"key":"PURGE"},{"data":"Doubt","floor":44,"key":"PURGE"},{"data":"Malaise","floor":47,"key":"SMITH"},{"floor":49,"key":"RECALL"},{"data":"Strike_G","floor":52,"key":"PURGE"}],"neow_cost":"CURSE","seed_source_timestamp":341746716140167,"circlet_count":0,"master_deck":["Defend_G","Survivor","Neutralize","Blade Dance+1","Flying Knee","Cloak And Dagger+1","All Out Attack","Quick Slash","Accuracy+1","Envenom+1","Cloak And Dagger+1","Caltrops+1","Infinite Blades+1","Crippling Poison","Expertise","Footwork+1","Finesse","Malaise+1","Acrobatics+1","Deflect+1","Finesse","Apotheosis+1","Infinite Blades+1","Blur","Dodge and Roll","Well Laid Plans+1","Sucker Punch+1"],"relics":["Ring of the Snake","Nunchaku","Strawberry","Juzu Bracelet","Peace Pipe","Frozen Egg 2","Cursed Key","Ice Cream","Regal Pillow","Pen Nib","MutagenicStrength","Philosopher\u0027s Stone","Red Mask","Ginger","Vajra"],"potions_floor_usage":[16,18,22,23,33,33,50,54],"damage_taken":[{"damage":5,"enemies":"Cultist","floor":1,"turns":4},{"damage":9,"enemies":"Jaw Worm","floor":2,"turns":4},{"damage":23,"enemies":"3 Sentries","floor":6,"turns":12},{"damage":0,"enemies":"Small Slimes","floor":11,"turns":2},{"damage":2,"enemies":"3 Louse","floor":12,"turns":3},{"damage":0,"enemies":"Large Slime","floor":14,"turns":5},{"damage":2,"enemies":"Hexaghost","floor":16,"turns":9},{"damage":0,"enemies":"3 Byrds","floor":18,"turns":4},{"damage":0,"enemies":"Chosen","floor":20,"turns":3},{"damage":4,"enemies":"Sentry and Sphere","floor":22,"turns":4},{"damage":16,"enemies":"Book of Stabbing","floor":23,"turns":4},{"damage":37,"enemies":"Slavers","floor":25,"turns":4},{"damage":5,"enemies":"Book of Stabbing","floor":30,"turns":4},{"damage":2,"enemies":"Automaton","floor":33,"turns":6},{"damage":0,"enemies":"3 Shapes","floor":35,"turns":2},{"damage":6,"enemies":"3 Darklings","floor":37,"turns":4},{"damage":5,"enemies":"Writhing Mass","floor":41,"turns":6},{"damage":0,"enemies":"Mind Bloom Boss Battle","floor":46,"turns":4},{"damage":9,"enemies":"Donu and Deca","floor":50,"turns":8},{"damage":25,"enemies":"Shield and Spear","floor":54,"turns":8},{"damage":81,"enemies":"The Heart","floor":55,"turns":3}],"seed_played":"334205067354135459","potions_obtained":[{"floor":6,"key":"Strength Potion"},{"floor":14,"key":"PowerPotion"},{"floor":16,"key":"Dexterity Potion"},{"floor":18,"key":"Fruit Juice"},{"floor":22,"key":"LiquidBronze"},{"floor":30,"key":"Energy Potion"},{"floor":35,"key":"Block Potion"},{"floor":41,"key":"AttackPotion"}],"is_trial":false,"path_per_floor":["M","M","$","?","T","E","?","R","T","R","M","M","R","M","R","B",null,"M","?","M","?","M","E","R","E","T","$","R","?","E","?","R","B",null,"M","?","M","?","$","R","M","?","T","R","?","?","R","$","R","B",null,"R","$","E","B"],"character_chosen":"THE_SILENT","items_purchased":["Cloak And Dagger","Footwork+1","Finesse","Infinite Blades+1","Blur","Dodge and Roll","Well Laid Plans+1"],"campfire_rested":2,"item_purchase_floors":[3,27,27,39,39,39,48],"current_hp_per_floor":[65,56,56,49,56,33,8,31,31,31,31,29,29,29,29,27,77,82,82,82,82,78,62,62,25,25,25,64,64,59,59,59,57,82,82,82,76,66,66,66,61,61,61,61,61,61,61,61,61,52,82,82,82,57,0],"gold":60,"neow_bonus":"ONE_RARE_RELIC","is_prod":false,"is_daily":false,"chose_seed":false,"campfire_upgraded":3,"win_rate":0,"timestamp":1553090634,"path_taken":["M","M","$","?","?","E","?","R","T","R","M","M","R","M","R","BOSS","M","?","M","?","M","E","R","E","T","$","R","?","E","?","R","BOSS","M","?","M","?","$","R","M","?","T","R","?","?","R","$","R","BOSS","R","$","E","BOSS"],"build_version":"2019-03-15","purchased_purges":2,"victory":false,"max_hp_per_floor":[70,70,70,70,77,77,77,77,77,77,77,77,77,77,77,77,77,82,82,82,82,82,82,82,82,82,82,82,82,82,82,82,82,82,82,82,82,82,82,82,82,82,82,82,82,82,82,82,82,82,82,82,82,82,82],"card_choices":[{"not_picked":["Deadly Poison","All Out Attack"],"picked":"Blade Dance","floor":1},{"not_picked":["Outmaneuver","Catalyst"],"picked":"Flying Knee","floor":2},{"not_picked":["Flying Knee","Endless Agony"],"picked":"All Out Attack","floor":6},{"not_picked":["Backstab","Poisoned Stab"],"picked":"Quick Slash","floor":11},{"not_picked":["Riddle With Holes","Escape Plan"],"picked":"Accuracy+1","floor":12},{"not_picked":["Underhanded Strike","Escape Plan","Prepared"],"picked":"SKIP","floor":14},{"not_picked":["Corpse Explosion","Tools of the Trade+1"],"picked":"Envenom+1","floor":16},{"not_picked":["Deflect","Deadly Poison+1"],"picked":"Cloak And Dagger+1","floor":18},{"not_picked":["Flying Knee+1","Poisoned Stab"],"picked":"Caltrops+1","floor":20},{"not_picked":["Distraction","Backstab+1"],"picked":"Infinite Blades+1","floor":22},{"not_picked":["Escape Plan","Sucker Punch"],"picked":"Crippling Poison","floor":23},{"not_picked":["Phantasmal Killer","Flying Knee"],"picked":"Expertise","floor":25},{"not_picked":["Grand Finale","Outmaneuver","Poisoned Stab"],"picked":"SKIP","floor":30},{"not_picked":["Die Die Die","Grand Finale"],"picked":"Malaise","floor":33},{"not_picked":["Dodge and Roll+1","Flying Knee+1"],"picked":"Acrobatics+1","floor":35},{"not_picked":["Dagger Throw+1","Prepared"],"picked":"Deflect+1","floor":37},{"not_picked":["Forethought","Good Instincts"],"picked":"Finesse","floor":38},{"not_picked":["Magnetism+1","Trip"],"picked":"Apotheosis","floor":38},{"not_picked":["Dodge and Roll","Slice","Crippling Poison+1"],"picked":"SKIP","floor":41},{"not_picked":["Noxious Fumes+1","Dash"],"picked":"Sucker Punch+1","floor":54}],"player_experience":1111106,"relics_obtained":[{"floor":5,"key":"Strawberry"},{"floor":6,"key":"Juzu Bracelet"},{"floor":9,"key":"Frozen Egg 2"},{"floor":23,"key":"Ice Cream"},{"floor":25,"key":"Regal Pillow"},{"floor":30,"key":"Pen Nib"},{"floor":46,"key":"Ginger"},{"floor":54,"key":"Vajra"}],"event_choices":[{"cards_removed":["Defend_G"],"damage_healed":0,"gold_gain":0,"player_choice":"Card Removal","damage_taken":7,"max_hp_gain":0,"max_hp_loss":0,"event_name":"Golden Wing","floor":4,"gold_loss":0},{"damage_healed":0,"gold_gain":0,"player_choice":"Success","damage_taken":25,"relics_obtained":["Peace Pipe"],"max_hp_gain":0,"max_hp_loss":0,"event_name":"Scrap Ooze","floor":7,"gold_loss":0},{"cards_removed":["Strike_G"],"damage_healed":0,"gold_gain":0,"player_choice":"Card Removal","damage_taken":0,"max_hp_gain":0,"max_hp_loss":0,"event_name":"Wheel of Change","floor":19,"gold_loss":0},{"damage_healed":0,"gold_gain":0,"player_choice":"Ignored","damage_taken":0,"max_hp_gain":0,"max_hp_loss":0,"event_name":"Vampires","floor":21,"gold_loss":0},{"damage_healed":0,"gold_gain":0,"player_choice":"Ignored","damage_taken":0,"max_hp_gain":0,"max_hp_loss":0,"event_name":"Cursed Tome","floor":29,"gold_loss":0},{"damage_healed":0,"gold_gain":0,"player_choice":"Inject Mutagens","damage_taken":0,"relics_obtained":["MutagenicStrength"],"max_hp_gain":0,"max_hp_loss":0,"event_name":"Drug Dealer","floor":31,"gold_loss":0},{"cards_removed":["Defend_G"],"damage_healed":0,"gold_gain":0,"player_choice":"Removed Skill","damage_taken":0,"max_hp_gain":0,"max_hp_loss":0,"event_name":"Falling","floor":36,"gold_loss":0},{"damage_healed":0,"gold_gain":0,"player_choice":"Memory 3","damage_taken":10,"max_hp_gain":0,"max_hp_loss":0,"event_name":"SensoryStone","floor":38,"gold_loss":0},{"damage_healed":0,"gold_gain":0,"player_choice":"Upgraded","damage_taken":0,"max_hp_gain":0,"max_hp_loss":0,"event_name":"Upgrade Shrine","floor":42,"gold_loss":0,"cards_upgraded":["Apotheosis"]},{"damage_healed":0,"gold_gain":0,"player_choice":"Paid","damage_taken":0,"relics_obtained":["Red Mask"],"max_hp_gain":0,"max_hp_loss":0,"event_name":"Tomb of Lord Red Mask","floor":45,"gold_loss":56},{"damage_healed":0,"gold_gain":0,"player_choice":"Fight","damage_taken":0,"max_hp_gain":0,"max_hp_loss":0,"event_name":"MindBloom","floor":46,"gold_loss":0}],"is_beta":true,"boss_relics":[{"not_picked":["Coffee Dripper","White Beast Statue"],"picked":"Cursed Key"},{"not_picked":["Runic Dome","HoveringKite"],"picked":"Philosopher\u0027s Stone"}],"items_purged_floors":[3,39],"is_endless":false,"potions_floor_spawned":[6,14,16,18,22,30,35,41],"killed_by":"The Heart","ascension_level":0}