{"gold_per_floor":[110,285,15,15,32,32,67,86,168,168,168,187,215,228,228,333,333,346,261,68,80,96,128,128,160,160,160,160,195,195,13,13,114,114,125,170,170,170,183,183,215,227,253,286,90,90,123,137,137,137,137,137,11,44,44],"floor_reached":55,"playtime":4363,"items_purged":["Doubt","Parasite"],"score":989,"play_id":"eaa17ac2-3d01-4119-8b1f-c934c398cb2f","local_time":"20190430171954","is_ascension_mode":true,"campfire_choices":[{"data":"Neutralize","floor":6,"key":"SMITH"},{"data":"Deadly Poison","floor":15,"key":"SMITH"},{"data":"A Thousand Cuts","floor":24,"key":"SMITH"},{"data":"Well Laid Plans","floor":28,"key":"SMITH"},{"data":"Leg Sweep","floor":32,"key":"SMITH"},{"floor":40,"key":"RECALL"},{"data":"After Image","floor":46,"key":"SMITH"},{"data":"Blur","floor":49,"key":"SMITH"},{"data":"Dash","floor":52,"key":"SMITH"}],"neow_cost":"NONE","seed_source_timestamp":4311002839059975,"circlet_count":0,"master_deck":["Defend_G","Defend_G","Defend_G","Defend_G","Defend_G","Survivor","Neutralize+1","Deadly Poison+1","Well Laid Plans+1","Blur+1","Tools of the Trade","Bane","All Out Attack","Deadly Poison+1","Underhanded Strike","A Thousand Cuts+1","Dagger Throw+1","Acrobatics","Dash+1","Crippling Poison","Envenom","Deflect+1","Bite","Bite","Bite","Bite","Bite","Leg Sweep+1","Acrobatics","After Image+1","Terror+1","Backflip","Acrobatics+1","Blur+1","Poisoned Stab+1","Quick Slash+1","Sucker Punch+1","PiercingWail+1","Envenom+1","Dodge and Roll","PiercingWail"],"relics":["Velvet Choker","Membership Card","Centennial Puzzle","Mummified Hand","Regal Pillow","Coffee Dripper","Gremlin Horn","Meat on the Bone","Tingsha","Potion Belt","Bottled Lightning","PreservedInsect","Paper Crane","Orrery","Calipers","Ginger","Frozen Egg 2","Lantern","Pantograph","Mango","War Paint","Art of War"],"potions_floor_usage":[7,16,16,23,36,36,50,55,55,55,55,55],"damage_taken":[{"damage":0,"enemies":"Jaw Worm","floor":1,"turns":4},{"damage":0,"enemies":"Small Slimes","floor":5,"turns":3},{"damage":50,"enemies":"Gremlin Nob","floor":7,"turns":7},{"damage":0,"enemies":"2 Louse","floor":8,"turns":3},{"damage":0,"enemies":"Blue Slaver","floor":12,"turns":4},{"damage":0,"enemies":"Lagavulin","floor":13,"turns":6},{"damage":2,"enemies":"2 Fungi Beasts","floor":14,"turns":3},{"damage":0,"enemies":"Slime Boss","floor":16,"turns":10},{"damage":31,"enemies":"Spheric Guardian","floor":18,"turns":6},{"damage":5,"enemies":"3 Byrds","floor":21,"turns":4},{"damage":13,"enemies":"3 Cultists","floor":22,"turns":5},{"damage":17,"enemies":"Book of Stabbing","floor":23,"turns":6},{"damage":0,"enemies":"Gremlin Leader","floor":25,"turns":5},{"damage":18,"enemies":"Slavers","floor":29,"turns":4},{"damage":3,"enemies":"Collector","floor":33,"turns":7},{"damage":4,"enemies":"Orb Walker","floor":35,"turns":5},{"damage":19,"enemies":"2 Orb Walkers","floor":36,"turns":6},{"damage":17,"enemies":"3 Darklings","floor":39,"turns":10},{"damage":14,"enemies":"Reptomancer","floor":41,"turns":8},{"damage":0,"enemies":"Maw","floor":42,"turns":8},{"damage":0,"enemies":"Giant Head","floor":44,"turns":7},{"damage":18,"enemies":"Nemesis","floor":47,"turns":7},{"damage":0,"enemies":"Transient","floor":48,"turns":5},{"damage":2,"enemies":"Donu and Deca","floor":50,"turns":12},{"damage":2,"enemies":"Shield and Spear","floor":54,"turns":10},{"damage":60,"enemies":"The Heart","floor":55,"turns":3}],"seed_played":"5439064490069681551","potions_obtained":[{"floor":5,"key":"SkillPotion"},{"floor":7,"key":"Dexterity Potion"},{"floor":13,"key":"AttackPotion"},{"floor":16,"key":"Energy Potion"},{"floor":18,"key":"Swift Potion"},{"floor":22,"key":"Dexterity Potion"},{"floor":29,"key":"LiquidBronze"},{"floor":39,"key":"PowerPotion"},{"floor":41,"key":"GamblersBrew"},{"floor":42,"key":"Block Potion"}],"is_trial":false,"path_per_floor":["M","?","$","?","M","R","E","M","T","?","T","M","E","M","R","B",null,"M","?","$","M","M","E","R","E","T","?","R","E","?","$","R","B",null,"M","?","?","T","M","R","E","M","T","E","$","R","E","M","R","B",null,"R","$","E","B"],"character_chosen":"THE_SILENT","items_purchased":["Membership Card","Well Laid Plans","Meat on the Bone","Acrobatics","Paper Crane","Leg Sweep","Acrobatics","Ancient Potion","PiercingWail","Mango","SpeedPotion","Envenom+1","Dodge and Roll"],"campfire_rested":0,"item_purchase_floors":[3,3,20,20,31,31,31,45,45,45,53,53,53],"current_hp_per_floor":[70,70,70,70,70,70,20,20,20,37,37,37,37,35,35,35,70,39,39,39,34,33,28,28,40,40,62,62,44,44,44,44,46,46,44,31,31,31,44,44,42,44,44,44,58,58,50,58,58,58,58,58,58,58,0],"gold":44,"neow_bonus":"BOSS_RELIC","is_prod":false,"is_daily":false,"chose_seed":false,"campfire_upgraded":8,"win_rate":0,"timestamp":1556659194,"path_taken":["M","?","$","?","M","R","E","M","T","?","?","M","E","M","R","BOSS","M","?","$","M","M","E","R","E","T","?","R","E","?","$","R","BOSS","M","?","?","?","?","R","E","M","T","E","$","R","E","?","R","BOSS","R","$","E","BOSS"],"build_version":"2019-04-23","purchased_purges":2,"victory":false,"max_hp_per_floor":[70,70,70,70,70,70,70,70,70,70,70,70,70,70,70,70,70,70,70,67,67,67,67,67,67,67,67,67,67,46,46,46,46,46,46,46,44,44,44,44,44,44,44,44,58,58,58,58,58,58,58,58,58,58,58],"card_choices":[{"not_picked":["Poisoned Stab","Bane"],"picked":"Deadly Poison","floor":1},{"not_picked":["Sucker Punch","Flying Knee"],"picked":"Blur","floor":5},{"not_picked":["Acrobatics","Prepared"],"picked":"Tools of the Trade","floor":7},{"not_picked":["Cloak And Dagger","Outmaneuver"],"picked":"Bane","floor":8},{"not_picked":["Grand Finale","PiercingWail"],"picked":"All Out Attack","floor":12},{"not_picked":["Poisoned Stab","Caltrops"],"picked":"Deadly Poison","floor":13},{"not_picked":["Riddle With Holes","Flying Knee"],"picked":"Underhanded Strike","floor":14},{"not_picked":["Envenom","Storm of Steel"],"picked":"A Thousand Cuts","floor":16},{"not_picked":["Flying Knee","Deadly Poison"],"picked":"Dagger Throw+1","floor":18},{"not_picked":["Crippling Poison","Backflip"],"picked":"Dash","floor":21},{"not_picked":["Acrobatics","Quick Slash"],"picked":"Crippling Poison","floor":22},{"not_picked":["Bane","Masterful Stab"],"picked":"Envenom","floor":23},{"not_picked":["Calculated Gamble+1","Poisoned Stab","Dagger Spray"],"picked":"SKIP","floor":25},{"not_picked":["Caltrops+1","Bane"],"picked":"Deflect","floor":29},{"not_picked":["Doppelganger","Grand Finale"],"picked":"After Image","floor":33},{"not_picked":["Slice","Quick Slash"],"picked":"Terror+1","floor":34},{"not_picked":["Tactician","Dodge and Roll"],"picked":"Backflip","floor":34},{"not_picked":["Expertise","Finisher"],"picked":"Acrobatics+1","floor":34},{"not_picked":["Deadly Poison+1","Outmaneuver"],"picked":"Blur+1","floor":35},{"not_picked":["Cloak And Dagger+1","Bouncing Flask"],"picked":"Poisoned Stab+1","floor":36},{"not_picked":["Bane","Cloak And Dagger"],"picked":"Quick Slash+1","floor":39},{"not_picked":["Escape Plan+1","Grand Finale","Cloak And Dagger+1"],"picked":"SKIP","floor":41},{"not_picked":["Outmaneuver+1","Deadly Poison+1","All Out Attack"],"picked":"SKIP","floor":42},{"not_picked":["Accuracy+1","Deadly Poison+1"],"picked":"Sucker Punch+1","floor":44},{"not_picked":["Cloak And Dagger","Storm of Steel","Underhanded Strike"],"picked":"SKIP","floor":47},{"not_picked":["Bane+1","Prepared+1","Accuracy+1"],"picked":"SKIP","floor":48},{"not_picked":["Flying Knee","Sucker Punch"],"picked":"PiercingWail","floor":54}],"player_experience":5564918,"relics_obtained":[{"floor":7,"key":"Centennial Puzzle"},{"floor":9,"key":"Mummified Hand"},{"floor":13,"key":"Regal Pillow"},{"floor":23,"key":"Tingsha"},{"floor":25,"key":"Potion Belt"},{"floor":26,"key":"Bottled Lightning"},{"floor":29,"key":"PreservedInsect"},{"floor":36,"key":"Calipers"},{"floor":38,"key":"Ginger"},{"floor":41,"key":"Frozen Egg 2"},{"floor":43,"key":"Lantern"},{"floor":44,"key":"Pantograph"},{"floor":47,"key":"War Paint"},{"floor":54,"key":"Art of War"}],"event_choices":[{"damage_healed":0,"gold_gain":175,"player_choice":"AGREE","damage_taken":0,"max_hp_gain":0,"max_hp_loss":0,"event_name":"Liars Game","floor":2,"gold_loss":0,"cards_obtained":["Doubt"]},{"damage_healed":0,"gold_gain":0,"player_choice":"Grow","damage_taken":0,"max_hp_gain":0,"max_hp_loss":0,"event_name":"Living Wall","floor":4,"gold_loss":0,"cards_upgraded":["Deadly Poison"]},{"damage_healed":17,"gold_gain":0,"player_choice":"Healed and dodged fight","damage_taken":0,"max_hp_gain":0,"max_hp_loss":0,"event_name":"Mushrooms","floor":10,"gold_loss":0,"cards_obtained":["Parasite"]},{"damage_healed":0,"gold_gain":0,"player_choice":"Obtained Relic","damage_taken":0,"relics_obtained":["Gremlin Horn"],"max_hp_gain":0,"max_hp_loss":0,"event_name":"Addict","floor":19,"gold_loss":85},{"damage_healed":22,"gold_gain":0,"player_choice":"Heal","damage_taken":0,"max_hp_gain":0,"max_hp_loss":0,"event_name":"The Library","floor":27,"gold_loss":0},{"damage_healed":0,"gold_gain":0,"player_choice":"Became a vampire","damage_taken":0,"max_hp_gain":0,"max_hp_loss":21,"event_name":"Vampires","floor":30,"gold_loss":0,"cards_obtained":["Bite","Bite","Bite","Bite","Bite"]},{"damage_healed":0,"gold_gain":0,"player_choice":"Fight","damage_taken":0,"max_hp_gain":0,"max_hp_loss":0,"event_name":"Mysterious Sphere","floor":36,"gold_loss":0},{"damage_healed":0,"gold_gain":0,"player_choice":"Max HP","damage_taken":0,"max_hp_gain":0,"max_hp_loss":2,"event_name":"Winding Halls","floor":37,"gold_loss":0}],"is_beta":true,"boss_relics":[{"not_picked":["Ectoplasm","Pandora\u0027s Box"],"picked":"Coffee Dripper"},{"not_picked":["Lizard Tail","Runic Pyramid"],"picked":"Orrery"}],"items_purged_floors":[3,20],"is_endless":false,"potions_floor_spawned":[5,7,13,16,18,22,29,39,41,42,54],"killed_by":"The Heart","ascension_level":1}