{"gold_per_floor":[109,109,123,140,157,186,186,221,221,238,11,11,29,45,45,121,121,135,135,148,164,182,182,215,215,241,251,262,262,262,282,282,353,353,364,384,403,403,403],"floor_reached":39,"playtime":1691,"items_purged":["Strike_R"],"score":733,"play_id":"9cc6fb5b-ad4c-428e-9fc9-e334f1b2faac","local_time":"20190323162958","is_ascension_mode":true,"campfire_choices":[{"data":"Metallicize","floor":7,"key":"SMITH"},{"data":"Body Slam","floor":12,"key":"SMITH"},{"floor":15,"key":"REST"},{"floor":23,"key":"REST"},{"data":"Heavy Blade","floor":25,"key":"SMITH"},{"floor":30,"key":"REST"},{"floor":32,"key":"REST"}],"neow_cost":"NONE","seed_source_timestamp":806429984773500,"circlet_count":0,"master_deck":["AscendersBane","Strike_R","Strike_R","Strike_R","Defend_R","Defend_R","Defend_R","Defend_R","Bash+1","Battle Trance","Headbutt","Metallicize+1","Clothesline","Power Through","Feel No Pain+1","Spot Weakness","Inflame+1","Body Slam+1","Flame Barrier","Anger","Demon Form+1","Sword Boomerang+1","Anger","True Grit","Burning Pact+1","Heavy Blade+1","Feel No Pain+1","Cleave+1","Rage","Whirlwind","Impervious","Shrug It Off+1","Panache+1"],"relics":["Burning Blood","Frozen Egg 2","Potion Belt","Strawberry","Philosopher\u0027s Stone","Mercury Hourglass","PreservedInsect","Lizard Tail"],"potions_floor_usage":[18,24],"damage_taken":[{"damage":7,"enemies":"Jaw Worm","floor":1,"turns":4},{"damage":2,"enemies":"2 Louse","floor":3,"turns":3},{"damage":1,"enemies":"Cultist","floor":4,"turns":3},{"damage":18,"enemies":"Lots of Slimes","floor":5,"turns":7},{"damage":22,"enemies":"3 Sentries","floor":6,"turns":13},{"damage":22,"enemies":"Gremlin Nob","floor":8,"turns":5},{"damage":7,"enemies":"Gremlin Gang","floor":10,"turns":9},{"damage":7,"enemies":"2 Fungi Beasts","floor":13,"turns":5},{"damage":5,"enemies":"Red Slaver","floor":14,"turns":5},{"damage":27,"enemies":"Slime Boss","floor":16,"turns":12},{"damage":44,"enemies":"3 Byrds","floor":18,"turns":4},{"damage":9,"enemies":"Chosen","floor":20,"turns":4},{"damage":24,"enemies":"Snake Plant","floor":21,"turns":5},{"damage":8,"enemies":"Cultist and Chosen","floor":22,"turns":7},{"damage":24,"enemies":"Book of Stabbing","floor":24,"turns":4},{"damage":9,"enemies":"Centurion and Healer","floor":27,"turns":5},{"damage":19,"enemies":"Snecko","floor":28,"turns":5},{"damage":38,"enemies":"Shelled Parasite and Fungi","floor":31,"turns":5},{"damage":19,"enemies":"Champ","floor":33,"turns":10},{"damage":29,"enemies":"3 Darklings","floor":35,"turns":5},{"damage":32,"enemies":"Orb Walker","floor":36,"turns":4},{"damage":25,"enemies":"4 Shapes","floor":37,"turns":5},{"damage":61,"enemies":"Spire Growth","floor":39,"turns":5}],"seed_played":"-3925218820485909357","potions_obtained":[{"floor":1,"key":"SpeedPotion"},{"floor":3,"key":"GamblersBrew"},{"floor":13,"key":"Swift Potion"},{"floor":16,"key":"LiquidBronze"},{"floor":18,"key":"Explosive Potion"},{"floor":21,"key":"PowerPotion"},{"floor":24,"key":"Fire Potion"},{"floor":28,"key":"EntropicBrew"},{"floor":36,"key":"SteroidPotion"}],"is_trial":false,"path_per_floor":["M","?","M","M","M","E","R","E","T","M","$","R","M","M","R","B",null,"M","?","M","M","M","R","E","R","T","M","M","?","R","M","R","B",null,"M","M","M","?","M"],"character_chosen":"IRONCLAD","items_purchased":["Spot Weakness","Inflame+1","Body Slam"],"campfire_rested":4,"item_purchase_floors":[11,11,11],"current_hp_per_floor":[71,76,80,85,73,57,57,41,48,47,47,47,46,47,74,53,82,44,44,41,23,21,48,30,30,30,27,14,14,41,9,36,23,75,52,26,7,7,0],"gold":403,"neow_bonus":"UPGRADE_CARD","is_prod":false,"is_daily":false,"chose_seed":false,"campfire_upgraded":3,"win_rate":0,"timestamp":1553354998,"path_taken":["M","?","M","M","M","E","R","E","T","M","$","R","M","M","R","BOSS","M","?","?","?","M","R","E","R","T","M","?","?","R","M","R","BOSS","M","M","M","?","M"],"build_version":"2019-01-23","purchased_purges":1,"victory":false,"max_hp_per_floor":[80,85,85,85,85,85,85,85,92,92,92,92,92,92,92,92,92,92,92,92,92,92,92,92,92,92,92,92,92,92,92,92,92,92,92,92,92,92,92],"card_choices":[{"not_picked":["Headbutt","Rage"],"picked":"Battle Trance","floor":1},{"not_picked":["Clash","Battle Trance"],"picked":"Headbutt","floor":3},{"not_picked":["Warcry","Wild Strike"],"picked":"Metallicize","floor":4},{"not_picked":["Berserk","Heavy Blade"],"picked":"Clothesline","floor":5},{"not_picked":["Ghostly Armor","Bloodletting","Flex"],"picked":"SKIP","floor":6},{"not_picked":["Headbutt","Clothesline"],"picked":"Power Through","floor":8},{"not_picked":["Combust+1","Warcry"],"picked":"Feel No Pain+1","floor":10},{"not_picked":["Headbutt","Warcry"],"picked":"Flame Barrier","floor":13},{"not_picked":["Wild Strike","Clothesline"],"picked":"Anger","floor":14},{"not_picked":["Fiend Fire","Juggernaut+1"],"picked":"Demon Form+1","floor":16},{"not_picked":["Pommel Strike+1","Headbutt"],"picked":"Sword Boomerang+1","floor":18},{"not_picked":["Fire Breathing+1","Entrench"],"picked":"True Grit","floor":20},{"not_picked":["Clash","Sentinel"],"picked":"Burning Pact+1","floor":21},{"not_picked":["Shrug It Off","Iron Wave"],"picked":"Heavy Blade","floor":22},{"not_picked":["Flex","Bloodletting"],"picked":"Feel No Pain+1","floor":24},{"not_picked":["Armaments","Uppercut"],"picked":"Cleave+1","floor":27},{"not_picked":["Ghostly Armor","Clash"],"picked":"Rage","floor":28},{"not_picked":["Sever Soul","Dropkick"],"picked":"Whirlwind","floor":31},{"not_picked":["Berserk+1","Demon Form+1"],"picked":"Impervious","floor":33},{"not_picked":["Cleave+1","Power Through","Iron Wave"],"picked":"SKIP","floor":35},{"not_picked":["Whirlwind","Flex","Entrench"],"picked":"SKIP","floor":36},{"not_picked":["Second Wind","Headbutt+1"],"picked":"Shrug It Off+1","floor":37},{"not_picked":["Finesse","Blind"],"picked":"Panache+1","floor":38}],"player_experience":559942,"relics_obtained":[{"floor":6,"key":"Frozen Egg 2"},{"floor":8,"key":"Potion Belt"},{"floor":9,"key":"Strawberry"},{"floor":24,"key":"Mercury Hourglass"},{"floor":26,"key":"PreservedInsect"}],"event_choices":[{"damage_healed":0,"gold_gain":0,"player_choice":"Donut","damage_taken":0,"max_hp_gain":5,"max_hp_loss":0,"event_name":"Big Fish","floor":2,"gold_loss":0},{"damage_healed":0,"gold_gain":0,"cards_transformed":["Strike_R"],"player_choice":"Transformed","damage_taken":0,"max_hp_gain":0,"max_hp_loss":0,"event_name":"Transmorgrifier","floor":19,"gold_loss":0,"cards_obtained":["Anger"]},{"damage_healed":0,"gold_gain":0,"player_choice":"Bought 0 Potions","damage_taken":0,"max_hp_gain":0,"max_hp_loss":0,"event_name":"The Woman in Blue","floor":29,"gold_loss":0},{"damage_healed":0,"gold_gain":0,"player_choice":"Memory 1","damage_taken":0,"max_hp_gain":0,"max_hp_loss":0,"event_name":"SensoryStone","floor":38,"gold_loss":0}],"is_beta":false,"boss_relics":[{"not_picked":["Tiny House","Eternal Feather"],"picked":"Philosopher\u0027s Stone"},{"not_picked":["Empty Cage","Astrolabe"],"picked":"Lizard Tail"}],"items_purged_floors":[11],"is_endless":false,"potions_floor_spawned":[1,3,4,13,16,18,21,24,28,35,36],"killed_by":"Spire Growth","ascension_level":13}