{"gold_per_floor":[113,36,53,53,65,100,116,146,146,146,162,162,218,231,231,335,335,354,354,354,269,269,297,297,297,297,94,107,107],"floor_reached":29,"playtime":1205,"items_purged":[],"score":376,"play_id":"3cd8ea0e-d8fb-4f40-876a-f362e0d5c747","local_time":"20190129191023","is_ascension_mode":true,"campfire_choices":[{"data":"Cleave","floor":10,"key":"SMITH"},{"data":"Disarm","floor":12,"key":"SMITH"},{"data":"Disarm","floor":15,"key":"SMITH"},{"floor":25,"key":"REST"}],"neow_cost":"NONE","seed_source_timestamp":443680920266200,"circlet_count":0,"master_deck":["Defend_R","Defend_R","Defend_R","Bash","Iron Wave","Uppercut+1","Headbutt","Cleave+1","Iron Wave","Disarm+1","Evolve","Battle Trance","Disarm+1","Limit Break","True Grit+1","Flex+1","Bite","Bite","Bite","Bite","Bite","Iron Wave+1","Shrug It Off"],"relics":["Burning Blood","Blood Vial","Prayer Wheel","Ornamental Fan","Dodecahedron","Empty Cage","Letter Opener","Art of War","Champion Belt","ClockworkSouvenir"],"potions_floor_usage":[6,8,16,23,23,24],"damage_taken":[{"damage":0,"enemies":"2 Louse","floor":1,"turns":3},{"damage":0,"enemies":"Small Slimes","floor":3,"turns":3},{"damage":4,"enemies":"Jaw Worm","floor":5,"turns":3},{"damage":21,"enemies":"Lagavulin","floor":6,"turns":6},{"damage":8,"enemies":"Exordium Wildlife","floor":7,"turns":4},{"damage":16,"enemies":"Gremlin Nob","floor":8,"turns":4},{"damage":3,"enemies":"Looter","floor":11,"turns":3},{"damage":12,"enemies":"Blue Slaver","floor":14,"turns":3},{"damage":11,"enemies":"Hexaghost","floor":16,"turns":10},{"damage":50,"enemies":"Spheric Guardian","floor":18,"turns":6},{"damage":30,"enemies":"Book of Stabbing","floor":23,"turns":7},{"damage":13,"enemies":"Colosseum Slavers","floor":24,"turns":5},{"damage":11,"enemies":"3 Byrds","floor":28,"turns":6},{"damage":61,"enemies":"Slavers","floor":29,"turns":5}],"seed_played":"5631821997768880282","potions_obtained":[{"floor":3,"key":"Strength Potion"},{"floor":5,"key":"SkillPotion"},{"floor":7,"key":"AttackPotion"},{"floor":11,"key":"Energy Potion"},{"floor":18,"key":"SkillPotion"},{"floor":23,"key":"SkillPotion"}],"is_trial":false,"path_per_floor":["M","$","M","?","M","E","M","E","T","R","M","R","?","M","R","B",null,"M","?","$","?","$","E","?","R","T","$","M","E"],"character_chosen":"IRONCLAD","items_purchased":["Uppercut","ClockworkSouvenir"],"campfire_rested":1,"item_purchase_floors":[2,27],"current_hp_per_floor":[80,80,80,80,80,65,65,57,57,57,62,62,62,58,58,55,74,32,32,32,32,32,16,21,37,37,37,50,0],"gold":107,"neow_bonus":"RANDOM_COMMON_RELIC","is_prod":false,"is_daily":false,"chose_seed":false,"campfire_upgraded":3,"win_rate":0,"timestamp":1548785423,"path_taken":["M","$","M","?","M","E","M","E","T","R","M","R","?","M","R","BOSS","M","?","$","?","$","E","?","R","T","?","?","E"],"build_version":"2019-01-23","purchased_purges":0,"victory":false,"max_hp_per_floor":[80,80,80,80,80,80,80,80,80,80,80,80,80,80,80,80,80,80,56,56,56,56,56,56,56,56,56,56,56],"card_choices":[{"not_picked":["Wild Strike","Clash"],"picked":"Iron Wave","floor":1},{"not_picked":["Bloodletting","Anger","Havoc"],"picked":"SKIP","floor":3},{"not_picked":["Perfected Strike","Intimidate"],"picked":"Headbutt","floor":5},{"not_picked":["Sever Soul","Wild Strike","Blood for Blood"],"picked":"SKIP","floor":6},{"not_picked":["Searing Blow","Ghostly Armor"],"picked":"Cleave","floor":7},{"not_picked":["Perfected Strike","Warcry"],"picked":"Iron Wave","floor":7},{"not_picked":["Entrench","Juggernaut"],"picked":"Disarm","floor":8},{"not_picked":["Clash","Pummel"],"picked":"Evolve","floor":11},{"not_picked":["Heavy Blade","Perfected Strike"],"picked":"Battle Trance","floor":11},{"not_picked":["Headbutt","Twin Strike"],"picked":"Disarm","floor":14},{"not_picked":["Cleave","Warcry","True Grit"],"picked":"SKIP","floor":14},{"not_picked":["Offering","Immolate"],"picked":"Limit Break","floor":16},{"not_picked":["Searing Blow","Corruption"],"picked":"True Grit+1","floor":18},{"not_picked":["Body Slam","Wild Strike+1"],"picked":"Flex+1","floor":18},{"not_picked":["Thunderclap","Anger+1","Searing Blow"],"picked":"SKIP","floor":23},{"not_picked":["Armaments+1","Perfected Strike"],"picked":"Iron Wave+1","floor":28},{"not_picked":["Fire Breathing+1","Bludgeon"],"picked":"Shrug It Off","floor":28}],"player_experience":410259,"relics_obtained":[{"floor":6,"key":"Prayer Wheel"},{"floor":8,"key":"Ornamental Fan"},{"floor":9,"key":"Dodecahedron"},{"floor":23,"key":"Art of War"},{"floor":26,"key":"Champion Belt"}],"event_choices":[{"damage_healed":0,"gold_gain":0,"player_choice":"Grow","damage_taken":0,"max_hp_gain":0,"max_hp_loss":0,"event_name":"Living Wall","floor":4,"gold_loss":0,"cards_upgraded":["Uppercut"]},{"damage_healed":0,"gold_gain":56,"player_choice":"Gained Gold","damage_taken":0,"max_hp_gain":0,"max_hp_loss":0,"event_name":"Golden Wing","floor":13,"gold_loss":0},{"damage_healed":0,"gold_gain":0,"player_choice":"Became a vampire","damage_taken":0,"max_hp_gain":0,"max_hp_loss":24,"event_name":"Vampires","floor":19,"gold_loss":0,"cards_obtained":["Bite","Bite","Bite","Bite","Bite"]},{"damage_healed":0,"gold_gain":0,"player_choice":"Obtained Relic","damage_taken":0,"relics_obtained":["Letter Opener"],"max_hp_gain":0,"max_hp_loss":0,"event_name":"Addict","floor":21,"gold_loss":85},{"damage_healed":0,"gold_gain":0,"player_choice":"Fight","damage_taken":0,"max_hp_gain":0,"max_hp_loss":0,"event_name":"Colosseum","floor":24,"gold_loss":0},{"damage_healed":0,"gold_gain":0,"player_choice":"Fled From Nobs","damage_taken":0,"max_hp_gain":0,"max_hp_loss":0,"event_name":"Colosseum","floor":24,"gold_loss":0}],"is_beta":false,"boss_relics":[{"not_picked":["Pandora\u0027s Box","Eternal Feather"],"picked":"Empty Cage"}],"items_purged_floors":[],"is_endless":false,"potions_floor_spawned":[3,5,7,11,18,23],"killed_by":"Slavers","ascension_level":8}