{"gold_per_floor":[19,37,55,65,83,83,96,96,96,96,109,119,119,119,119,193,243,260,273,24,24],"floor_reached":21,"playtime":719,"items_purged":[],"score":324,"play_id":"5d45b0df-7f8f-4720-b294-8a26ce543db9","local_time":"20190427013911","is_ascension_mode":true,"campfire_choices":[{"data":"Searing Blow","floor":6,"key":"SMITH"},{"data":"Searing Blow+1","floor":8,"key":"SMITH"},{"data":"Searing Blow+2","floor":10,"key":"SMITH"},{"floor":13,"key":"REST"},{"data":"Searing Blow+3","floor":15,"key":"SMITH"}],"neow_cost":"NO_GOLD","seed_source_timestamp":1338420079089198,"circlet_count":0,"master_deck":["AscendersBane","Strike_R","Strike_R+1","Strike_R","Strike_R","Strike_R","Defend_R","Defend_R","Defend_R","Defend_R","Bash","Impervious","Searing Blow+4","Pommel Strike","Cleave","Feel No Pain","Anger","Shockwave","Immolate","Reaper","Inflame","Feel No Pain","Rage","Inflame","Limit Break"],"relics":["Burning Blood","Question Card","Tiny House"],"potions_floor_usage":[4,18,18,21],"damage_taken":[{"damage":7,"enemies":"Cultist","floor":1,"turns":4},{"damage":13,"enemies":"Jaw Worm","floor":2,"turns":5},{"damage":7,"enemies":"2 Louse","floor":3,"turns":3},{"damage":1,"enemies":"Looter","floor":4,"turns":4},{"damage":14,"enemies":"Exordium Thugs","floor":5,"turns":5},{"damage":6,"enemies":"3 Louse","floor":7,"turns":4},{"damage":35,"enemies":"Exordium Wildlife","floor":11,"turns":4},{"damage":18,"enemies":"Gremlin Gang","floor":12,"turns":5},{"damage":53,"enemies":"The Guardian","floor":16,"turns":10},{"damage":23,"enemies":"Chosen","floor":18,"turns":5},{"damage":43,"enemies":"Shell Parasite","floor":19,"turns":4},{"damage":18,"enemies":"Centurion and Healer","floor":21,"turns":3}],"seed_played":"9192742287263117047","potions_obtained":[{"floor":1,"key":"SpeedPotion"},{"floor":3,"key":"Explosive Potion"},{"floor":11,"key":"GamblersBrew"},{"floor":18,"key":"FearPotion"}],"is_trial":false,"path_per_floor":["M","M","M","M","M","R","M","R","T","R","M","M","R","?","R","B",null,"M","M","$","M"],"character_chosen":"IRONCLAD","items_purchased":["Inflame","Limit Break"],"campfire_rested":1,"item_purchase_floors":[20,20],"current_hp_per_floor":[67,60,59,64,56,56,56,56,56,56,27,15,37,62,62,15,65,48,11,11,0],"gold":24,"neow_bonus":"THREE_RARE_CARDS","is_prod":false,"is_daily":false,"chose_seed":false,"campfire_upgraded":4,"win_rate":0,"timestamp":1556339951,"path_taken":["M","M","M","M","M","R","?","R","T","R","M","M","R","?","R","BOSS","M","M","$","M"],"build_version":"2019-01-23","purchased_purges":0,"victory":false,"max_hp_per_floor":[75,75,75,75,75,75,75,75,75,75,75,75,75,75,75,75,80,80,80,80,80],"card_choices":[{"not_picked":["Exhume","Juggernaut"],"picked":"Impervious","floor":0},{"not_picked":["Burning Pact","Rage"],"picked":"Searing Blow","floor":1},{"not_picked":["True Grit","Heavy Blade"],"picked":"Pommel Strike","floor":2},{"not_picked":["Body Slam","Corruption"],"picked":"Cleave","floor":3},{"not_picked":["Iron Wave","Second Wind"],"picked":"Feel No Pain","floor":4},{"not_picked":["Hemokinesis","Clash","Pommel Strike"],"picked":"SKIP","floor":5},{"not_picked":["Blood for Blood","Whirlwind"],"picked":"Anger","floor":7},{"not_picked":["Rupture","Sever Soul","Heavy Blade"],"picked":"Shockwave","floor":11},{"not_picked":["Headbutt","Sword Boomerang","Clash"],"picked":"Immolate","floor":12},{"not_picked":["Feed","Offering","Dark Embrace"],"picked":"Reaper","floor":16},{"not_picked":["Armaments","Heavy Blade","Sword Boomerang"],"picked":"Inflame","floor":17},{"not_picked":["Body Slam","Warcry","Clash"],"picked":"Feel No Pain","floor":18},{"not_picked":["True Grit","Wild Strike","Shrug It Off"],"picked":"Rage","floor":19}],"player_experience":1226538,"relics_obtained":[{"floor":9,"key":"Question Card"}],"event_choices":[{"damage_healed":25,"gold_gain":0,"player_choice":"Banana","damage_taken":0,"max_hp_gain":0,"max_hp_loss":0,"event_name":"Big Fish","floor":14,"gold_loss":0}],"is_beta":false,"boss_relics":[{"not_picked":["Ectoplasm","Philosopher\u0027s Stone"],"picked":"Tiny House"}],"items_purged_floors":[],"is_endless":false,"potions_floor_spawned":[1,3,11,12,16,18],"killed_by":"Centurion and Healer","ascension_level":17}