{"gold_per_floor":[119,132,50,70,46,12,12,87,140,150,176,193,193,204,204,302,302,315,333,345,71,81,81,81,81,81,81,81,98,98,98,98,98],"floor_reached":33,"playtime":1445,"items_purged":["Strike_R"],"score":272,"play_id":"24e12868-06ff-4874-8c5b-a4921994428b","local_time":"20190508104507","is_ascension_mode":false,"campfire_choices":[{"data":"Inflame","floor":7.0,"key":"SMITH"},{"data":"Shockwave","floor":13.0,"key":"SMITH"},{"data":"Inflame","floor":15.0,"key":"SMITH"},{"data":"Uppercut","floor":23.0,"key":"SMITH"},{"data":"Disarm","floor":24.0,"key":"SMITH"},{"data":"Bash","floor":28.0,"key":"SMITH"},{"data":"Limit Break","floor":30.0,"key":"SMITH"},{"data":"Disarm","floor":32.0,"key":"SMITH"}],"neow_cost":"NONE","seed_source_timestamp":3982162263869,"circlet_count":0,"master_deck":["Strike_R","Strike_R","Strike_R","Defend_R","Defend_R","Defend_R","Defend_R","Bash+1","Disarm+1","Inflame+1","Sword Boomerang","Sword Boomerang","Corruption","Pummel","Immolate","Shockwave+1","Inflame+1","Limit Break+1","Headbutt+1","Disarm+1","Uppercut+1","Disarm","Pain","True Grit+1","Disarm+1"],"special_seed":0,"relics":["Burning Blood","Tiny Chest","WingedGreaves","Mark of Pain","Chemical X","Shuriken","WarpedTongs"],"potions_floor_usage":[33],"damage_taken":[{"damage":6.0,"enemies":"Cultist","floor":1.0,"turns":4.0},{"damage":1.0,"enemies":"Small Slimes","floor":2.0,"turns":3.0},{"damage":2.0,"enemies":"2 Louse","floor":4.0,"turns":4.0},{"damage":6.0,"enemies":"Lots of Slimes","floor":10.0,"turns":3.0},{"damage":32.0,"enemies":"Lagavulin","floor":11.0,"turns":8.0},{"damage":5.0,"enemies":"Blue Slaver","floor":12.0,"turns":4.0},{"damage":5.0,"enemies":"3 Louse","floor":14.0,"turns":4.0},{"damage":14.0,"enemies":"Slime Boss","floor":16.0,"turns":8.0},{"damage":24.0,"enemies":"2 Thieves","floor":18.0,"turns":3.0},{"damage":8.0,"enemies":"Shell Parasite","floor":19.0,"turns":3.0},{"damage":10.0,"enemies":"Sentry and Sphere","floor":20.0,"turns":3.0},{"damage":19.0,"enemies":"Centurion and Healer","floor":22.0,"turns":5.0},{"damage":7.0,"enemies":"Shelled Parasite and Fungi","floor":29.0,"turns":3.0},{"damage":71,"enemies":"Automaton","floor":33,"turns":6}],"seed_played":"-8831284752021268550","potions_obtained":[{"floor":1.0,"key":"Strength Potion"},{"floor":4.0,"key":"GamblersBrew"},{"floor":11.0,"key":"Explosive Potion"},{"floor":14.0,"key":"BloodPotion"},{"floor":19.0,"key":"Swift Potion"},{"floor":20.0,"key":"BloodPotion"}],"is_trial":false,"path_per_floor":["M","M","$","M","$","$","R","?","T","M","E","M","R","M","R","B",null,"M","M","M","$","M","R","R","?","T","?","R","M","R","?","R","B"],"character_chosen":"IRONCLAD","items_purchased":["Inflame","Sword Boomerang","Corruption","Chemical X"],"campfire_rested":0,"item_purchase_floors":[3,5,6,21],"current_hp_per_floor":[80,80,80,80,80,80,80,69,69,69,43,44,44,45,45,37,80,62,68,64,64,59,59,59,59,59,59,59,58,58,58,58,0],"gold":98,"neow_bonus":"REMOVE_CARD","is_prod":false,"is_daily":false,"chose_seed":false,"campfire_upgraded":8,"win_rate":0,"timestamp":1557333907,"path_taken":["M","M","$","?","?","$","R","?","T","M","E","M","R","M","R","BOSS","M","M","M","$","M","R","R","?","T","?","R","?","R","?","R","BOSS"],"build_version":"2019-01-23","purchased_purges":1,"victory":false,"max_hp_per_floor":[80,80,80,80,80,80,80,80,80,80,80,80,80,80,80,80,80,80,80,80,80,80,80,80,80,80,80,80,80,80,80,80,80],"card_choices":[{"not_picked":["Cleave","Thunderclap"],"picked":"Disarm","floor":1.0},{"not_picked":["Havoc","Perfected Strike","Wild Strike"],"picked":"SKIP","floor":2.0},{"not_picked":["Fire Breathing","Blood for Blood"],"picked":"Sword Boomerang","floor":4.0},{"not_picked":["Evolve","Searing Blow"],"picked":"Pummel","floor":10.0},{"not_picked":["Feel No Pain","Burning Pact"],"picked":"Immolate","floor":11.0},{"not_picked":["Clash","Armaments"],"picked":"Shockwave","floor":12.0},{"not_picked":["Heavy Blade","Metallicize"],"picked":"Inflame","floor":14.0},{"not_picked":["Demon Form","Exhume"],"picked":"Limit Break","floor":16.0},{"not_picked":["Perfected Strike","Sentinel"],"picked":"Headbutt+1","floor":18.0},{"not_picked":["Havoc","Barricade"],"picked":"Disarm","floor":19.0},{"not_picked":["Perfected Strike","Evolve"],"picked":"Uppercut","floor":20.0},{"not_picked":["Clash+1","Battle Trance"],"picked":"Disarm","floor":22.0},{"not_picked":["Wild Strike","Anger"],"picked":"True Grit+1","floor":29.0}],"player_experience":1385910,"relics_obtained":[{"floor":9.0,"key":"Tiny Chest"},{"floor":11.0,"key":"WingedGreaves"},{"floor":26.0,"key":"Shuriken"}],"event_choices":[{"damage_healed":0.0,"max_hp_gain":0.0,"max_hp_loss":0.0,"gold_gain":75.0,"event_name":"World of Goop","player_choice":"Gather Gold","floor":8.0,"gold_loss":0.0,"damage_taken":11.0},{"damage_healed":0.0,"max_hp_gain":0.0,"max_hp_loss":0.0,"gold_gain":0.0,"event_name":"Ghosts","player_choice":"Ignored","floor":25.0,"gold_loss":0.0,"damage_taken":0.0},{"damage_healed":0.0,"max_hp_gain":0.0,"max_hp_loss":0.0,"gold_gain":0.0,"event_name":"Accursed Blacksmith","player_choice":"Rummage","floor":27.0,"gold_loss":0.0,"damage_taken":0.0,"relics_obtained":["WarpedTongs"],"cards_obtained":["Pain"]},{"damage_healed":0.0,"max_hp_gain":0.0,"max_hp_loss":0.0,"gold_gain":0.0,"event_name":"Duplicator","player_choice":"Copied","floor":31.0,"gold_loss":0.0,"damage_taken":0.0,"cards_obtained":["Disarm"]}],"is_beta":false,"boss_relics":[{"not_picked":["Tiny House","Empty Cage"],"picked":"Mark of Pain"}],"items_purged_floors":[21],"is_endless":false,"potions_floor_spawned":[1,4,11,14,16,19,20],"killed_by":"Automaton","ascension_level":0}