{"gold_per_floor":[115,115,126,126,150,184,199,242,242,260,281,281,152,175,175,306,306,320,320,169,189,189,220,220,645,669,326,326,367,392,392,392,515,515,528,528,63,88,144,144,163,181,206,206,230,274,299,314,314,314],"floor_reached":51,"playtime":3162,"items_purged":["Injury","Writhe"],"score":729,"play_id":"b3915698-be79-40e6-b498-98ad2ae78eca","local_time":"20190320141925","is_ascension_mode":false,"campfire_choices":[{"data":"Inflame","floor":12,"key":"SMITH"},{"data":"Perfected Strike","floor":15,"key":"SMITH"},{"data":"Barricade","floor":24,"key":"SMITH"},{"floor":28,"key":"REST"},{"data":"Infernal Blade","floor":32,"key":"SMITH"},{"data":"Rage","floor":40,"key":"SMITH"},{"data":"Heavy Blade","floor":49,"key":"SMITH"}],"neow_cost":"NONE","seed_source_timestamp":595796912562700,"circlet_count":0,"master_deck":["Strike_R","Strike_R","Strike_R","Strike_R","Strike_R","Defend_R","Defend_R","Defend_R","Defend_R","Bash","Inflame+1","Flex","Rampage","Pommel Strike","Shrug It Off","Infernal Blade+1","Twin Strike","Iron Wave","Perfected Strike+1","Pommel Strike","Necronomicurse","Thunderclap+1","Inflame","Headbutt","Shrug It Off","Limit Break+1","Rampage+1","Whirlwind","Heavy Blade+1","Rage+1","Heavy Blade","Perfected Strike+1","Whirlwind+1","Pommel Strike+1"],"relics":["Burning Blood","Potion Belt","Golden Idol","Boot","Mummified Hand","Meat on the Bone","Cursed Key","Red Skull","Necronomicon","PreservedInsect","Old Coin","Letter Opener","Centennial Puzzle","Ornamental Fan","Orichalcum","Bottled Tornado","Empty Cage","Vajra","Pantograph","Torii","Bronze Scales","Thread and Needle"],"potions_floor_usage":[8,16,25,33,33,33,39,50],"damage_taken":[{"damage":4,"enemies":"Small Slimes","floor":1,"turns":4},{"damage":6,"enemies":"Cultist","floor":3,"turns":4},{"damage":13,"enemies":"Jaw Worm","floor":5,"turns":4},{"damage":34,"enemies":"Gremlin Nob","floor":6,"turns":5},{"damage":9,"enemies":"2 Fungi Beasts","floor":7,"turns":4},{"damage":19,"enemies":"Lagavulin","floor":8,"turns":5},{"damage":9,"enemies":"Blue Slaver","floor":10,"turns":3},{"damage":0,"enemies":"Gremlin Gang","floor":11,"turns":4},{"damage":20,"enemies":"Exordium Wildlife","floor":14,"turns":6},{"damage":31,"enemies":"The Guardian","floor":16,"turns":8},{"damage":16,"enemies":"Spheric Guardian","floor":18,"turns":4},{"damage":19,"enemies":"3 Byrds","floor":21,"turns":5},{"damage":12,"enemies":"Gremlin Leader","floor":23,"turns":4},{"damage":13,"enemies":"Colosseum Slavers","floor":25,"turns":3},{"damage":10,"enemies":"Colosseum Nobs","floor":25,"turns":3},{"damage":12,"enemies":"Book of Stabbing","floor":29,"turns":3},{"damage":14,"enemies":"Shelled Parasite and Fungi","floor":30,"turns":3},{"damage":42,"enemies":"Collector","floor":33,"turns":4},{"damage":9,"enemies":"3 Darklings","floor":35,"turns":4},{"damage":11,"enemies":"Orb Walker","floor":38,"turns":2},{"damage":14,"enemies":"2 Orb Walkers","floor":39,"turns":3},{"damage":18,"enemies":"Maw","floor":41,"turns":5},{"damage":9,"enemies":"Writhing Mass","floor":42,"turns":4},{"damage":6,"enemies":"Jaw Worm Horde","floor":45,"turns":2},{"damage":2,"enemies":"Giant Head","floor":46,"turns":4},{"damage":0,"enemies":"Spire Growth","floor":47,"turns":2},{"damage":11,"enemies":"Sphere and 2 Shapes","floor":48,"turns":4},{"damage":64,"enemies":"Awakened One","floor":50,"turns":7}],"seed_played":"-3781950742599928993","potions_obtained":[{"floor":1,"key":"Block Potion"},{"floor":3,"key":"PowerPotion"},{"floor":7,"key":"Strength Potion"},{"floor":10,"key":"EssenceOfSteel"},{"floor":16,"key":"Explosive Potion"},{"floor":18,"key":"GamblersBrew"},{"floor":25,"key":"SkillPotion"},{"floor":30,"key":"Poison Potion"},{"floor":33,"key":"Ancient Potion"},{"floor":35,"key":"SteroidPotion"},{"floor":38,"key":"Dexterity Potion"},{"floor":45,"key":"EssenceOfSteel"},{"floor":46,"key":"Energy Potion"}],"is_trial":false,"path_per_floor":["M","?","M","?","M","E","M","E","T","M","M","R","$","M","R","B",null,"M","?","$","M","?","E","R","?","T","$","R","E","M","T","R","B",null,"M","?","$","M","?","R","M","M","T","?","M","E","M","M","R","B",null],"character_chosen":"IRONCLAD","items_purchased":["Perfected Strike","Red Skull","Ornamental Fan","Whirlwind","Vajra","Pantograph"],"campfire_rested":1,"item_purchase_floors":[13,20,27,37,37,37],"current_hp_per_floor":[80,80,80,80,73,45,42,29,29,38,56,56,56,54,54,41,80,70,70,70,57,41,47,47,48,48,48,72,66,58,58,58,34,80,77,77,77,72,64,64,52,49,49,49,49,53,59,54,54,31],"gold":314,"neow_bonus":"RANDOM_COMMON_RELIC","is_prod":false,"is_daily":false,"chose_seed":false,"campfire_upgraded":6,"win_rate":0.0,"timestamp":1553105965,"path_taken":["M","?","M","?","M","E","M","E","T","M","M","R","$","M","R","BOSS","M","?","$","?","?","E","R","?","T","$","R","E","M","?","R","BOSS","M","?","$","?","?","R","M","M","T","?","M","E","M","M","R","BOSS"],"build_version":"2019-01-23","purchased_purges":2,"victory":true,"max_hp_per_floor":[80,80,80,80,80,80,80,80,80,80,80,80,80,80,80,80,80,80,80,80,80,80,80,80,80,80,80,80,80,80,80,80,80,80,80,80,80,80,80,80,80,80,80,77,77,77,77,77,77,77],"card_choices":[{"not_picked":["Battle Trance","Sword Boomerang"],"picked":"Inflame","floor":1},{"not_picked":["Metallicize","Hemokinesis"],"picked":"Flex","floor":3},{"not_picked":["Clothesline","Pommel Strike"],"picked":"Rampage","floor":5},{"not_picked":["Armaments","Fiend Fire"],"picked":"Pommel Strike","floor":6},{"not_picked":["Armaments","Feel No Pain"],"picked":"Shrug It Off","floor":7},{"not_picked":["Rage","Sword Boomerang"],"picked":"Infernal Blade","floor":8},{"not_picked":["Disarm","Entrench"],"picked":"Twin Strike","floor":10},{"not_picked":["Dropkick","Anger"],"picked":"Iron Wave","floor":11},{"not_picked":["Reckless Charge","Sword Boomerang","Juggernaut"],"picked":"SKIP","floor":14},{"not_picked":["Juggernaut","Offering"],"picked":"Barricade","floor":16},{"not_picked":["Rupture","True Grit+1"],"picked":"Pommel Strike","floor":18},{"not_picked":["Shockwave","Ghostly Armor","Anger"],"picked":"SKIP","floor":21},{"not_picked":["Seeing Red","True Grit+1"],"picked":"Thunderclap+1","floor":23},{"not_picked":["Burning Pact+1","Searing Blow"],"picked":"Inflame","floor":25},{"not_picked":["Corruption","Brutality"],"picked":"Headbutt","floor":29},{"not_picked":["Clothesline","Cleave"],"picked":"Shrug It Off","floor":30},{"not_picked":["Fiend Fire","Offering"],"picked":"Limit Break","floor":33},{"not_picked":["Iron Wave","True Grit+1"],"picked":"Rampage+1","floor":35},{"not_picked":["Anger","Thunderclap"],"picked":"Heavy Blade","floor":38},{"not_picked":["Flex","Corruption"],"picked":"Rage","floor":39},{"not_picked":["Thunderclap","Warcry+1"],"picked":"Heavy Blade","floor":41},{"not_picked":["Uppercut+1","Cleave","Seeing Red+1"],"picked":"SKIP","floor":42},{"not_picked":["Sword Boomerang+1","Pommel Strike+1"],"picked":"Perfected Strike+1","floor":45},{"not_picked":["Flame Barrier+1","Dark Embrace"],"picked":"Whirlwind+1","floor":46},{"not_picked":["Warcry+1","Infernal Blade","Anger"],"picked":"SKIP","floor":47},{"not_picked":["Metallicize+1","Flex"],"picked":"Pommel Strike+1","floor":48}],"player_experience":19691,"relics_obtained":[{"floor":6,"key":"Boot"},{"floor":8,"key":"Mummified Hand"},{"floor":9,"key":"Meat on the Bone"},{"floor":22,"key":"Necronomicon"},{"floor":23,"key":"PreservedInsect"},{"floor":25,"key":"Old Coin"},{"floor":25,"key":"Letter Opener"},{"floor":26,"key":"Centennial Puzzle"},{"floor":29,"key":"Orichalcum"},{"floor":31,"key":"Bottled Tornado"},{"floor":39,"key":"Torii"},{"floor":43,"key":"Bronze Scales"},{"floor":46,"key":"Thread and Needle"}],"event_choices":[{"damage_healed":0,"gold_gain":0,"player_choice":"Leave","damage_taken":0,"max_hp_gain":0,"max_hp_loss":0,"event_name":"The Cleric","floor":2,"gold_loss":0},{"damage_healed":0,"gold_gain":0,"player_choice":"Take Wound","damage_taken":0,"relics_obtained":["Golden Idol"],"max_hp_gain":0,"max_hp_loss":0,"event_name":"Golden Idol","floor":4,"gold_loss":0,"cards_obtained":["Injury"]},{"damage_healed":0,"gold_gain":0,"player_choice":"Ignored","damage_taken":0,"max_hp_gain":0,"max_hp_loss":0,"event_name":"Purifier","floor":19,"gold_loss":0},{"damage_healed":0,"gold_gain":0,"player_choice":"Obtained Book","damage_taken":16,"max_hp_gain":0,"max_hp_loss":0,"event_name":"Cursed Tome","floor":22,"gold_loss":0},{"damage_healed":0,"gold_gain":0,"player_choice":"Fight","damage_taken":0,"max_hp_gain":0,"max_hp_loss":0,"event_name":"Colosseum","floor":25,"gold_loss":0},{"damage_healed":0,"gold_gain":0,"player_choice":"Fought Nobs","damage_taken":0,"max_hp_gain":0,"max_hp_loss":0,"event_name":"Colosseum","floor":25,"gold_loss":0},{"damage_healed":0,"gold_gain":0,"player_choice":"Forge","damage_taken":0,"max_hp_gain":0,"max_hp_loss":0,"event_name":"Accursed Blacksmith","floor":36,"gold_loss":0,"cards_upgraded":["Limit Break"]},{"damage_healed":0,"gold_gain":0,"player_choice":"Fight","damage_taken":0,"max_hp_gain":0,"max_hp_loss":0,"event_name":"Mysterious Sphere","floor":39,"gold_loss":0},{"cards_removed":["Regret","Parasite"],"damage_healed":0,"gold_gain":0,"player_choice":"Removed Curses","damage_taken":0,"max_hp_gain":0,"max_hp_loss":0,"event_name":"Fountain of Cleansing","floor":44,"gold_loss":0}],"is_beta":false,"boss_relics":[{"not_picked":["Calling Bell","Black Star"],"picked":"Cursed Key"},{"not_picked":["Busted Crown","Philosopher\u0027s Stone"],"picked":"Empty Cage"}],"items_purged_floors":[13,27],"is_endless":false,"potions_floor_spawned":[1,3,7,10,16,18,25,30,33,35,38,45,46],"ascension_level":0}