{"gold_per_floor":[112,1,11,22,22,54,54,54,77,77,96,96,122,122,122,194,194,211,228,247,136,152,152,186,57,57,57,85,100,113,33,33,109,109,123,171,181,181,194,228,228,245,268,302,302,302,336,355,355,355,355,355,355,18,50,50],"floor_reached":57,"playtime":6302,"items_purged":["Strike_R"],"score":2865,"play_id":"b3ada351-c478-48cd-bb47-d8bee93b8037","local_time":"20181217105752","is_ascension_mode":true,"campfire_choices":[{"data":"Bash","floor":7,"key":"SMITH"},{"data":"Cleave","floor":10,"key":"SMITH"},{"data":"Headbutt","floor":12,"key":"SMITH"},{"floor":15,"key":"REST"},{"floor":23,"key":"REST"},{"floor":27,"key":"REST"},{"floor":32,"key":"REST"},{"floor":41,"key":"DIG"},{"floor":49,"key":"RECALL"},{"floor":53,"key":"DIG"}],"neow_cost":"NONE","seed_source_timestamp":486517684727692,"circlet_count":0,"master_deck":["AscendersBane","Strike_R","Strike_R","Defend_R","Defend_R+1","Defend_R","Defend_R","Bash+1","Spot Weakness+1","Feel No Pain","Cleave+1","Metallicize","Anger","Headbutt+1","Armaments","Offering","Iron Wave+1","Shrug It Off","Clothesline","Battle Trance","Shrug It Off","Iron Wave+1","Shockwave","Body Slam+1","Corruption","Shrug It Off","Impervious","Impervious","Feel No Pain","Clothesline","Corruption","Entrench+1","Disarm","Barricade","Carnage+1","Heavy Blade+1","Feel No Pain"],"relics":["Burning Blood","War Paint","Bag of Marbles","Fusion Hammer","Prayer Wheel","Dodecahedron","Bottled Tornado","Snecko Eye","Torii","Shovel","Shuriken","Blood Vial","Regal Pillow","Orichalcum","Bottled Lightning","Bag of Preparation","Blue Candle"],"potions_floor_usage":[6,20,22,28,33,33,40,56,56],"damage_taken":[{"damage":9,"enemies":"Jaw Worm","floor":1,"turns":4},{"damage":5,"enemies":"2 Louse","floor":3,"turns":4},{"damage":7,"enemies":"Cultist","floor":4,"turns":4},{"damage":34,"enemies":"Lagavulin","floor":6,"turns":7},{"damage":4,"enemies":"Lots of Slimes","floor":11,"turns":2},{"damage":40,"enemies":"3 Sentries","floor":13,"turns":7},{"damage":30,"enemies":"The Guardian","floor":16,"turns":14},{"damage":6,"enemies":"Chosen","floor":18,"turns":2},{"damage":23,"enemies":"Shell Parasite","floor":19,"turns":4},{"damage":15,"enemies":"Centurion and Healer","floor":20,"turns":3},{"damage":27,"enemies":"Cultist and Chosen","floor":22,"turns":8},{"damage":11,"enemies":"Gremlin Leader","floor":24,"turns":7},{"damage":63,"enemies":"Book of Stabbing","floor":28,"turns":5},{"damage":10,"enemies":"Sentry and Sphere","floor":29,"turns":6},{"damage":7,"enemies":"Snecko","floor":30,"turns":6},{"damage":7,"enemies":"Automaton","floor":33,"turns":10},{"damage":0,"enemies":"3 Shapes","floor":35,"turns":4},{"damage":6,"enemies":"2 Orb Walkers","floor":36,"turns":4},{"damage":0,"enemies":"3 Darklings","floor":37,"turns":5},{"damage":0,"enemies":"Transient","floor":39,"turns":6},{"damage":11,"enemies":"Giant Head","floor":40,"turns":9},{"damage":4,"enemies":"Writhing Mass","floor":42,"turns":8},{"damage":6,"enemies":"Reptomancer","floor":44,"turns":6},{"damage":1,"enemies":"Giant Head","floor":47,"turns":3},{"damage":0,"enemies":"Spire Growth","floor":48,"turns":4},{"damage":14,"enemies":"Time Eater","floor":50,"turns":15},{"damage":37,"enemies":"Awakened One","floor":51,"turns":13},{"damage":28,"enemies":"Shield and Spear","floor":55,"turns":8},{"damage":38,"enemies":"The Heart","floor":56,"turns":11}],"seed_played":"-8972470368414105038","potions_obtained":[{"floor":4,"key":"Explosive Potion"},{"floor":11,"key":"BloodPotion"},{"floor":18,"key":"SteroidPotion"},{"floor":20,"key":"Block Potion"},{"floor":24,"key":"Strength Potion"},{"floor":29,"key":"SkillPotion"},{"floor":33,"key":"Ancient Potion"},{"floor":35,"key":"PowerPotion"},{"floor":39,"key":"SteroidPotion"},{"floor":48,"key":"FearPotion"}],"is_trial":false,"path_per_floor":["M","$","M","M","?","E","R","?","T","R","M","R","E","?","R","B",null,"M","M","M","$","M","R","E","$","T","R","E","M","M","$","R","B",null,"M","?","M","?","M","E","R","M","T","E","?","?","E","M","R","B","B",null,"R","$","E","B",null],"character_chosen":"IRONCLAD","items_purchased":["Spot Weakness","Feel No Pain","Shrug It Off","Clothesline","Shrug It Off","Impervious","LiquidBronze","Bag of Preparation","Feel No Pain"],"campfire_rested":4,"item_purchase_floors":[2,2,21,21,25,31,54,54,54],"current_hp_per_floor":[72,72,73,72,77,49,49,42,42,42,44,44,10,10,36,12,68,68,51,42,42,29,55,50,50,50,76,19,15,14,14,40,39,75,81,81,87,87,87,82,82,84,84,86,86,76,83,87,87,79,50,78,78,78,58,28],"gold":50,"neow_bonus":"TEN_PERCENT_HP_BONUS","is_prod":false,"is_daily":false,"chose_seed":false,"campfire_upgraded":3,"win_rate":0,"timestamp":1545062272,"path_taken":["M","$","M","M","?","E","R","?","T","R","M","R","E","?","R","BOSS","M","?","M","?","M","R","E","$","T","R","E","?","?","?","R","BOSS","M","?","M","?","?","E","R","M","T","E","?","?","E","M","R","BOSS","BOSS","R","$","E","BOSS"],"build_version":"2018-12-13","purchased_purges":1,"victory":true,"max_hp_per_floor":[82,82,82,82,87,87,87,87,87,87,87,87,87,87,87,87,87,87,87,87,87,87,87,87,87,87,87,87,87,87,87,87,87,87,87,87,87,87,87,87,87,87,87,87,87,87,87,87,87,87,87,87,87,87,87,87],"card_choices":[{"not_picked":["Warcry","Flex","Rage"],"picked":"SKIP","floor":1},{"not_picked":["Clash","Entrench"],"picked":"Cleave","floor":3},{"not_picked":["Rage","Perfected Strike"],"picked":"Metallicize","floor":4},{"not_picked":["Perfected Strike","Feel No Pain"],"picked":"Anger","floor":6},{"not_picked":["Havoc","Juggernaut"],"picked":"Headbutt","floor":11},{"not_picked":["Second Wind","Flex"],"picked":"Armaments","floor":13},{"not_picked":["Bludgeon","Double Tap"],"picked":"Offering","floor":16},{"not_picked":["Thunderclap","Wild Strike","Havoc"],"picked":"SKIP","floor":18},{"not_picked":["Sentinel+1","Warcry"],"picked":"Iron Wave+1","floor":19},{"not_picked":["Havoc","Brutality","Headbutt"],"picked":"SKIP","floor":20},{"not_picked":["Warcry","Intimidate","Iron Wave"],"picked":"SKIP","floor":22},{"not_picked":["Feed","Dark Embrace"],"picked":"Battle Trance","floor":24},{"not_picked":["Havoc","Twin Strike+1"],"picked":"Iron Wave+1","floor":28},{"not_picked":["Shrug It Off","Wild Strike"],"picked":"Shockwave","floor":29},{"not_picked":["Power Through","Shrug It Off"],"picked":"Body Slam+1","floor":29},{"not_picked":["Anger","Sentinel"],"picked":"Corruption","floor":30},{"not_picked":["Thunderclap","Carnage"],"picked":"Shrug It Off","floor":30},{"not_picked":["Offering","Demon Form"],"picked":"Impervious","floor":33},{"not_picked":["Havoc","Thunderclap"],"picked":"Feel No Pain","floor":35},{"not_picked":["True Grit","Infernal Blade"],"picked":"Clothesline","floor":35},{"not_picked":["Wild Strike","Cleave","Thunderclap"],"picked":"SKIP","floor":37},{"not_picked":["Limit Break","Heavy Blade","True Grit"],"picked":"SKIP","floor":37},{"not_picked":["Wild Strike","Cleave","Thunderclap"],"picked":"SKIP","floor":37},{"not_picked":["Limit Break","Heavy Blade","True Grit"],"picked":"SKIP","floor":37},{"not_picked":["Headbutt","Armaments"],"picked":"Entrench+1","floor":39},{"not_picked":["Fire Breathing+1","Perfected Strike+1","Wild Strike"],"picked":"SKIP","floor":39},{"not_picked":["Feel No Pain","Fire Breathing"],"picked":"Disarm","floor":40},{"not_picked":["Second Wind","Flex"],"picked":"Barricade","floor":42},{"not_picked":["Iron Wave","Combust+1"],"picked":"Carnage+1","floor":42},{"not_picked":["True Grit","Dropkick"],"picked":"Heavy Blade+1","floor":44},{"not_picked":["Uppercut","Cleave+1","Sword Boomerang+1"],"picked":"SKIP","floor":47},{"not_picked":["Ghostly Armor+1","Hemokinesis+1","Twin Strike"],"picked":"SKIP","floor":48},{"not_picked":["Clothesline","Anger","Havoc"],"picked":"SKIP","floor":48},{"not_picked":["Ghostly Armor","Wild Strike","Feed"],"picked":"SKIP","floor":55}],"player_experience":1066196,"relics_obtained":[{"floor":6,"key":"War Paint"},{"floor":13,"key":"Bag of Marbles"},{"floor":24,"key":"Prayer Wheel"},{"floor":26,"key":"Dodecahedron"},{"floor":28,"key":"Bottled Tornado"},{"floor":36,"key":"Torii"},{"floor":40,"key":"Shovel"},{"floor":41,"key":"Shuriken"},{"floor":43,"key":"Blood Vial"},{"floor":44,"key":"Regal Pillow"},{"floor":47,"key":"Orichalcum"},{"floor":53,"key":"Bottled Lightning"},{"floor":55,"key":"Blue Candle"}],"event_choices":[{"damage_healed":0,"gold_gain":0,"player_choice":"Donut","damage_taken":0,"max_hp_gain":5,"max_hp_loss":0,"event_name":"Big Fish","floor":5,"gold_loss":0},{"cards_removed":["Strike_R"],"damage_healed":0,"gold_gain":0,"player_choice":"Card Removal","damage_taken":7,"max_hp_gain":0,"max_hp_loss":0,"event_name":"Golden Wing","floor":8,"gold_loss":0},{"cards_removed":["Strike_R"],"damage_healed":0,"gold_gain":0,"player_choice":"Purged","damage_taken":0,"max_hp_gain":0,"max_hp_loss":0,"event_name":"Purifier","floor":14,"gold_loss":0},{"damage_healed":0,"gold_gain":0,"player_choice":"Fight","damage_taken":0,"max_hp_gain":0,"max_hp_loss":0,"event_name":"Mysterious Sphere","floor":36,"gold_loss":0},{"damage_healed":0,"gold_gain":0,"player_choice":"Copied","damage_taken":0,"max_hp_gain":0,"max_hp_loss":0,"event_name":"Duplicator","floor":38,"gold_loss":0,"cards_obtained":["Corruption"]},{"damage_healed":0,"gold_gain":0,"player_choice":"Ignored","damage_taken":0,"max_hp_gain":0,"max_hp_loss":0,"event_name":"Tomb of Lord Red Mask","floor":45,"gold_loss":0},{"damage_healed":0,"gold_gain":0,"player_choice":"Memory 3","damage_taken":10,"max_hp_gain":0,"max_hp_loss":0,"event_name":"SensoryStone","floor":46,"gold_loss":0}],"is_beta":true,"boss_relics":[{"not_picked":["Busted Crown","Mark of Pain"],"picked":"Fusion Hammer"},{"not_picked":["Philosopher\u0027s Stone","Empty Cage"],"picked":"Snecko Eye"}],"items_purged_floors":[25],"is_endless":false,"potions_floor_spawned":[4,11,18,20,24,29,33,35,39,48,55],"ascension_level":20}