{"gold_per_floor":[117,192,208,208,48,48,64,97,120,120,120,136,148,148],"floor_reached":14,"playtime":1299,"items_purged":[],"score":90,"play_id":"e0638a8e-4150-45b4-9666-12066d29c007","local_time":"20190327094447","is_ascension_mode":false,"campfire_choices":[{"data":"Reaper","floor":6,"key":"SMITH"},{"floor":11,"key":"REST"}],"neow_cost":"","seed_source_timestamp":344979205433100,"circlet_count":0,"master_deck":["Strike_R","Strike_R","Strike_R","Strike_R","Strike_R","Defend_R","Defend_R","Defend_R","Defend_R","Bash","Dropkick","Intimidate","Reaper+1","Shrug It Off","Battle Trance","Iron Wave","Armaments"],"relics":["Burning Blood","Regal Pillow","Centennial Puzzle"],"potions_floor_usage":[],"damage_taken":[{"damage":15,"enemies":"Small Slimes","floor":1,"turns":4},{"damage":11,"enemies":"Jaw Worm","floor":3,"turns":3},{"damage":6,"enemies":"2 Louse","floor":7,"turns":3},{"damage":62,"enemies":"3 Sentries","floor":8,"turns":15},{"damage":21,"enemies":"Red Slaver","floor":12,"turns":7},{"damage":29,"enemies":"Exordium Thugs","floor":13,"turns":11},{"damage":38,"enemies":"Gremlin Gang","floor":14,"turns":4}],"seed_played":"1111525663500829215","potions_obtained":[{"floor":12,"key":"Dexterity Potion"},{"floor":13,"key":"Energy Potion"}],"is_trial":false,"path_per_floor":["M","?","M","?","$","R","M","E","T","?","R","M","M","M"],"character_chosen":"IRONCLAD","items_purchased":["Reaper"],"campfire_rested":1,"item_purchase_floors":[5],"current_hp_per_floor":[71,60,55,55,55,55,59,18,18,18,57,47,34,0],"gold":148,"neow_bonus":"","is_prod":false,"is_daily":false,"chose_seed":false,"campfire_upgraded":1,"win_rate":0.0,"timestamp":1553694287,"path_taken":["M","?","M","?","$","R","M","E","T","?","R","?","M","M"],"build_version":"2019-01-23","purchased_purges":0,"victory":false,"max_hp_per_floor":[80,80,80,80,80,80,80,80,80,80,80,80,80,80],"card_choices":[{"not_picked":["Flex","Flame Barrier"],"picked":"Dropkick","floor":1},{"not_picked":["Twin Strike","Feel No Pain"],"picked":"Intimidate","floor":3},{"not_picked":["Sever Soul","Body Slam"],"picked":"Shrug It Off","floor":7},{"not_picked":["Cleave","True Grit"],"picked":"Battle Trance","floor":8},{"not_picked":["True Grit","Flex"],"picked":"Iron Wave","floor":12},{"not_picked":["Clash","Clothesline"],"picked":"Armaments","floor":13}],"player_experience":0,"relics_obtained":[{"floor":8,"key":"Regal Pillow"},{"floor":9,"key":"Centennial Puzzle"}],"event_choices":[{"damage_healed":0,"gold_gain":75,"player_choice":"Gather Gold","damage_taken":11,"max_hp_gain":0,"max_hp_loss":0,"event_name":"World of Goop","floor":2,"gold_loss":0},{"damage_healed":0,"gold_gain":0,"player_choice":"Ignored","damage_taken":0,"max_hp_gain":0,"max_hp_loss":0,"event_name":"Golden Idol","floor":4,"gold_loss":0},{"damage_healed":0,"gold_gain":0,"player_choice":"Ignored","damage_taken":0,"max_hp_gain":0,"max_hp_loss":0,"event_name":"Golden Wing","floor":10,"gold_loss":0}],"is_beta":false,"boss_relics":[],"items_purged_floors":[],"is_endless":false,"potions_floor_spawned":[12,13],"killed_by":"Gremlin Gang","ascension_level":0}