{"gold_per_floor":[113,45,63,80,5,5,21,21,21,56,11,11,26,45,45,149,149,166,166,183,199,219,219,230,255,280,295,295],"floor_reached":28,"playtime":2292,"items_purged":["Strike_G"],"score":390,"play_id":"2a94128e-2ec8-428b-91a8-b3cf2926c808","local_time":"20190405230934","is_ascension_mode":true,"campfire_choices":[{"data":"Glass Knife","floor":6,"key":"SMITH"},{"data":"Caltrops","floor":8,"key":"SMITH"},{"data":"Blade Dance","floor":15,"key":"SMITH"},{"data":"Blade Dance","floor":23,"key":"SMITH"}],"neow_cost":"NONE","seed_source_timestamp":384362163130599,"circlet_count":0,"master_deck":["AscendersBane","Defend_G","Defend_G","Defend_G","Defend_G","Defend_G","Strike_G","Strike_G","Strike_G","Survivor","Neutralize","Caltrops+1","Escape Plan","Quick Slash","Glass Knife+1","Well Laid Plans","Dodge and Roll","Blade Dance+1","Slice","Adrenaline","PiercingWail","Blade Dance+1","Backstab","Escape Plan","Crippling Poison","Escape Plan","Pain","Caltrops"],"relics":["Ring of the Snake","NeowsBlessing","Smiling Mask","Kunai","Cursed Key","FaceOfCleric","StoneCalendar","Orichalcum"],"potions_floor_usage":[10,10,25,28],"damage_taken":[{"damage":0,"enemies":"Cultist","floor":1,"turns":1},{"damage":0,"enemies":"2 Louse","floor":3,"turns":1},{"damage":0,"enemies":"Small Slimes","floor":4,"turns":1},{"damage":5,"enemies":"Gremlin Gang","floor":7,"turns":5},{"damage":10,"enemies":"Lagavulin","floor":10,"turns":7},{"damage":4,"enemies":"Exordium Wildlife","floor":13,"turns":3},{"damage":0,"enemies":"Blue Slaver","floor":14,"turns":2},{"damage":10,"enemies":"The Guardian","floor":16,"turns":12},{"damage":0,"enemies":"Chosen","floor":18,"turns":5},{"damage":8,"enemies":"Spheric Guardian","floor":20,"turns":3},{"damage":9,"enemies":"Snake Plant","floor":21,"turns":4},{"damage":0,"enemies":"Centurion and Healer","floor":22,"turns":7},{"damage":12,"enemies":"Cultist and Chosen","floor":24,"turns":8},{"damage":11,"enemies":"Gremlin Leader","floor":25,"turns":11},{"damage":16,"enemies":"Snake Plant","floor":27,"turns":4},{"damage":13,"enemies":"Book of Stabbing","floor":28,"turns":4}],"seed_played":"5029110172356773313","potions_obtained":[{"floor":3,"key":"Energy Potion"},{"floor":7,"key":"SteroidPotion"},{"floor":10,"key":"FearPotion"},{"floor":13,"key":"Block Potion"},{"floor":27,"key":"SpeedPotion"}],"is_trial":false,"path_per_floor":["M","$","M","M","$","R","M","R","T","E","$","?","M","M","R","B",null,"M","?","M","M","M","R","M","E","T","M","E"],"character_chosen":"THE_SILENT","items_purchased":["Escape Plan","Blade Dance"],"campfire_rested":0,"item_purchase_floors":[2,11],"current_hp_per_floor":[63,63,63,63,63,63,58,58,58,48,48,48,44,44,44,34,61,61,61,54,46,47,47,36,26,26,11,0],"gold":295,"neow_bonus":"THREE_ENEMY_KILL","is_prod":false,"is_daily":false,"chose_seed":false,"campfire_upgraded":4,"win_rate":0,"timestamp":1554516574,"path_taken":["M","$","M","?","?","R","M","R","T","E","$","?","M","?","R","BOSS","M","?","M","M","M","R","?","E","T","?","E"],"build_version":"2019-01-23","purchased_purges":1,"victory":false,"max_hp_per_floor":[70,70,70,70,70,70,70,70,70,70,70,70,70,70,70,70,70,70,70,71,72,73,73,74,75,75,76,76],"card_choices":[{"not_picked":["PiercingWail","Flying Knee"],"picked":"Caltrops","floor":1},{"not_picked":["Accuracy","Finisher"],"picked":"Quick Slash","floor":3},{"not_picked":["Sucker Punch","Leg Sweep"],"picked":"Glass Knife","floor":4},{"not_picked":["Deadly Poison","Dodge and Roll"],"picked":"Well Laid Plans","floor":7},{"not_picked":["Finisher","Quick Slash"],"picked":"Dodge and Roll","floor":10},{"not_picked":["Poisoned Stab","Deadly Poison"],"picked":"Slice","floor":13},{"not_picked":["Poisoned Stab","Outmaneuver","Acrobatics"],"picked":"SKIP","floor":14},{"not_picked":["Doppelganger","Corpse Explosion"],"picked":"Adrenaline","floor":16},{"not_picked":["Sucker Punch","Quick Slash"],"picked":"PiercingWail","floor":18},{"not_picked":["Dagger Throw","Acrobatics"],"picked":"Blade Dance","floor":20},{"not_picked":["Outmaneuver","Choke"],"picked":"Backstab","floor":21},{"not_picked":["Acrobatics","Bane+1"],"picked":"Escape Plan","floor":22},{"not_picked":["Bouncing Flask","Backflip"],"picked":"Crippling Poison","floor":24},{"not_picked":["Skewer","Sucker Punch"],"picked":"Escape Plan","floor":25},{"not_picked":["Dodge and Roll","Riddle With Holes+1"],"picked":"Caltrops","floor":27}],"player_experience":1043054,"relics_obtained":[{"floor":9,"key":"Smiling Mask"},{"floor":10,"key":"Kunai"},{"floor":25,"key":"StoneCalendar"},{"floor":26,"key":"Orichalcum"}],"event_choices":[{"cards_removed":["Strike_G"],"damage_healed":0,"gold_gain":0,"player_choice":"Offered Basic","damage_taken":0,"max_hp_gain":0,"max_hp_loss":0,"event_name":"Bonfire Elementals","floor":12,"gold_loss":0},{"damage_healed":0,"gold_gain":0,"player_choice":"Trade","damage_taken":0,"relics_obtained":["FaceOfCleric"],"max_hp_gain":0,"max_hp_loss":0,"event_name":"FaceTrader","floor":19,"gold_loss":0}],"is_beta":false,"boss_relics":[{"not_picked":["Snecko Eye","Black Star"],"picked":"Cursed Key"}],"items_purged_floors":[5],"is_endless":false,"potions_floor_spawned":[3,7,10,13,24,27],"killed_by":"Book of Stabbing","ascension_level":12}