{"gold_per_floor":[125,137,159,183,213,225,266,278,290,302,314,341,365,408,420,432],"floor_reached":16,"playtime":741,"items_purged":[],"score":146,"play_id":"af6212de-8a37-4306-b519-721192f150ad","local_time":"20190503192756","is_ascension_mode":true,"campfire_choices":[{"data":"Shrug It Off","floor":6.0,"key":"SMITH"},{"data":"True Grit","floor":8.0,"key":"SMITH"},{"data":"Offering","floor":11.0,"key":"SMITH"},{"floor":15.0,"key":"REST"}],"neow_cost":"NONE","seed_source_timestamp":0,"circlet_count":0,"master_deck":["Strike_R","Strike_R","Strike_R","Strike_R","Defend_R","Defend_R","Defend_R","Defend_R","Bash","Shrug It Off+1","Rage","Cleave","Offering+1","True Grit+1","Power Through","Body Slam","Wild Strike","Inflame"],"special_seed":0,"relics":["Burning Blood","MawBank","Dream Catcher","Shuriken","Shovel"],"potions_floor_usage":[16],"damage_taken":[{"damage":9.0,"enemies":"Jaw Worm","floor":1.0,"turns":3.0},{"damage":14.0,"enemies":"Small Slimes","floor":3.0,"turns":4.0},{"damage":0.0,"enemies":"Cultist","floor":4.0,"turns":4.0},{"damage":11.0,"enemies":"Looter","floor":5.0,"turns":2.0},{"damage":19.0,"enemies":"3 Sentries","floor":7.0,"turns":10.0},{"damage":9.0,"enemies":"Exordium Thugs","floor":12.0,"turns":5.0},{"damage":0.0,"enemies":"3 Louse","floor":13.0,"turns":2.0},{"damage":50.0,"enemies":"Gremlin Nob","floor":14.0,"turns":5.0},{"damage":64,"enemies":"The Guardian","floor":16,"turns":12}],"seed_played":"5100657480784170139","potions_obtained":[{"floor":5.0,"key":"PowerPotion"},{"floor":14.0,"key":"Regen Potion"}],"is_trial":false,"path_per_floor":["M","?","M","M","M","R","E","R","T","?","R","M","M","E","R","B"],"character_chosen":"IRONCLAD","items_purchased":[],"campfire_rested":1,"item_purchase_floors":[],"current_hp_per_floor":[69,74,66,72,67,67,54,54,54,54,54,51,57,13,38,0],"gold":432,"neow_bonus":"RANDOM_COMMON_RELIC","is_prod":false,"is_daily":false,"chose_seed":false,"campfire_upgraded":3,"win_rate":0,"timestamp":1556926076,"path_taken":["M","?","M","M","M","R","E","R","T","?","R","M","?","E","R","BOSS"],"build_version":"2019-01-23","purchased_purges":0,"victory":false,"max_hp_per_floor":[80,85,85,85,85,85,85,85,85,85,85,85,85,85,85,85],"card_choices":[{"not_picked":["Wild Strike","Headbutt"],"picked":"Shrug It Off","floor":1.0},{"not_picked":["Rupture","Fire Breathing"],"picked":"Rage","floor":3.0},{"not_picked":["Headbutt","Iron Wave"],"picked":"Cleave","floor":4.0},{"not_picked":["Armaments","Headbutt"],"picked":"Offering","floor":5.0},{"not_picked":["Warcry","Iron Wave"],"picked":"True Grit","floor":7.0},{"not_picked":["Hemokinesis","Armaments"],"picked":"Power Through","floor":12.0},{"not_picked":["Clothesline","Pummel"],"picked":"Body Slam","floor":13.0},{"not_picked":["Cleave","Warcry"],"picked":"Wild Strike","floor":14.0},{"not_picked":["Whirlwind","Havoc"],"picked":"Inflame","floor":15.0}],"player_experience":145442,"relics_obtained":[{"floor":7.0,"key":"Dream Catcher"},{"floor":9.0,"key":"Shuriken"},{"floor":14.0,"key":"Shovel"}],"event_choices":[{"damage_healed":0.0,"max_hp_gain":5.0,"max_hp_loss":0.0,"gold_gain":0.0,"event_name":"Big Fish","player_choice":"Donut","floor":2.0,"gold_loss":0.0,"damage_taken":0.0},{"cards_removed":["Strike_R"],"damage_healed":0.0,"max_hp_gain":0.0,"max_hp_loss":0.0,"gold_gain":0.0,"event_name":"Purifier","player_choice":"Purged","floor":10.0,"gold_loss":0.0,"damage_taken":0.0}],"is_beta":false,"boss_relics":[],"items_purged_floors":[],"is_endless":false,"potions_floor_spawned":[5,14],"killed_by":"The Guardian","ascension_level":6}