{"gold_per_floor":[117,130,146,221,239,239,33,43,43,43,31,31,51,51],"floor_reached":14,"playtime":482,"items_purged":[],"score":143,"play_id":"69e49297-d25f-49a7-a554-3384c007d12d","local_time":"20190423000739","is_ascension_mode":true,"campfire_choices":[{"floor":6,"key":"REST"},{"floor":10,"key":"REST"},{"floor":12,"key":"REST"}],"neow_cost":"NONE","seed_source_timestamp":987545018887787,"circlet_count":0,"master_deck":["AscendersBane","Defend_G","Defend_G","Defend_G","Defend_G","Defend_G","Strike_G","Strike_G","Strike_G","Strike_G","Strike_G","Survivor","Neutralize","Storm of Steel","Dagger Spray","Noxious Fumes","Infinite Blades","Blade Dance","Storm of Steel","Outmaneuver","Glass Knife","Finisher","Accuracy","Bane"],"relics":["Ring of the Snake","DollysMirror","Prayer Wheel"],"potions_floor_usage":[8,14],"damage_taken":[{"damage":5,"enemies":"2 Louse","floor":1,"turns":3},{"damage":3,"enemies":"Jaw Worm","floor":2,"turns":5},{"damage":13,"enemies":"Small Slimes","floor":3,"turns":4},{"damage":23,"enemies":"Exordium Wildlife","floor":5,"turns":5},{"damage":21,"enemies":"3 Louse","floor":8,"turns":4},{"damage":12,"enemies":"Exordium Thugs","floor":11,"turns":5},{"damage":11,"enemies":"Looter","floor":13,"turns":3},{"damage":20,"enemies":"3 Sentries","floor":14,"turns":2}],"seed_played":"-6175811104321230212","potions_obtained":[{"floor":1,"key":"Swift Potion"},{"floor":13,"key":"Energy Potion"}],"is_trial":false,"path_per_floor":["M","M","M","?","M","R","$","M","T","R","M","R","M","E"],"character_chosen":"THE_SILENT","items_purchased":["DollysMirror"],"campfire_rested":3,"item_purchase_floors":[7],"current_hp_per_floor":[54,51,38,27,4,23,23,2,2,21,9,28,17,0],"gold":51,"neow_bonus":"ONE_RANDOM_RARE_CARD","is_prod":false,"is_daily":false,"chose_seed":false,"campfire_upgraded":0,"win_rate":0,"timestamp":1555988859,"path_taken":["M","M","M","?","M","R","$","M","T","R","M","R","M","E"],"build_version":"2019-01-23","purchased_purges":0,"victory":false,"max_hp_per_floor":[66,66,66,66,66,66,66,66,66,66,66,66,66,66],"card_choices":[{"not_picked":["Underhanded Strike","Quick Slash"],"picked":"Dagger Spray","floor":1},{"not_picked":["Underhanded Strike","Endless Agony"],"picked":"Noxious Fumes","floor":2},{"not_picked":["Underhanded Strike","Deadly Poison"],"picked":"Infinite Blades","floor":3},{"not_picked":["Backflip","Underhanded Strike"],"picked":"Blade Dance","floor":5},{"not_picked":["Deadly Poison","Slice"],"picked":"Outmaneuver","floor":8},{"not_picked":["Blur","Quick Slash"],"picked":"Glass Knife","floor":11},{"not_picked":["Dagger Spray","Deadly Poison"],"picked":"Finisher","floor":11},{"not_picked":["Deflect","Poisoned Stab"],"picked":"Accuracy","floor":13},{"not_picked":["Night Terror","Endless Agony"],"picked":"Bane","floor":13}],"player_experience":1185060,"relics_obtained":[{"floor":9,"key":"Prayer Wheel"}],"event_choices":[{"damage_healed":0,"gold_gain":75,"player_choice":"Gather Gold","damage_taken":11,"max_hp_gain":0,"max_hp_loss":0,"event_name":"World of Goop","floor":4,"gold_loss":0}],"is_beta":false,"boss_relics":[],"items_purged_floors":[],"is_endless":false,"potions_floor_spawned":[1,13],"killed_by":"3 Sentries","ascension_level":14}