{"gold_per_floor":[111,43,43,43,43,43,68,44,44,69,87,37,53,77,77,149,199,217,267,292,88,108,140,140,140],"floor_reached":25,"playtime":574,"items_purged":[],"score":468,"play_id":"fb800173-7d0d-465d-9d20-146e4618722a","local_time":"20190422131303","is_ascension_mode":true,"campfire_choices":[{"data":"Zap","floor":6,"key":"SMITH"},{"data":"Tempest","floor":15,"key":"SMITH"}],"neow_cost":"NONE","seed_source_timestamp":948170323884174,"circlet_count":0,"master_deck":["AscendersBane","Strike_B","Strike_B","Strike_B","Strike_B","Defend_B","Defend_B","Defend_B","Defend_B","Zap+1","Dualcast","Leap","Capacitor+1","Chill","Leap+1","Machine Learning","Tempest+1","Biased Cognition","Barrage","Cold Snap","Capacitor+1","Hologram","Fission+1"],"relics":["Cracked Core","NeowsBlessing","Bird Faced Urn","Dead Branch","Vajra","Question Card","PreservedInsect","Juzu Bracelet","Tiny House","Bag of Marbles","DollysMirror","Toxic Egg 2"],"potions_floor_usage":[11,23,23],"damage_taken":[{"damage":0,"enemies":"Jaw Worm","floor":1,"turns":1},{"damage":0,"enemies":"3 Sentries","floor":7,"turns":1},{"damage":0,"enemies":"Lagavulin","floor":10,"turns":1},{"damage":4,"enemies":"Small Slimes","floor":11,"turns":3},{"damage":0,"enemies":"Cultist","floor":13,"turns":3},{"damage":63,"enemies":"Hexaghost","floor":16,"turns":11},{"damage":5,"enemies":"Spheric Guardian","floor":18,"turns":4},{"damage":30,"enemies":"Chosen","floor":22,"turns":6},{"damage":27,"enemies":"Slavers","floor":23,"turns":4},{"damage":41,"enemies":"Book of Stabbing","floor":25,"turns":6}],"seed_played":"-1710706089843672728","potions_obtained":[{"floor":11,"key":"Fruit Juice"},{"floor":13,"key":"Fire Potion"},{"floor":16,"key":"SpeedPotion"},{"floor":17,"key":"Block Potion"}],"is_trial":false,"path_per_floor":["M","$","?","?","?","R","E","$","T","E","M","?","M","T","R","B",null,"M","?","T","$","M","E","T","E"],"character_chosen":"DEFECT","items_purchased":["Capacitor","Leap","DollysMirror"],"campfire_rested":0,"item_purchase_floors":[2,8,21],"current_hp_per_floor":[64,64,61,61,61,61,61,61,61,61,64,64,66,66,66,7,64,65,65,65,65,43,24,24,0],"gold":140,"neow_bonus":"THREE_ENEMY_KILL","is_prod":false,"is_daily":false,"chose_seed":false,"campfire_upgraded":2,"win_rate":0,"timestamp":1555949583,"path_taken":["M","$","?","?","?","R","E","?","T","E","?","?","M","?","R","BOSS","M","?","?","?","M","E","?","E"],"build_version":"2019-01-23","purchased_purges":0,"victory":false,"max_hp_per_floor":[71,71,71,71,71,71,71,71,71,71,76,76,76,76,76,76,81,81,81,81,81,81,81,81,81],"card_choices":[{"not_picked":["Ball Lightning","Stack"],"picked":"Leap","floor":1},{"not_picked":["Compile Driver","BootSequence"],"picked":"Chill","floor":7},{"not_picked":["Beam Cell","Hello World","Reprogram"],"picked":"Machine Learning","floor":10},{"not_picked":["Streamline","Ball Lightning","Leap"],"picked":"Tempest","floor":11},{"not_picked":["Reinforced Body","Lockon","Turbo","Hologram"],"picked":"SKIP","floor":13},{"not_picked":["Buffer","Amplify","Meteor Strike"],"picked":"Biased Cognition","floor":16},{"not_picked":["FTL","Coolheaded","Doom and Gloom"],"picked":"Barrage","floor":17},{"not_picked":["Leap","Rebound","Stack"],"picked":"Cold Snap","floor":18},{"not_picked":["Coolheaded","Barrage","Go for the Eyes+1"],"picked":"Hologram","floor":22},{"not_picked":["BootSequence","Heatsinks","Capacitor"],"picked":"Fission","floor":23}],"player_experience":1181035,"relics_obtained":[{"floor":7,"key":"Vajra"},{"floor":9,"key":"Question Card"},{"floor":10,"key":"PreservedInsect"},{"floor":14,"key":"Juzu Bracelet"},{"floor":20,"key":"Bag of Marbles"},{"floor":23,"key":"Toxic Egg 2"}],"event_choices":[{"damage_healed":0,"gold_gain":0,"player_choice":"Success","damage_taken":3,"relics_obtained":["Bird Faced Urn"],"max_hp_gain":0,"max_hp_loss":0,"event_name":"Scrap Ooze","floor":3,"gold_loss":0},{"damage_healed":0,"gold_gain":0,"player_choice":"Box","damage_taken":0,"relics_obtained":["Dead Branch"],"max_hp_gain":0,"max_hp_loss":0,"event_name":"Big Fish","floor":4,"gold_loss":0,"cards_obtained":["Regret"]},{"damage_healed":0,"gold_gain":0,"player_choice":"Grow","damage_taken":0,"max_hp_gain":0,"max_hp_loss":0,"event_name":"Living Wall","floor":5,"gold_loss":0,"cards_upgraded":["Capacitor"]},{"cards_removed":["Regret"],"damage_healed":0,"gold_gain":0,"player_choice":"Card Removal","damage_taken":0,"max_hp_gain":0,"max_hp_loss":0,"event_name":"The Cleric","floor":12,"gold_loss":50},{"damage_healed":0,"gold_gain":100,"player_choice":"Bet on Murderer","damage_taken":0,"max_hp_gain":0,"max_hp_loss":0,"event_name":"The Joust","floor":19,"gold_loss":50}],"is_beta":false,"boss_relics":[{"not_picked":["Eternal Feather","Ectoplasm"],"picked":"Tiny House"}],"items_purged_floors":[],"is_endless":false,"potions_floor_spawned":[11,13,16,18],"killed_by":"Book of Stabbing","ascension_level":14}