{"gold_per_floor":[115,190,204,222,146,174,191,201,201,220,220,220,232,244,244,344,344,344],"floor_reached":18,"playtime":1353,"items_purged":[],"score":208,"play_id":"11ffd913-0d3a-4744-b2ab-037cf0c5e2a3","local_time":"20180713014625","is_ascension_mode":true,"campfire_choices":[{"floor":12,"key":"REST"},{"data":"Body Slam","floor":15,"key":"SMITH"}],"neow_cost":"","seed_source_timestamp":5838427533247,"circlet_count":0,"master_deck":["Strike_R+1","Strike_R","Strike_R","Strike_R","Strike_R","Defend_R","Defend_R","Defend_R","Defend_R","Bash","Sentinel","Shrug It Off","Second Wind","Rampage+1","Warcry","True Grit","True Grit","Bash","Body Slam+1","Barricade"],"relics":["Burning Blood","Whetstone","Kunai","Velvet Choker"],"potions_floor_usage":[16,16,16],"damage_taken":[{"damage":1,"enemies":"2 Louse","floor":1,"turns":4},{"damage":1,"enemies":"Cultist","floor":3,"turns":3},{"damage":14,"enemies":"Small Slimes","floor":4,"turns":3},{"damage":36,"enemies":"Gremlin Nob","floor":6,"turns":5},{"damage":7,"enemies":"Looter","floor":7,"turns":4},{"damage":23,"enemies":"2 Fungi Beasts","floor":8,"turns":4},{"damage":0,"enemies":"Blue Slaver","floor":10,"turns":4},{"damage":7,"enemies":"Large Slime","floor":13,"turns":6},{"damage":6,"enemies":"Red Slaver","floor":14,"turns":6},{"damage":31,"enemies":"Hexaghost","floor":16,"turns":9},{"damage":67,"enemies":"3 Byrds","floor":18,"turns":6}],"seed_played":"7375030171411729197","potions_obtained":[{"floor":1,"key":"EssenceOfSteel"},{"floor":6,"key":"PowerPotion"},{"floor":8,"key":"LiquidBronze"}],"is_trial":false,"path_per_floor":["M","?","M","M","$","E","M","M","T","M","?","R","M","M","R","B",null],"character_chosen":"IRONCLAD","items_purchased":["Second Wind"],"campfire_rested":1,"item_purchase_floors":[5],"current_hp_per_floor":[80,72,77,69,69,39,38,21,21,27,27,51,50,50,50,25,66,0],"gold":344,"neow_bonus":"","is_prod":false,"is_daily":false,"chose_seed":false,"campfire_upgraded":1,"win_rate":0,"timestamp":1531457185,"path_taken":["M","?","M","M","$","E","M","M","T","M","?","R","M","M","R","BOSS","M"],"build_version":"2018-07-05","purchased_purges":0,"victory":false,"max_hp_per_floor":[80,80,80,80,80,80,80,80,80,80,80,80,80,80,80,80,80,80],"card_choices":[{"not_picked":["Corruption","Pommel Strike"],"picked":"Sentinel","floor":1},{"not_picked":["Armaments","Blood for Blood"],"picked":"Shrug It Off","floor":3},{"not_picked":["Pommel Strike","Sever Soul","Clothesline"],"picked":"SKIP","floor":4},{"not_picked":["Intimidate","Perfected Strike"],"picked":"Rampage","floor":6},{"not_picked":["Evolve","Sword Boomerang","Clothesline"],"picked":"SKIP","floor":7},{"not_picked":["Clothesline","Sever Soul"],"picked":"Warcry","floor":8},{"not_picked":["Warcry","Shockwave"],"picked":"True Grit","floor":10},{"not_picked":["Bludgeon","Dual Wield"],"picked":"Body Slam","floor":13},{"not_picked":["Anger","Shockwave","Headbutt"],"picked":"SKIP","floor":14},{"not_picked":["Brutality","Exhume"],"picked":"Barricade","floor":16}],"player_experience":454956,"relics_obtained":[{"floor":6,"key":"Whetstone"},{"floor":9,"key":"Kunai"}],"event_choices":[{"event_name":"FaceTrader","player_choice":"Touch","floor":2,"damage_taken":0},{"event_name":"Match and Keep!","player_choice":"2 cards matched","floor":11,"damage_taken":0}],"boss_relics":[{"not_picked":["Snecko Eye","Coffee Dripper"],"picked":"Velvet Choker"}],"items_purged_floors":[],"is_endless":false,"potions_floor_spawned":[1,6,8,10],"killed_by":"3 Byrds","ascension_level":5}