{"gold_per_floor":[118,118,131,131,149,174,184,184,184,184,42,69,69,97,97,168,168,184,201,214,214,231,231,56,75,75,75,75],"floor_reached":28,"playtime":1225,"items_purged":[],"score":452,"play_id":"7d0880f3-20c7-4b9a-8414-517d76a99edd","local_time":"20190403175400","is_ascension_mode":true,"campfire_choices":[{"data":"Doom and Gloom","floor":8,"key":"SMITH"},{"floor":10,"key":"REST"},{"data":"Loop","floor":13,"key":"SMITH"},{"data":"Zap","floor":15,"key":"SMITH"},{"floor":23,"key":"REST"},{"data":"Echo Form","floor":27,"key":"SMITH"}],"neow_cost":"NONE","seed_source_timestamp":1759003424639800,"circlet_count":0,"master_deck":["AscendersBane","Strike_B","Strike_B","Defend_B","Defend_B","Defend_B","Zap+1","Dualcast","Biased Cognition","Doom and Gloom+1","Multi-Cast","Coolheaded","Ball Lightning","Conserve Battery","Ball Lightning","Loop+1","Cold Snap","Seek","Machine Learning","Machine Learning","Doom and Gloom+1","Reinforced Body+1","Thunder Strike+1","Steam+1","Capacitor","Ghostly","Ghostly","Ghostly","Leap+1","Echo Form+1","Compile Driver"],"relics":["Cracked Core","Pocketwatch","Gremlin Horn","Dodecahedron","Regal Pillow","Astrolabe","Pantograph"],"potions_floor_usage":[12,16,18,25,28],"damage_taken":[{"damage":5,"enemies":"Small Slimes","floor":1,"turns":3},{"damage":1,"enemies":"Cultist","floor":3,"turns":3},{"damage":3,"enemies":"Jaw Worm","floor":5,"turns":4},{"damage":28,"enemies":"3 Sentries","floor":6,"turns":6},{"damage":0,"enemies":"Large Slime","floor":7,"turns":5},{"damage":7,"enemies":"Lagavulin","floor":12,"turns":4},{"damage":8,"enemies":"Gremlin Nob","floor":14,"turns":3},{"damage":7,"enemies":"Hexaghost","floor":16,"turns":8},{"damage":22,"enemies":"3 Byrds","floor":18,"turns":6},{"damage":8,"enemies":"Shell Parasite","floor":19,"turns":5},{"damage":7,"enemies":"Centurion and Healer","floor":20,"turns":7},{"damage":11,"enemies":"Snecko","floor":22,"turns":7},{"damage":0,"enemies":"Snake Plant","floor":25,"turns":4},{"damage":40,"enemies":"Slavers","floor":28,"turns":3}],"seed_played":"-2807475878283093682","potions_obtained":[{"floor":1,"key":"SmokeBomb"},{"floor":7,"key":"Block Potion"},{"floor":12,"key":"PowerPotion"},{"floor":14,"key":"LiquidBronze"},{"floor":20,"key":"EssenceOfSteel"},{"floor":25,"key":"AttackPotion"}],"is_trial":false,"path_per_floor":["M","?","M","?","M","E","M","R","T","R","$","E","R","E","R","B",null,"M","M","M","?","M","R","$","M","T","R","E"],"character_chosen":"DEFECT","items_purchased":["Loop","Cold Snap","Echo Form"],"campfire_rested":2,"item_purchase_floors":[11,11,24],"current_hp_per_floor":[59,59,58,58,55,27,27,27,27,48,48,41,41,33,33,26,60,38,30,23,23,12,35,35,35,35,35,0],"gold":75,"neow_bonus":"ONE_RANDOM_RARE_CARD","is_prod":false,"is_daily":false,"chose_seed":false,"campfire_upgraded":4,"win_rate":0,"timestamp":1554306840,"path_taken":["M","?","?","?","M","E","M","R","T","R","$","E","R","E","R","BOSS","M","M","M","?","M","R","$","M","T","R","E"],"build_version":"2019-01-23","purchased_purges":0,"victory":false,"max_hp_per_floor":[71,71,71,71,71,71,71,71,71,71,71,71,71,71,71,71,71,71,71,71,35,35,35,35,35,35,35,35],"card_choices":[{"not_picked":["Static Discharge","Coolheaded"],"picked":"Doom and Gloom","floor":1},{"not_picked":["Stack","Double Energy"],"picked":"Coolheaded","floor":3},{"not_picked":["Conserve Battery","Streamline"],"picked":"Ball Lightning","floor":5},{"not_picked":["Rebound","Chaos"],"picked":"Conserve Battery","floor":6},{"not_picked":["Compile Driver","Tempest"],"picked":"Ball Lightning","floor":7},{"not_picked":["Sweeping Beam","Redo"],"picked":"Seek","floor":12},{"not_picked":["Turbo","Hello World"],"picked":"Machine Learning","floor":14},{"not_picked":["Rainbow","Multi-Cast"],"picked":"Machine Learning","floor":16},{"not_picked":["Static Discharge","Conserve Battery"],"picked":"Steam+1","floor":18},{"not_picked":["Steam","Sweeping Beam+1","Turbo"],"picked":"SKIP","floor":19},{"not_picked":["Go for the Eyes","Sweeping Beam"],"picked":"Capacitor","floor":20},{"not_picked":["Genetic Algorithm","Hello World"],"picked":"Leap+1","floor":22},{"not_picked":["Hello World","Darkness"],"picked":"Compile Driver","floor":25}],"player_experience":573120,"relics_obtained":[{"floor":6,"key":"Pocketwatch"},{"floor":9,"key":"Gremlin Horn"},{"floor":12,"key":"Dodecahedron"},{"floor":14,"key":"Regal Pillow"},{"floor":26,"key":"Pantograph"}],"event_choices":[{"damage_healed":0,"gold_gain":0,"player_choice":"1 cards matched","damage_taken":0,"max_hp_gain":0,"max_hp_loss":0,"event_name":"Match and Keep!","floor":2,"gold_loss":0,"cards_obtained":["Multi-Cast"]},{"damage_healed":0,"gold_gain":0,"player_choice":"Ignored","damage_taken":0,"max_hp_gain":0,"max_hp_loss":0,"event_name":"Liars Game","floor":4,"gold_loss":0},{"damage_healed":0,"gold_gain":0,"player_choice":"Became a Ghost","damage_taken":0,"max_hp_gain":0,"max_hp_loss":36,"event_name":"Ghosts","floor":21,"gold_loss":0,"cards_obtained":["Ghostly","Ghostly","Ghostly"]}],"is_beta":false,"boss_relics":[{"not_picked":["Coffee Dripper","Runic Pyramid"],"picked":"Astrolabe"}],"items_purged_floors":[],"is_endless":false,"potions_floor_spawned":[1,7,12,14,20,25],"killed_by":"Slavers","ascension_level":18}