{"gold_per_floor":[119,32,47,61,61,96,96,130,130,151,151,151,170,188,188,281,281,302,315,315],"floor_reached":20,"playtime":687,"items_purged":[],"score":363,"play_id":"028e2e85-6037-4e82-9dce-af450f248d8d","local_time":"20190305165250","is_ascension_mode":true,"campfire_choices":[{"floor":7,"key":"REST"},{"floor":11,"key":"REST"},{"floor":15,"key":"REST"}],"neow_cost":"NONE","seed_source_timestamp":488857529810136,"circlet_count":0,"master_deck":["AscendersBane","Strike_B","Strike_B","Strike_B+1","Strike_B+1","Defend_B","Defend_B","Defend_B","Defend_B","Zap+1","Dualcast","Ball Lightning","Defragment+1","Ball Lightning","Echo Form","Conserve Battery","Coolheaded","Loop","Core Surge","Self Repair"],"relics":["Cracked Core","Golden Idol","Bottled Tornado","Whetstone","Letter Opener","Velvet Choker"],"potions_floor_usage":[6,14,18,19],"damage_taken":[{"damage":12,"enemies":"Small Slimes","floor":1,"turns":3},{"damage":7,"enemies":"Jaw Worm","floor":3,"turns":2},{"damage":0,"enemies":"Cultist","floor":4,"turns":3},{"damage":30,"enemies":"3 Sentries","floor":6,"turns":5},{"damage":15,"enemies":"Lagavulin","floor":8,"turns":6},{"damage":7,"enemies":"2 Fungi Beasts","floor":10,"turns":3},{"damage":4,"enemies":"3 Louse","floor":13,"turns":3},{"damage":6,"enemies":"Lots of Slimes","floor":14,"turns":3},{"damage":24,"enemies":"The Guardian","floor":16,"turns":8},{"damage":33,"enemies":"3 Byrds","floor":18,"turns":4},{"damage":16,"enemies":"Shell Parasite","floor":19,"turns":5},{"damage":0,"enemies":"Colosseum Slavers","floor":20,"turns":1}],"seed_played":"6497569051152625150","potions_obtained":[{"floor":3,"key":"SteroidPotion"},{"floor":4,"key":"Swift Potion"},{"floor":6,"key":"Poison Potion"},{"floor":14,"key":"FearPotion"},{"floor":16,"key":"Strength Potion"},{"floor":18,"key":"SkillPotion"}],"is_trial":false,"path_per_floor":["M","$","M","M","?","E","R","E","T","M","R","?","M","M","R","B",null,"M","M","?"],"character_chosen":"DEFECT","items_purchased":["Defragment"],"campfire_rested":3,"item_purchase_floors":[2],"current_hp_per_floor":[52,52,45,45,45,15,34,19,19,12,31,31,27,21,40,16,52,19,3,3],"gold":315,"neow_bonus":"UPGRADE_CARD","is_prod":false,"is_daily":false,"chose_seed":false,"campfire_upgraded":0,"win_rate":0,"timestamp":1551804770,"path_taken":["M","$","M","M","?","E","R","E","T","M","R","?","M","M","R","BOSS","M","M","?"],"build_version":"2019-02-06","purchased_purges":0,"victory":false,"max_hp_per_floor":[71,71,71,71,64,64,64,64,64,64,64,64,64,64,64,64,64,64,64,64],"card_choices":[{"not_picked":["Turbo","Lockon"],"picked":"Ball Lightning","floor":1},{"not_picked":["Redo","Rip and Tear"],"picked":"Ball Lightning","floor":3},{"not_picked":["Rebound","Gash","Compile Driver"],"picked":"SKIP","floor":4},{"not_picked":["Genetic Algorithm","Doom and Gloom"],"picked":"Echo Form","floor":6},{"not_picked":["Consume","Turbo"],"picked":"Conserve Battery","floor":8},{"not_picked":["Rebound","Gash"],"picked":"Coolheaded","floor":10},{"not_picked":["Darkness","Compile Driver"],"picked":"Loop","floor":13},{"not_picked":["Loop","BootSequence","Gash"],"picked":"SKIP","floor":14},{"not_picked":["Multi-Cast","All For One"],"picked":"Core Surge","floor":16},{"not_picked":["Streamline","FTL","Aggregate"],"picked":"SKIP","floor":18},{"not_picked":["Barrage","Lockon"],"picked":"Self Repair","floor":19}],"player_experience":1029460,"relics_obtained":[{"floor":6,"key":"Bottled Tornado"},{"floor":8,"key":"Whetstone"},{"floor":9,"key":"Letter Opener"}],"event_choices":[{"damage_healed":0,"gold_gain":0,"player_choice":"Lose Max HP","damage_taken":0,"relics_obtained":["Golden Idol"],"max_hp_gain":0,"max_hp_loss":7,"event_name":"Golden Idol","floor":5,"gold_loss":0},{"damage_healed":0,"gold_gain":0,"player_choice":"Upgraded","damage_taken":0,"max_hp_gain":0,"max_hp_loss":0,"event_name":"Upgrade Shrine","floor":12,"gold_loss":0,"cards_upgraded":["Defragment"]},{"damage_healed":0,"gold_gain":0,"player_choice":"Fight","damage_taken":0,"max_hp_gain":0,"max_hp_loss":0,"event_name":"Colosseum","floor":20,"gold_loss":0}],"is_beta":true,"boss_relics":[{"not_picked":["Lizard Tail","Eternal Feather"],"picked":"Velvet Choker"}],"items_purged_floors":[],"is_endless":false,"potions_floor_spawned":[3,4,6,13,14,16,18],"killed_by":"Colosseum Slavers","ascension_level":19}