{"gold_per_floor":[109,129,147,147,167,194,194,220,301,329,345,345,345,365,365,460,460,476,134,59,159,178,178,213,213,213,225,252,266,266,292,292,397,397,414,414,462,25,42,73,90,115,162,196,216,232,30,46,46,46,46,46,46,78,78],"floor_reached":56,"playtime":3941,"items_purged":["Strike_B","Strike_B","Decay"],"score":1603,"play_id":"0bb3f81a-7b09-4739-b2f2-9832c23e2f56","local_time":"20190316034945","is_ascension_mode":true,"campfire_choices":[{"data":"Fusion","floor":7,"key":"SMITH"},{"data":"Buffer","floor":13,"key":"SMITH"},{"data":"Storm","floor":15,"key":"SMITH"},{"data":"Consume","floor":23,"key":"SMITH"},{"data":"Biased Cognition","floor":25,"key":"SMITH"},{"data":"Loop","floor":32,"key":"SMITH"},{"floor":49,"key":"RECALL"},{"data":"Capacitor","floor":52,"key":"SMITH"}],"neow_cost":"NONE","seed_source_timestamp":374790518988231,"circlet_count":0,"master_deck":["Defend_B","Defend_B","Defend_B","Defend_B","Zap","Dualcast","Hello World","Fusion+1","Hologram","Cold Snap","Cold Snap","Consume+1","Buffer+1","Storm+1","Biased Cognition+1","Sunder","Rainbow","Steam+1","Capacitor+1","Coolheaded","Discovery","Go for the Eyes","Steam","Clumsy","Steam Power+1","Biased Cognition","Loop+1","Buffer","Self Repair+1","Core Surge","Coolheaded+1","Leap+1","Compile Driver+1","Tempest+1","Go for the Eyes+1","Ball Lightning+1","Storm","Creative AI","Double Energy"],"relics":["Cracked Core","GremlinMask","Potion Belt","Nunchaku","Bag of Marbles","Cursed Key","Bag of Preparation","Mango","Oddly Smooth Stone","Mercury Hourglass","Velvet Choker","FossilizedHelix","Runic Capacitor","Strawberry","Art of War","Blood Vial","Orichalcum","Ice Cream"],"potions_floor_usage":[8,14,18,22,24,28,37,40,55,55,55],"damage_taken":[{"damage":1,"enemies":"Jaw Worm","floor":1,"turns":3},{"damage":1,"enemies":"Cultist","floor":2,"turns":4},{"damage":1,"enemies":"Small Slimes","floor":3,"turns":3},{"damage":3,"enemies":"Red Slaver","floor":5,"turns":4},{"damage":21,"enemies":"3 Sentries","floor":6,"turns":7},{"damage":21,"enemies":"Gremlin Nob","floor":8,"turns":4},{"damage":16,"enemies":"3 Sentries","floor":10,"turns":8},{"damage":0,"enemies":"Blue Slaver","floor":11,"turns":5},{"damage":0,"enemies":"Exordium Thugs","floor":14,"turns":4},{"damage":0,"enemies":"Slime Boss","floor":16,"turns":9},{"damage":18,"enemies":"2 Thieves","floor":18,"turns":4},{"damage":3,"enemies":"3 Byrds","floor":22,"turns":2},{"damage":6,"enemies":"Book of Stabbing","floor":24,"turns":4},{"damage":0,"enemies":"Cultist and Chosen","floor":27,"turns":7},{"damage":4,"enemies":"Gremlin Leader","floor":28,"turns":5},{"damage":6,"enemies":"Chosen and Byrds","floor":29,"turns":3},{"damage":0,"enemies":"Book of Stabbing","floor":31,"turns":5},{"damage":0,"enemies":"Champ","floor":33,"turns":13},{"damage":0,"enemies":"3 Shapes","floor":35,"turns":3},{"damage":0,"enemies":"2 Orb Walkers","floor":37,"turns":3},{"damage":10,"enemies":"3 Darklings","floor":39,"turns":4},{"damage":0,"enemies":"Reptomancer","floor":40,"turns":4},{"damage":24,"enemies":"4 Shapes","floor":41,"turns":5},{"damage":0,"enemies":"Nemesis","floor":42,"turns":5},{"damage":0,"enemies":"Giant Head","floor":44,"turns":6},{"damage":0,"enemies":"Maw","floor":45,"turns":5},{"damage":0,"enemies":"Jaw Worm Horde","floor":46,"turns":3},{"damage":0,"enemies":"Sphere and 2 Shapes","floor":48,"turns":3},{"damage":26,"enemies":"Time Eater","floor":50,"turns":6},{"damage":30,"enemies":"Shield and Spear","floor":54,"turns":3},{"damage":6,"enemies":"The Heart","floor":55,"turns":6}],"seed_played":"-8648728288687427915","potions_obtained":[{"floor":1,"key":"Poison Potion"},{"floor":2,"key":"LiquidBronze"},{"floor":11,"key":"Regen Potion"},{"floor":14,"key":"Strength Potion"},{"floor":18,"key":"AttackPotion"},{"floor":29,"key":"Block Potion"},{"floor":33,"key":"FairyPotion"},{"floor":37,"key":"Ancient Potion"},{"floor":39,"key":"Swift Potion"},{"floor":40,"key":"FocusPotion"},{"floor":44,"key":"SpeedPotion"},{"floor":54,"key":"Ancient Potion"}],"is_trial":false,"path_per_floor":["M","M","M","?","M","E","R","E","T","E","M","?","R","M","R","B",null,"M","$","?","?","M","R","E","R","T","M","E","M","?","E","R","B",null,"M","?","?","$","M","E","M","E","T","E","M","M","$","M","R","B",null,"R","$","E","B",null],"character_chosen":"DEFECT","items_purchased":["Capacitor","Coolheaded","Fire Potion","Discovery","Runic Capacitor","Core Surge","Storm"],"campfire_rested":0,"item_purchase_floors":[19,19,19,19,38,38,47],"current_hp_per_floor":[74,73,72,72,69,48,48,27,27,11,11,11,11,23,23,23,75,57,57,57,57,54,54,48,48,62,62,58,52,52,52,52,52,89,89,85,85,85,85,92,78,88,88,90,92,92,92,92,92,66,92,92,92,62,58],"gold":78,"neow_bonus":"REMOVE_CARD","is_prod":false,"is_daily":false,"chose_seed":false,"campfire_upgraded":7,"win_rate":0,"timestamp":1552722585,"path_taken":["M","M","M","?","M","E","R","E","T","E","?","?","R","M","R","BOSS","M","$","?","?","?","R","E","R","T","M","E","M","?","E","R","BOSS","M","?","?","$","M","E","M","E","T","E","M","M","?","M","R","BOSS","R","$","E","BOSS"],"build_version":"2019-02-06","purchased_purges":3,"victory":true,"max_hp_per_floor":[75,75,75,75,75,75,75,75,75,75,75,75,75,75,75,75,75,75,75,75,75,75,75,75,75,89,89,89,89,89,89,89,89,89,89,85,85,85,85,92,92,92,92,92,92,92,92,92,92,92,92,92,92,92,92],"card_choices":[{"not_picked":["Leap","Sweeping Beam"],"picked":"Hello World","floor":1},{"not_picked":["White Noise","Barrage"],"picked":"Fusion","floor":2},{"not_picked":["Doom and Gloom","Rebound"],"picked":"Hologram","floor":3},{"not_picked":["Sweeping Beam","Blizzard"],"picked":"Cold Snap","floor":5},{"not_picked":["Turbo","Hologram"],"picked":"Cold Snap","floor":6},{"not_picked":["Genetic Algorithm","Turbo"],"picked":"Consume","floor":8},{"not_picked":["Heatsinks","Beam Cell"],"picked":"Buffer","floor":10},{"not_picked":["Turbo","Aggregate"],"picked":"Storm","floor":11},{"not_picked":["Beam Cell","Hologram"],"picked":"Sunder","floor":14},{"not_picked":["All For One","Seek"],"picked":"Rainbow","floor":16},{"not_picked":["Heatsinks","Hologram"],"picked":"Steam+1","floor":18},{"not_picked":["Cold Snap","Barrage"],"picked":"Go for the Eyes","floor":22},{"not_picked":["Biased Cognition","Stack"],"picked":"Steam","floor":24},{"not_picked":["Streamline","Beam Cell+1"],"picked":"Steam Power+1","floor":27},{"not_picked":["Cold Snap","Leap","Beam Cell"],"picked":"SKIP","floor":28},{"not_picked":["Darkness","Hello World","Melter+1"],"picked":"SKIP","floor":29},{"not_picked":["Gash","Redo+1"],"picked":"Loop","floor":31},{"not_picked":["Biased Cognition","Multi-Cast"],"picked":"Buffer","floor":33},{"not_picked":["Turbo+1","Melter+1","Aggregate+1"],"picked":"SKIP","floor":35},{"not_picked":["FTL+1","Stack"],"picked":"Self Repair+1","floor":37},{"not_picked":["Redo+1","Stack","Turbo"],"picked":"SKIP","floor":39},{"not_picked":["Hologram","Genetic Algorithm"],"picked":"Coolheaded+1","floor":40},{"not_picked":["Sweeping Beam","Gash+1"],"picked":"Leap+1","floor":41},{"not_picked":["Go for the Eyes","Turbo+1"],"picked":"Compile Driver+1","floor":42},{"not_picked":["Gash+1","Consume"],"picked":"Tempest+1","floor":44},{"not_picked":["Turbo","Blizzard+1"],"picked":"Go for the Eyes+1","floor":45},{"not_picked":["Barrage","Double Energy"],"picked":"Ball Lightning+1","floor":46},{"not_picked":["Rip and Tear","Melter"],"picked":"Creative AI","floor":48},{"not_picked":["Conserve Battery","Genetic Algorithm"],"picked":"Double Energy","floor":54}],"player_experience":4906170,"relics_obtained":[{"floor":6,"key":"Potion Belt"},{"floor":8,"key":"Nunchaku"},{"floor":10,"key":"Bag of Marbles"},{"floor":24,"key":"Bag of Preparation"},{"floor":26,"key":"Mango"},{"floor":28,"key":"Oddly Smooth Stone"},{"floor":31,"key":"Mercury Hourglass"},{"floor":37,"key":"FossilizedHelix"},{"floor":40,"key":"Strawberry"},{"floor":42,"key":"Art of War"},{"floor":43,"key":"Blood Vial"},{"floor":44,"key":"Orichalcum"},{"floor":54,"key":"Ice Cream"}],"event_choices":[{"damage_healed":0,"gold_gain":0,"player_choice":"Trade","damage_taken":0,"relics_obtained":["GremlinMask"],"max_hp_gain":0,"max_hp_loss":0,"event_name":"FaceTrader","floor":4,"gold_loss":0},{"damage_healed":0,"gold_gain":0,"player_choice":"1 cards matched","damage_taken":0,"max_hp_gain":0,"max_hp_loss":0,"event_name":"Match and Keep!","floor":12,"gold_loss":0,"cards_obtained":["Biased Cognition"]},{"cards_removed":["Strike_B"],"damage_healed":0,"gold_gain":0,"player_choice":"Gave Gold","damage_taken":0,"max_hp_gain":0,"max_hp_loss":0,"event_name":"Beggar","floor":20,"gold_loss":75},{"damage_healed":0,"gold_gain":100,"player_choice":"Pray","damage_taken":0,"max_hp_gain":0,"max_hp_loss":0,"event_name":"Golden Shrine","floor":21,"gold_loss":0},{"damage_healed":0,"gold_gain":0,"player_choice":"1 cards matched","damage_taken":0,"max_hp_gain":0,"max_hp_loss":0,"event_name":"Match and Keep!","floor":30,"gold_loss":0,"cards_obtained":["Biased Cognition"]},{"damage_healed":0,"gold_gain":0,"player_choice":"Max HP","damage_taken":0,"max_hp_gain":0,"max_hp_loss":4,"event_name":"Winding Halls","floor":36,"gold_loss":0},{"damage_healed":0,"gold_gain":0,"player_choice":"Fight","damage_taken":0,"max_hp_gain":0,"max_hp_loss":0,"event_name":"Mysterious Sphere","floor":37,"gold_loss":0}],"is_beta":true,"boss_relics":[{"not_picked":["Black Star","Ectoplasm"],"picked":"Cursed Key"},{"not_picked":["Empty Cage","FrozenCore"],"picked":"Velvet Choker"}],"items_purged_floors":[19,38,47],"is_endless":false,"potions_floor_spawned":[1,2,11,14,18,29,33,37,39,40,44,54],"ascension_level":1}