{"gold_per_floor":[117,117,117,140,140,140,171,171,198,233,233,265,277,289,301,438,450,375,324,324,9,9,9,9,9,9,9,9,9,9,9,9,9,9,9,9,9,9,9,9,9,9,9,9,9,9,9],"floor_reached":47,"playtime":1553,"items_purged":[],"score":595,"play_id":"2cc0ead9-2e39-492c-9568-1f0cde336b71","local_time":"20190430092301","is_ascension_mode":true,"campfire_choices":[{"data":"Defragment","floor":6,"key":"SMITH"},{"data":"Zap","floor":8,"key":"SMITH"},{"data":"Glacier","floor":13,"key":"SMITH"},{"floor":15,"key":"REST"},{"data":"Electrodynamics","floor":23,"key":"SMITH"},{"floor":25,"key":"REST"},{"floor":27,"key":"RECALL"},{"floor":32,"key":"REST"},{"data":"1","floor":42,"key":"LIFT"},{"floor":44,"key":"REST"}],"neow_cost":"NONE","seed_source_timestamp":1585957567209200,"circlet_count":0,"master_deck":["Strike_B","Strike_B","Strike_B","Strike_B","Defend_B","Defend_B","Defend_B","Defend_B","Zap+1","Dualcast","Defragment+1","Injury","Conserve Battery","Chill","Sweeping Beam+1","Glacier+1","Electrodynamics+1","Compile Driver+1","Ball Lightning+1","Cold Snap+1","Cold Snap+1","Echo Form+1","Barrage+1","Ball Lightning+1","Chaos+1","Creative AI+1","Loop+1"],"relics":["Nuclear Battery","Golden Idol","Molten Egg 2","Blood Vial","Pocketwatch","MawBank","Dodecahedron","Ectoplasm","Frozen Egg 2","Singing Bowl","Bronze Scales","Sozu","Girya","Happy Flower","Sundial"],"potions_floor_usage":[16,29],"damage_taken":[{"damage":0,"enemies":"2 Louse","floor":1,"turns":2},{"damage":5,"enemies":"Small Slimes","floor":4,"turns":4},{"damage":21,"enemies":"3 Sentries","floor":7,"turns":9},{"damage":12,"enemies":"Lagavulin","floor":10,"turns":10},{"damage":8,"enemies":"Jaw Worm","floor":12,"turns":3},{"damage":8,"enemies":"Slime Boss","floor":16,"turns":16},{"damage":13,"enemies":"2 Thieves","floor":18,"turns":4},{"damage":27,"enemies":"Book of Stabbing","floor":24,"turns":8},{"damage":1,"enemies":"Slavers","floor":29,"turns":3},{"damage":14,"enemies":"Shell Parasite","floor":30,"turns":3},{"damage":0,"enemies":"Collector","floor":33,"turns":7},{"damage":6,"enemies":"Orb Walker","floor":35,"turns":4},{"damage":31,"enemies":"2 Orb Walkers","floor":37,"turns":4},{"damage":6,"enemies":"3 Shapes","floor":38,"turns":3},{"damage":23,"enemies":"Giant Head","floor":40,"turns":10},{"damage":5,"enemies":"Jaw Worm Horde","floor":46,"turns":3},{"damage":46,"enemies":"Transient","floor":47,"turns":4}],"seed_played":"-3650223533553370091","potions_obtained":[{"floor":4,"key":"SteroidPotion"},{"floor":12,"key":"Swift Potion"},{"floor":24,"key":"SkillPotion"},{"floor":30,"key":"Regen Potion"}],"is_trial":false,"path_per_floor":["M","?","?","M","$","R","E","R","T","E","?","M","R","T","R","B",null,"M","$","?","$","?","R","E","R","T","R","$","E","M","?","R","B",null,"M","$","?","M","?","E","$","R","T","R","$","M","M"],"character_chosen":"DEFECT","items_purchased":["Ball Lightning+1","Frozen Egg 2","Cold Snap+1"],"campfire_rested":4,"item_purchase_floors":[19,21,21],"current_hp_per_floor":[75,75,75,70,70,70,49,49,49,39,36,30,30,30,52,46,75,62,62,46,46,46,46,21,43,43,43,43,44,32,32,54,58,77,71,71,42,38,38,17,17,17,17,40,40,37,0],"gold":9,"neow_bonus":"BOSS_RELIC","is_prod":false,"is_daily":false,"chose_seed":false,"campfire_upgraded":4,"win_rate":0,"timestamp":1556630581,"path_taken":["M","?","?","M","$","R","E","R","T","E","?","M","R","?","R","BOSS","M","$","?","$","?","R","E","R","T","R","$","E","M","?","R","BOSS","M","$","?","M","?","E","?","R","T","R","?","?","M"],"build_version":"2019-01-23","purchased_purges":0,"victory":false,"max_hp_per_floor":[75,75,75,75,75,75,75,75,75,75,75,75,75,75,75,75,75,75,75,75,75,75,75,75,75,75,75,75,75,75,75,75,77,77,77,77,77,77,77,77,77,77,77,77,77,77,77],"card_choices":[{"not_picked":["Beam Cell","Barrage"],"picked":"Defragment","floor":1},{"not_picked":["Beam Cell","Reprogram"],"picked":"Conserve Battery","floor":4},{"not_picked":["Stack","Reinforced Body"],"picked":"Chill","floor":7},{"not_picked":["Thunder Strike+1","Rebound+1"],"picked":"Sweeping Beam+1","floor":10},{"not_picked":["Stack","Sweeping Beam+1"],"picked":"Glacier","floor":12},{"not_picked":["Core Surge+1","Meteor Strike+1"],"picked":"Electrodynamics","floor":16},{"not_picked":["Sunder+1","Go for the Eyes+1"],"picked":"Compile Driver+1","floor":18},{"not_picked":["Steam","Fusion"],"picked":"Cold Snap+1","floor":24},{"not_picked":["Auto Shields","Turbo"],"picked":"Echo Form+1","floor":29},{"not_picked":["Skim","Rebound+1"],"picked":"Steam Power+1","floor":30},{"not_picked":["Meteor Strike+1","Machine Learning+1","Reboot"],"picked":"Singing Bowl","floor":33},{"not_picked":["Ball Lightning+1","Beam Cell+1"],"picked":"Barrage+1","floor":35},{"not_picked":["Compile Driver+1","Conserve Battery"],"picked":"Ball Lightning+1","floor":37},{"not_picked":["Beam Cell+1","Double Energy"],"picked":"Chaos+1","floor":38},{"not_picked":["Hologram","Stack+1"],"picked":"Creative AI+1","floor":40},{"not_picked":["Compile Driver+1","Turbo"],"picked":"Loop+1","floor":46}],"player_experience":139540,"relics_obtained":[{"floor":7,"key":"Molten Egg 2"},{"floor":9,"key":"Blood Vial"},{"floor":10,"key":"Pocketwatch"},{"floor":14,"key":"Dodecahedron"},{"floor":24,"key":"Singing Bowl"},{"floor":29,"key":"Bronze Scales"},{"floor":37,"key":"Girya"},{"floor":40,"key":"Happy Flower"},{"floor":43,"key":"Sundial"}],"event_choices":[{"damage_healed":0,"gold_gain":0,"player_choice":"Ignored","damage_taken":0,"max_hp_gain":0,"max_hp_loss":0,"event_name":"Golden Wing","floor":2,"gold_loss":0},{"damage_healed":0,"gold_gain":0,"player_choice":"Take Wound","damage_taken":0,"relics_obtained":["Golden Idol"],"max_hp_gain":0,"max_hp_loss":0,"event_name":"Golden Idol","floor":3,"gold_loss":0,"cards_obtained":["Injury"]},{"damage_healed":0,"gold_gain":0,"player_choice":"Success","damage_taken":3,"relics_obtained":["MawBank"],"max_hp_gain":0,"max_hp_loss":0,"event_name":"Scrap Ooze","floor":11,"gold_loss":0},{"damage_healed":0,"gold_gain":0,"player_choice":"Obtained Book","damage_taken":16,"max_hp_gain":0,"max_hp_loss":0,"event_name":"Cursed Tome","floor":20,"gold_loss":0},{"damage_healed":0,"gold_gain":99,"player_choice":"Stole From Cult","damage_taken":0,"max_hp_gain":0,"max_hp_loss":0,"event_name":"Nest","floor":31,"gold_loss":0},{"damage_healed":0,"gold_gain":0,"player_choice":"Fight","damage_taken":0,"max_hp_gain":0,"max_hp_loss":0,"event_name":"Mysterious Sphere","floor":37,"gold_loss":0},{"cards_removed":["Steam Power"],"damage_healed":0,"gold_gain":0,"player_choice":"Removed Skill","damage_taken":0,"max_hp_gain":0,"max_hp_loss":0,"event_name":"Falling","floor":39,"gold_loss":0}],"is_beta":false,"boss_relics":[{"not_picked":["Runic Pyramid","White Beast Statue"],"picked":"Ectoplasm"},{"not_picked":["Orrery","Calling Bell"],"picked":"Sozu"}],"items_purged_floors":[],"is_endless":false,"potions_floor_spawned":[4,12,24,30,35,37],"killed_by":"Transient","ascension_level":2}