{"gold_per_floor":[13,13,13,13,13,13,45,45,45,45,10,25,40,115,115,217,217,207,226,33,50,65,65,57,68,142,47,47,64,39,221,221,317,317,350,392,429,474,84,84,9,9,36,85,51,74,95,114,114,226,391,430,242,251,149,161,161,196,218,243,275,275,299,328,356,356,462,562,596,233,204,236,264,264,311,311,311,314],"floor_reached":78,"playtime":2820,"items_purged":["Strike_R","Strike_R","Strike_R"],"score":1463,"play_id":"7a521018-7605-4c56-987c-0dcf3a1f687b","local_time":"20190507122727","is_ascension_mode":false,"campfire_choices":[{"data":"infinitespire:OneForAll","floor":6,"key":"SMITH"},{"data":"Iron Wave","floor":8,"key":"SMITH"},{"data":"Neutralize","floor":10,"key":"SMITH"},{"data":"Battle Trance","floor":23,"key":"SMITH"},{"data":"Exhume","floor":28,"key":"SMITH"},{"data":"Metallicize","floor":32,"key":"SMITH"},{"floor":40,"key":"REST"},{"data":"Offering","floor":42,"key":"SMITH"},{"floor":49,"key":"REST"},{"data":"Feel No Pain","floor":57,"key":"SMITH"},{"data":"Inflame","floor":62,"key":"SMITH"},{"data":"Juggernaut","floor":66,"key":"SMITH"},{"data":"infinitespire:Menacing","floor":74,"key":"SMITH"},{"data":"Barricade","floor":76,"key":"SMITH"}],"neow_cost":"NO_GOLD","seed_source_timestamp":2239273219989653,"circlet_count":0,"master_deck":["Defend_R","Defend_R","Defend_R","hubris:ReadiedAction","infinitespire:OneForAll+1","Survivor+1","Neutralize+1","Iron Wave+1","Armaments+1","Fiend Fire","Battle Trance+1","Metallicize+1","Intimidate+1","Exhume+1","Offering+1","Entrench+1","Thunderclap+1","Shrug It Off+1","Sword Boomerang+1","ReplayTheSpireMod:Muscle Training+1","Exhume+1","vexMod:StrikeStorm+1","Feel No Pain+1","Juggernaut+1","Inflame+1","Barricade+1","infinitespire:Menacing+1","Inflame","Mind Blast","Feel No Pain","Seeing Red+1"],"relics":["Burning Blood","infinitespire:Eraser","King of Hearts","Vajra","Pen Nib","vexMod:MallPass","vexMod:RandomRelic","vexMod:DrawConverter","Omamori","hubris:IronBody","infinitespire:EvilPickle","hubris:ScarierMask","trackpad:AdjectivePendant","Bronze Scales","ReplayTheSpireMod:TigerMarble","Gremlin Food","Kintsugi","Guide Book","Strawberry","infinitespire:Satchel","ReplayTheSpireMod:Spearhead","infinitespire:Midas Blood","Replay:Wanted Poster","Magic Flower","Meat on the Bone"],"potions_floor_usage":[16,21,31,47,50,50,50,72],"damage_taken":[{"damage":0,"enemies":"2 Louse","floor":1,"turns":4},{"damage":45,"enemies":"Gremlin Nob","floor":7,"turns":7},{"damage":0,"enemies":"Cultist","floor":12,"turns":4},{"damage":0,"enemies":"Small Slimes","floor":13,"turns":3},{"damage":31,"enemies":"Hexaghost","floor":16,"turns":12},{"damage":7,"enemies":"2 Thieves","floor":18,"turns":4},{"damage":0,"enemies":"3 Byrds","floor":19,"turns":7},{"damage":3,"enemies":"Cultist and Chosen","floor":21,"turns":6},{"damage":0,"enemies":"Centurion and Healer","floor":25,"turns":6},{"damage":0,"enemies":"Sentry and Sphere","floor":29,"turns":4},{"damage":5,"enemies":"Nightmare","floor":31,"turns":10},{"damage":53,"enemies":"Pondfish","floor":33,"turns":14},{"damage":6,"enemies":"Orb Walker","floor":35,"turns":1},{"damage":3,"enemies":"3 Shapes","floor":36,"turns":1},{"damage":43,"enemies":"Maw","floor":37,"turns":9},{"damage":10,"enemies":"4 Shapes","floor":38,"turns":2},{"damage":38,"enemies":"Nightmare","floor":44,"turns":8},{"damage":24,"enemies":"Transient","floor":46,"turns":5},{"damage":0,"enemies":"3 Darklings","floor":47,"turns":3},{"damage":6,"enemies":"Sphere and 2 Shapes","floor":48,"turns":3},{"damage":8,"enemies":"hubris:GrandSnecko","floor":50,"turns":8},{"damage":7,"enemies":"Cultist","floor":52,"turns":1},{"damage":6,"enemies":"Small Slimes","floor":54,"turns":1},{"damage":1,"enemies":"Gremlin Nob","floor":58,"turns":2},{"damage":0,"enemies":"Jaw Worm","floor":59,"turns":1},{"damage":17,"enemies":"3 Sentries","floor":61,"turns":3},{"damage":6,"enemies":"3 Louse","floor":63,"turns":1},{"damage":0,"enemies":"Blue Slaver","floor":64,"turns":3},{"damage":1,"enemies":"Looter","floor":65,"turns":2},{"damage":27,"enemies":"Hexaghost","floor":67,"turns":3},{"damage":0,"enemies":"3 Byrds","floor":69,"turns":4},{"damage":19,"enemies":"Shell Parasite","floor":72,"turns":2},{"damage":36,"enemies":"Snake Plant","floor":73,"turns":2},{"damage":9,"enemies":"Replay:Snechameleon","floor":75,"turns":2},{"damage":51,"enemies":"Nightmare_Alpha","floor":78,"turns":2}],"seed_played":"4667945634563427868","potions_obtained":[{"floor":7,"key":"PowerPotion"},{"floor":12,"key":"LiquidBronze"},{"floor":13,"key":"Fire Potion"},{"floor":25,"key":"Languid Potion"},{"floor":29,"key":"Adrenaline Potion"},{"floor":36,"key":"Regen Potion"},{"floor":48,"key":"Block Potion"},{"floor":50,"key":"SkillPotion"},{"floor":59,"key":"Venom Potion"},{"floor":61,"key":"Swift Potion"},{"floor":72,"key":"Dexterity Potion"}],"is_trial":false,"path_per_floor":["M","?","$","?","?","R","E","R","T","R","?","M","M","?","R_BF","B",null,"M","M","$","M","$","R","$","M","T","$","R","M","$","NM","R","B",null,"M","M","M","M","$","R","$","R","T","NM","$","M","M","M","R","B",null,"M","$","M","$","$","R","E","M","T","E","R","M","M","M","R","B",null,"M","$","$","M","M","R","E","R","T","NM"],"character_chosen":"IRONCLAD","items_purchased":["vexMod:RandomRelic","Metallicize","Intimidate+1","Omamori","trackpad:AdjectivePendant","Bronze Scales","Shrug It Off+1","PanicButton","vexMod:StrikeStorm","Guide Book","Strawberry","Feel No Pain","Inflame","Magic Flower","Mind Blast","Feel No Pain"],"campfire_rested":2,"item_purchase_floors":[20,22,24,27,39,39,39,45,53,53,55,56,70,70,70,71],"current_hp_per_floor":[80,80,80,68,68,68,29,29,29,29,49,55,61,50,74,49,80,79,80,80,80,80,80,80,80,80,80,80,80,80,80,80,33,80,80,80,43,39,39,63,63,63,63,31,31,13,28,28,52,50,80,79,79,79,86,86,86,87,87,87,76,76,76,82,87,87,66,87,87,87,87,77,50,50,50,50,50,0],"gold":314,"neow_bonus":"ONE_RARE_RELIC","is_prod":false,"is_daily":false,"chose_seed":false,"campfire_upgraded":12,"win_rate":0,"timestamp":1557242847,"path_taken":["M","?","$","?","?","R","E","R","T","R","?","M","?","?","R_BF","BOSS","M","M","$","M","$","R","?","M","T","$","R","M","?","NM","R","BOSS","M","M","M","M","?","R","?","R","T","NM","?","M","M","M","R","BOSS","M","?","M","?","$","R","E","M","T","E","R","M","M","M","R","BOSS","M","?","?","M","M","R","E","R","T","NM"],"build_version":"2019-01-23","purchased_purges":3,"victory":false,"max_hp_per_floor":[80,80,80,80,80,80,80,80,80,80,80,80,80,80,80,80,80,80,80,80,80,80,80,80,80,80,80,80,80,80,80,80,80,80,80,80,80,80,80,80,80,80,80,80,80,80,80,80,80,80,80,80,80,80,87,87,87,87,87,87,87,87,87,87,87,87,87,87,87,87,87,87,87,87,87,87,87,87],"card_choices":[{"not_picked":["ReplayTheSpireMod:Strike From Hell","Thunderclap"],"picked":"hubris:ReadiedAction","floor":1},{"not_picked":["Burning Pact","Rage"],"picked":"Iron Wave","floor":7},{"not_picked":["Thunderclap","Clash"],"picked":"Armaments","floor":12},{"not_picked":["Whirlwind","Clash","ReplayTheSpireMod:Stacked"],"picked":"SKIP","floor":13},{"not_picked":["Berserk","Bludgeon"],"picked":"Fiend Fire","floor":16},{"not_picked":["hubris:ReadiedAction+1","True Grit"],"picked":"Clothesline","floor":18},{"not_picked":["Flex","Thunderclap","hubris:SharpeningStone+1"],"picked":"SKIP","floor":19},{"not_picked":["vexMod:Hatred","Headbutt+1"],"picked":"Battle Trance","floor":21},{"not_picked":["Blood for Blood","ReplayReversal"],"picked":"Exhume","floor":25},{"not_picked":["Entrench","Anger+1","True Grit"],"picked":"SKIP","floor":29},{"not_picked":["hubris:SharpeningStone+1","Rupture","Anger"],"picked":"SKIP","floor":31},{"not_picked":["hubris:SharpeningStone+1","Rupture","Anger"],"picked":"SKIP","floor":31},{"not_picked":["vexMod:StrikeStorm","Immolate"],"picked":"Offering","floor":33},{"not_picked":["Clash+1","Havoc+1"],"picked":"Entrench+1","floor":35},{"not_picked":["Corruption+1","Havoc"],"picked":"Thunderclap+1","floor":36},{"not_picked":["Wild Strike","ReplayTheSpireMod:Muscle Training","Heavy Blade+1"],"picked":"SKIP","floor":37},{"not_picked":["Cleave+1","Anger","Clothesline+1"],"picked":"SKIP","floor":38},{"not_picked":["Headbutt","hubris:SharpeningStone","Whirlwind+1"],"picked":"SKIP","floor":44},{"not_picked":["Whirlwind+1","Hemokinesis"],"picked":"Sword Boomerang+1","floor":46},{"not_picked":["Twin Strike","Shrug It Off"],"picked":"ReplayTheSpireMod:Muscle Training+1","floor":47},{"not_picked":["Iron Wave","Hemokinesis","Thunderclap+1"],"picked":"SKIP","floor":48},{"not_picked":["vexMod:StrikeStorm","vexMod:BattleStance"],"picked":"Exhume","floor":50},{"not_picked":["Burning Pact","ReplayTheSpireMod:Strike From Hell","Anger"],"picked":"SKIP","floor":52},{"not_picked":["Bloodletting","hubris:CleavingFinish","Headbutt"],"picked":"SKIP","floor":54},{"not_picked":["Clothesline","Twin Strike"],"picked":"Juggernaut","floor":58},{"not_picked":["Body Slam","Iron Wave"],"picked":"Inflame","floor":59},{"not_picked":["hubris:SharpeningStone","ReplayTheSpireMod:LeadingStrike","Searing Blow"],"picked":"SKIP","floor":61},{"not_picked":["vexMod:CleverClash","Armaments","Anger"],"picked":"SKIP","floor":63},{"not_picked":["Thunderclap","Wild Strike","vexMod:CurseBlast"],"picked":"SKIP","floor":64},{"not_picked":["Thunderclap","Wild Strike","vexMod:CurseBlast"],"picked":"SKIP","floor":64},{"not_picked":["Havoc","Flex","Rage"],"picked":"SKIP","floor":65},{"not_picked":["vexMod:StrikeStorm","Reaper"],"picked":"Barricade","floor":67},{"not_picked":["ReplayTheSpireMod:??????????????????????","ReplayTheSpireMod:Haul"],"picked":"infinitespire:Menacing","floor":67},{"not_picked":["Run Through","Pommel Strike","Clash"],"picked":"SKIP","floor":69},{"not_picked":["Clothesline","Run Through","Headbutt"],"picked":"SKIP","floor":72},{"not_picked":["Clothesline","ReplayTheSpireMod:Corrosion Curse","Armaments"],"picked":"SKIP","floor":73},{"not_picked":["True Grit","Blood for Blood+1"],"picked":"Seeing Red+1","floor":75}],"player_experience":1308084,"relics_obtained":[{"floor":7,"key":"Vajra"},{"floor":9,"key":"Pen Nib"},{"floor":26,"key":"vexMod:DrawConverter"},{"floor":31,"key":"hubris:IronBody"},{"floor":43,"key":"ReplayTheSpireMod:TigerMarble"},{"floor":44,"key":"Gremlin Food"},{"floor":58,"key":"infinitespire:Satchel"},{"floor":60,"key":"ReplayTheSpireMod:Spearhead"},{"floor":61,"key":"infinitespire:Midas Blood"},{"floor":75,"key":"Meat on the Bone"}],"event_choices":[{"damage_healed":0,"gold_gain":0,"player_choice":"Success","damage_taken":12,"relics_obtained":["King of Hearts"],"max_hp_gain":0,"max_hp_loss":0,"event_name":"Scrap Ooze","floor":4,"gold_loss":0},{"damage_healed":20,"gold_gain":0,"player_choice":"Healed","damage_taken":0,"max_hp_gain":0,"max_hp_loss":0,"event_name":"The Cleric","floor":11,"gold_loss":35},{"damage_healed":0,"gold_gain":75,"player_choice":"Gather Gold","damage_taken":11,"max_hp_gain":0,"max_hp_loss":0,"event_name":"World of Goop","floor":14,"gold_loss":0}],"is_beta":false,"boss_relics":[{"not_picked":["Ring of Chaos","Pandora\u0027s Box"],"picked":"vexMod:MallPass"},{"not_picked":["Painkiller Herb","Replay:Drink Me"],"picked":"hubris:ScarierMask"},{"not_picked":["hubris:Stopwatch","Velvet Choker"],"picked":"Kintsugi"},{"not_picked":["Fusion Hammer","ReplayTheSpireMod:DimensionalGlitch"],"picked":"Replay:Wanted Poster"}],"items_purged_floors":[30,39,41],"is_endless":true,"potions_floor_spawned":[7,12,13,25,29,36,44,46,48,50,59,61,63,65,72,75],"killed_by":"Nightmare_Alpha","ascension_level":0}