{"gold_per_floor":[114,114,39,58,113,113,144,144,198,198,29,45,10,22,22,117,117,128,51,51,66,66,95,95,122,194,194,212,243,243,253,253,358,358,373,419,419,419,431,431,450,450,476,476,493,493,87,103,103,103],"floor_reached":50,"playtime":1888,"items_purged":["Strike_B"],"score":722,"play_id":"c8cb1045-f614-427f-8396-19acaadb29fb","local_time":"20190302033807","is_ascension_mode":true,"campfire_choices":[{"data":"Zap","floor":6,"key":"SMITH"},{"data":"Loop","floor":8,"key":"SMITH"},{"data":"Coolheaded","floor":10,"key":"SMITH"},{"data":"Apotheosis","floor":15,"key":"SMITH"},{"floor":24,"key":"REST"},{"floor":27,"key":"REST"},{"floor":32,"key":"REST"},{"floor":40,"key":"REST"},{"floor":44,"key":"REST"},{"floor":49,"key":"REST"}],"neow_cost":"NONE","seed_source_timestamp":1345161470329194,"circlet_count":0,"master_deck":["Strike_B","Strike_B","Strike_B","Defend_B","Defend_B","Defend_B","Defend_B","Zap+1","Dualcast","Skim","Gash","Loop+1","Zap+1","Steam Power","Coolheaded+1","Apotheosis+1","Thunder Strike","Gash","Defragment","All For One","Doom and Gloom+1","Amplify","Barrage+1","Dramatic Entrance","Writhe","Barrage+1","Gash"],"relics":["Cracked Core","Art of War","Centennial Puzzle","Bag of Marbles","Nuclear Battery","CultistMask","The Courier","Lantern","Symbiotic Virus","Bottled Lightning","Nilry\u0027s Codex","Inserter","Du-Vu Doll","Pear","Cables"],"potions_floor_usage":[16,23,25,25,29,33,33,36,46,50],"damage_taken":[{"damage":0,"enemies":"Small Slimes","floor":1,"turns":2},{"damage":1,"enemies":"Cultist","floor":4,"turns":3},{"damage":31,"enemies":"Gremlin Nob","floor":7,"turns":4},{"damage":4,"enemies":"Jaw Worm","floor":12,"turns":2},{"damage":8,"enemies":"2 Fungi Beasts","floor":14,"turns":3},{"damage":18,"enemies":"Hexaghost","floor":16,"turns":8},{"damage":3,"enemies":"Spheric Guardian","floor":18,"turns":3},{"damage":4,"enemies":"Chosen","floor":21,"turns":3},{"damage":16,"enemies":"Book of Stabbing","floor":23,"turns":6},{"damage":41,"enemies":"Gremlin Leader","floor":25,"turns":5},{"damage":2,"enemies":"Centurion and Healer","floor":28,"turns":3},{"damage":15,"enemies":"Slavers","floor":29,"turns":4},{"damage":3,"enemies":"Sentry and Sphere","floor":31,"turns":5},{"damage":25,"enemies":"Collector","floor":33,"turns":7},{"damage":10,"enemies":"3 Shapes","floor":35,"turns":5},{"damage":22,"enemies":"2 Orb Walkers","floor":36,"turns":3},{"damage":19,"enemies":"Orb Walker","floor":39,"turns":3},{"damage":23,"enemies":"Jaw Worm Horde","floor":41,"turns":3},{"damage":7,"enemies":"Sphere and 2 Shapes","floor":45,"turns":2},{"damage":12,"enemies":"Writhing Mass","floor":46,"turns":2},{"damage":19,"enemies":"Transient","floor":48,"turns":5},{"damage":45,"enemies":"Awakened One","floor":50,"turns":3}],"seed_played":"-2201496416959642437","potions_obtained":[{"floor":7,"key":"Fire Potion"},{"floor":12,"key":"SpeedPotion"},{"floor":14,"key":"FearPotion"},{"floor":18,"key":"Block Potion"},{"floor":23,"key":"FearPotion"},{"floor":28,"key":"Dexterity Potion"},{"floor":29,"key":"Weak Potion"},{"floor":33,"key":"Strength Potion"},{"floor":36,"key":"SmokeBomb"},{"floor":39,"key":"LiquidBronze"},{"floor":41,"key":"EssenceOfSteel"}],"is_trial":false,"path_per_floor":["M","?","$","M","T","R","E","R","T","R","$","M","?","M","R","B",null,"M","$","?","M","$","E","R","E","T","R","M","E","?","M","R","B",null,"M","?","?","?","M","R","M","?","T","R","M","M","$","M","R","B"],"character_chosen":"DEFECT","items_purchased":["Apotheosis","Defragment","Pear","Cables"],"campfire_rested":6,"item_purchase_floors":[11,19,47,47],"current_hp_per_floor":[68,68,68,67,67,67,36,36,36,36,36,32,50,42,42,24,62,59,59,59,55,55,39,61,20,20,42,40,25,9,6,28,3,57,47,25,25,44,25,47,24,24,24,46,39,27,37,18,43,0],"gold":103,"neow_bonus":"UPGRADE_CARD","is_prod":false,"is_daily":false,"chose_seed":false,"campfire_upgraded":4,"win_rate":0,"timestamp":1551508687,"path_taken":["M","?","$","?","?","R","E","R","T","R","?","M","?","?","R","BOSS","M","$","?","M","?","E","R","E","T","R","M","E","?","M","R","BOSS","M","?","?","?","M","R","M","?","T","R","M","M","$","M","R","BOSS"],"build_version":"2019-01-23","purchased_purges":1,"victory":false,"max_hp_per_floor":[75,75,75,75,75,75,75,75,75,75,75,75,75,75,75,75,75,75,75,75,75,75,75,75,75,75,75,75,75,75,75,75,75,75,75,75,75,75,75,75,75,75,75,75,75,75,85,85,85,85],"card_choices":[{"not_picked":["Turbo","Go for the Eyes"],"picked":"Skim","floor":1},{"not_picked":["Fusion","Streamline"],"picked":"Steam Power","floor":4},{"not_picked":["Sweeping Beam","Blizzard"],"picked":"Coolheaded","floor":7},{"not_picked":["Lockon","Leap","Turbo"],"picked":"SKIP","floor":12},{"not_picked":["Steam","Tempest","Cold Snap"],"picked":"SKIP","floor":14},{"not_picked":["Hyperbeam","Meteor Strike"],"picked":"Thunder Strike","floor":16},{"not_picked":["Coolheaded","Streamline"],"picked":"Gash","floor":18},{"not_picked":["Glacier","Go for the Eyes","Conserve Battery+1"],"picked":"SKIP","floor":21},{"not_picked":["Cold Snap+1","Barrage","Stack+1"],"picked":"SKIP","floor":23},{"not_picked":["Consume+1","Glacier+1"],"picked":"All For One","floor":25},{"not_picked":["Reprogram","Storm","Steam"],"picked":"SKIP","floor":28},{"not_picked":["Chill","Go for the Eyes","Cold Snap"],"picked":"SKIP","floor":29},{"not_picked":["Conserve Battery+1","Compile Driver+1"],"picked":"Doom and Gloom+1","floor":31},{"not_picked":["Creative AI","Reboot"],"picked":"Amplify","floor":33},{"not_picked":["Cold Snap+1","Streamline"],"picked":"Barrage+1","floor":35},{"not_picked":["Trip","Swift Strike"],"picked":"Dramatic Entrance","floor":37},{"not_picked":["Chaos","Heatsinks"],"picked":"Barrage+1","floor":39},{"not_picked":["Sunder","Redo+1","Recycle+1"],"picked":"SKIP","floor":41},{"not_picked":["Reinforced Body","White Noise+1"],"picked":"Gash","floor":45},{"not_picked":["Lockon","Steam+1","Cold Snap+1"],"picked":"SKIP","floor":48}],"player_experience":870315,"relics_obtained":[{"floor":5,"key":"Art of War"},{"floor":7,"key":"Centennial Puzzle"},{"floor":9,"key":"Bag of Marbles"},{"floor":23,"key":"The Courier"},{"floor":25,"key":"Lantern"},{"floor":26,"key":"Symbiotic Virus"},{"floor":29,"key":"Bottled Lightning"},{"floor":30,"key":"Nilry\u0027s Codex"},{"floor":36,"key":"Du-Vu Doll"}],"event_choices":[{"damage_healed":0,"gold_gain":0,"player_choice":"3 cards matched","damage_taken":0,"max_hp_gain":0,"max_hp_loss":0,"event_name":"Match and Keep!","floor":2,"gold_loss":0,"cards_obtained":["Gash","Loop","Zap"]},{"damage_healed":18,"gold_gain":0,"player_choice":"Healed","damage_taken":0,"max_hp_gain":0,"max_hp_loss":0,"event_name":"The Cleric","floor":13,"gold_loss":35},{"damage_healed":0,"gold_gain":0,"player_choice":"Trade","damage_taken":0,"relics_obtained":["CultistMask"],"max_hp_gain":0,"max_hp_loss":0,"event_name":"FaceTrader","floor":20,"gold_loss":0},{"damage_healed":0,"gold_gain":0,"player_choice":"Obtained Book","damage_taken":16,"max_hp_gain":0,"max_hp_loss":0,"event_name":"Cursed Tome","floor":30,"gold_loss":0},{"damage_healed":0,"gold_gain":0,"player_choice":"Fight","damage_taken":0,"max_hp_gain":0,"max_hp_loss":0,"event_name":"Mysterious Sphere","floor":36,"gold_loss":0},{"damage_healed":0,"gold_gain":0,"player_choice":"Memory 1","damage_taken":0,"max_hp_gain":0,"max_hp_loss":0,"event_name":"SensoryStone","floor":37,"gold_loss":0},{"damage_healed":19,"gold_gain":0,"player_choice":"Writhe","damage_taken":0,"max_hp_gain":0,"max_hp_loss":0,"event_name":"Winding Halls","floor":38,"gold_loss":0,"cards_obtained":["Writhe"]},{"damage_healed":0,"gold_gain":0,"player_choice":"Ignored","damage_taken":0,"max_hp_gain":0,"max_hp_loss":0,"event_name":"Tomb of Lord Red Mask","floor":42,"gold_loss":0}],"is_beta":false,"boss_relics":[{"not_picked":["Snecko Eye","Astrolabe"],"picked":"Nuclear Battery"},{"not_picked":["White Beast Statue","Eternal Feather"],"picked":"Inserter"}],"items_purged_floors":[3],"is_endless":false,"potions_floor_spawned":[7,12,14,18,23,28,29,33,36,39,41],"killed_by":"Awakened One","ascension_level":9}