{"gold_per_floor":[118,133,64,64,80,80,115,115,115,134,14,14,25,60,60,160,160,178,197,197,223,242,242,269,285,285,40,40,40,40,60,60,60],"floor_reached":33,"playtime":1869,"items_purged":["Decay"],"score":314,"play_id":"0545708c-9ba4-4391-917a-69e2657133dc","local_time":"20190329124306","is_ascension_mode":true,"campfire_choices":[{"data":"Whirlwind","floor":6.0,"key":"SMITH"},{"data":"Perfected Strike","floor":12.0,"key":"SMITH"},{"floor":15.0,"key":"REST"},{"floor":23.0,"key":"REST"},{"data":"Iron Wave","floor":29,"key":"SMITH"},{"floor":32,"key":"REST"}],"neow_cost":"NONE","seed_source_timestamp":0,"circlet_count":0,"master_deck":["Strike_R","Strike_R","Strike_R","Strike_R","Strike_R","Defend_R","Defend_R","Defend_R","Defend_R","Bash","Cleave","Armaments+1","Whirlwind+1","Pommel Strike","Pommel Strike","Perfected Strike+1","Shrug It Off","Shrug It Off","Iron Wave+1","Impervious","Headbutt+1","Twin Strike","Seeing Red+1","Shrug It Off+1","Shrug It Off+1","Pommel Strike","Perfected Strike+1","Perfected Strike+1","Twin Strike+1"],"special_seed":0,"relics":["Black Blood","Dream Catcher","Meat on the Bone","Lantern","Art of War","Strawberry","Charon\u0027s Ashes","Molten Egg 2","Strange Spoon","MutagenicStrength"],"potions_floor_usage":[33,33],"damage_taken":[{"damage":8.0,"enemies":"Cultist","floor":1.0,"turns":5.0},{"damage":2.0,"enemies":"Small Slimes","floor":2.0,"turns":3.0},{"damage":0.0,"enemies":"2 Louse","floor":5.0,"turns":2.0},{"damage":27.0,"enemies":"Lagavulin","floor":7.0,"turns":6.0},{"damage":4.0,"enemies":"Blue Slaver","floor":10.0,"turns":4.0},{"damage":6.0,"enemies":"Large Slime","floor":13.0,"turns":2.0},{"damage":17.0,"enemies":"Gremlin Nob","floor":14.0,"turns":4.0},{"damage":24.0,"enemies":"Slime Boss","floor":16.0,"turns":10.0},{"damage":21.0,"enemies":"Shell Parasite","floor":18.0,"turns":5.0},{"damage":20.0,"enemies":"Spheric Guardian","floor":19.0,"turns":4.0},{"damage":35.0,"enemies":"Shelled Parasite and Fungi","floor":22.0,"turns":6.0},{"damage":28.0,"enemies":"Book of Stabbing","floor":24.0,"turns":8.0},{"damage":25.0,"enemies":"Centurion and Healer","floor":25.0,"turns":8.0},{"damage":11,"enemies":"3 Cultists","floor":31,"turns":4},{"damage":88,"enemies":"Automaton","floor":33,"turns":8}],"seed_played":"722619702755024760","potions_obtained":[{"floor":5.0,"key":"SpeedPotion"},{"floor":13.0,"key":"SpeedPotion"},{"floor":14.0,"key":"Weak Potion"},{"floor":19.0,"key":"Block Potion"},{"floor":31,"key":"Energy Potion"}],"is_trial":false,"path_per_floor":["M","M","$","?","M","R","E","?","T","M","$","R","M","E","R","B",null,"M","M","$","T","M","R","E","M","T","$","?","R","?","M","R","B"],"character_chosen":"IRONCLAD","items_purchased":["Whirlwind","Shrug It Off","Perfected Strike+1","Strange Spoon"],"campfire_rested":3,"item_purchase_floors":[3,11,27,27],"current_hp_per_floor":[78,80,80,80,80,80,59,59,59,61,61,61,61,50,74,56,80,69,59,59,66,53,79,61,58,58,58,58,58,58,57,83,0],"gold":60,"neow_bonus":"RANDOM_COMMON_RELIC","is_prod":false,"is_daily":false,"chose_seed":false,"campfire_upgraded":3,"win_rate":0,"timestamp":1553877786,"path_taken":["M","M","$","?","M","R","E","?","T","M","$","R","M","E","R","BOSS","M","M","$","?","M","R","E","M","T","$","?","R","?","M","R","BOSS"],"build_version":"2019-01-23","purchased_purges":1,"victory":false,"max_hp_per_floor":[80,80,80,80,80,80,80,80,80,80,80,80,80,80,80,80,80,80,80,80,87,87,87,87,87,87,87,87,87,87,87,87,87],"card_choices":[{"not_picked":["Reckless Charge","Clothesline"],"picked":"Cleave","floor":1.0},{"not_picked":["Intimidate","Clothesline"],"picked":"Armaments","floor":2.0},{"not_picked":["Sword Boomerang","Wild Strike"],"picked":"Pommel Strike","floor":5.0},{"not_picked":["Clothesline","Fire Breathing"],"picked":"Pommel Strike","floor":7.0},{"not_picked":["Armaments","Metallicize"],"picked":"Perfected Strike","floor":10.0},{"not_picked":["Feel No Pain","Headbutt"],"picked":"Shrug It Off","floor":13.0},{"not_picked":["Bludgeon","Anger","Fiend Fire"],"picked":"SKIP","floor":14.0},{"not_picked":["Shrug It Off","Anger"],"picked":"Iron Wave","floor":15.0},{"not_picked":["Feed","Immolate"],"picked":"Impervious","floor":16.0},{"not_picked":["Battle Trance+1","Metallicize"],"picked":"Headbutt+1","floor":18.0},{"not_picked":["Ghostly Armor","Reckless Charge"],"picked":"Twin Strike","floor":19.0},{"not_picked":["Sword Boomerang","Havoc"],"picked":"Seeing Red+1","floor":22.0},{"not_picked":["Ghostly Armor","Heavy Blade"],"picked":"Shrug It Off+1","floor":23.0},{"not_picked":["Exhume","Headbutt"],"picked":"Shrug It Off+1","floor":24.0},{"not_picked":["Armaments","Sever Soul"],"picked":"Pommel Strike","floor":25.0},{"not_picked":["Shrug It Off","Thunderclap+1"],"picked":"Perfected Strike+1","floor":31},{"not_picked":["Infernal Blade","Evolve"],"picked":"Twin Strike+1","floor":32}],"player_experience":61616,"relics_obtained":[{"floor":7.0,"key":"Meat on the Bone"},{"floor":9.0,"key":"Lantern"},{"floor":14.0,"key":"Art of War"},{"floor":21.0,"key":"Strawberry"},{"floor":24.0,"key":"Charon\u0027s Ashes"},{"floor":26.0,"key":"Molten Egg 2"}],"event_choices":[{"damage_healed":0.0,"max_hp_gain":0.0,"max_hp_loss":0.0,"gold_gain":0.0,"event_name":"Living Wall","player_choice":"Grow","floor":4.0,"gold_loss":0.0,"damage_taken":0.0,"cards_upgraded":["Armaments"]},{"damage_healed":0.0,"max_hp_gain":0.0,"max_hp_loss":0.0,"gold_gain":0.0,"event_name":"Wheel of Change","player_choice":"Cursed","floor":8.0,"gold_loss":0.0,"damage_taken":0.0,"cards_obtained":["Decay"]},{"damage_healed":0,"gold_gain":0,"player_choice":"Inject Mutagens","damage_taken":0,"relics_obtained":["MutagenicStrength"],"max_hp_gain":0,"max_hp_loss":0,"event_name":"Drug Dealer","floor":28,"gold_loss":0},{"damage_healed":0,"gold_gain":0,"player_choice":"Ignored","damage_taken":0,"max_hp_gain":0,"max_hp_loss":0,"event_name":"Ghosts","floor":30,"gold_loss":0}],"is_beta":false,"boss_relics":[{"not_picked":["White Beast Statue","Mark of Pain"],"picked":"Black Blood"}],"items_purged_floors":[11],"is_endless":false,"potions_floor_spawned":[5,13,14,19,31],"killed_by":"Automaton","ascension_level":1}