{"path_per_floor":["M","M","?","?","$","E","?","E","T","M","M","R","M","?","R","B",null,"M","M","M"],"character_chosen":"DEFECT","items_purchased":["Apotheosis"],"gold_per_floor":[110,128,303,253,42,77,107,140,140,153,172,172,184,184,184,283,283,303,322,333,333],"floor_reached":21,"campfire_rested":2,"playtime":1035,"item_purchase_floors":[5],"current_hp_per_floor":[75,75,75,75,75,44,44,14,14,14,14,36,13,13,35,50,75,69,40,5,0],"items_purged":[],"gold":333,"score":277,"play_id":"7ab27dd4-f02e-4af0-be1d-625a377c57cc","local_time":"20180606031710","is_prod":false,"is_daily":false,"chose_seed":false,"is_ascension_mode":true,"campfire_upgraded":0,"win_rate":0,"timestamp":1528265830,"campfire_choices":[{"floor":12,"key":"REST"},{"floor":15,"key":"REST"}],"path_taken":["M","M","?","?","$","E","?","E","T","M","M","R","M","?","R","BOSS","M","M","M","M"],"build_version":"2018-05-31","seed_source_timestamp":109431041220940,"purchased_purges":0,"victory":false,"master_deck":["Strike_B","Strike_B","Strike_B","Strike_B","Defend_B","Defend_B","Defend_B","Zap","Dualcast","Aggregate","Go for the Eyes","Static Discharge","Apotheosis","Storm","Auto Shields","Go for the Eyes","Genetic Algorithm","Electrodynamics","All For One","Defragment","Doom and Gloom","Self Repair","Chaos","Chaos","Rip and Tear+1","Sweeping Beam","Go for the Eyes+1"],"max_hp_per_floor":[75,75,75,75,75,75,75,75,75,75,75,75,75,75,75,75,75,75,75,75,75],"relics":["Cracked Core","Centennial Puzzle","Gambling Chip","Smiling Mask","Bottled Flame","Orrery"],"card_choices":[{"not_picked":["Undo","Coolheaded"],"picked":"Go for the Eyes","floor":1},{"not_picked":["Hologram","Consume"],"picked":"Static Discharge","floor":2},{"not_picked":["Go for the Eyes","Darkness"],"picked":"Storm","floor":6},{"not_picked":["Sweeping Beam","Beam Cell"],"picked":"Auto Shields","floor":8},{"not_picked":["Glacier","Gash"],"picked":"Go for the Eyes","floor":10},{"not_picked":["Double Energy","Go for the Eyes"],"picked":"Genetic Algorithm","floor":11},{"not_picked":["Storm","Double Energy"],"picked":"Electrodynamics","floor":13},{"not_picked":["Amplify","Creative AI"],"picked":"All For One","floor":16},{"not_picked":["BootSequence","Capacitor"],"picked":"Defragment","floor":17},{"not_picked":["Blizzard","Tempest"],"picked":"Doom and Gloom","floor":17},{"not_picked":["Barrage","Conserve Battery"],"picked":"Self Repair","floor":17},{"not_picked":["Coolheaded","BootSequence"],"picked":"Chaos","floor":17},{"not_picked":["Multi-Cast","Barrage"],"picked":"Chaos","floor":17},{"not_picked":["Beam Cell","Hologram"],"picked":"Rip and Tear+1","floor":18},{"not_picked":["Compile Driver","Beam Cell"],"picked":"Sweeping Beam","floor":19},{"not_picked":["Storm","Coolheaded"],"picked":"Go for the Eyes+1","floor":20}],"player_experience":287376,"potions_floor_usage":[8,16,16,20],"damage_taken":[{"damage":0,"enemies":"Cultist","floor":1,"turns":4},{"damage":0,"enemies":"Small Slimes","floor":2,"turns":3},{"damage":31,"enemies":"Gremlin Nob","floor":6,"turns":4},{"damage":30,"enemies":"Lagavulin","floor":8,"turns":5},{"damage":0,"enemies":"Jaw Worm","floor":10,"turns":3},{"damage":0,"enemies":"Blue Slaver","floor":11,"turns":3},{"damage":23,"enemies":"Lots of Slimes","floor":13,"turns":3},{"damage":0,"enemies":"Slime Boss","floor":16,"turns":6},{"damage":6,"enemies":"3 Byrds","floor":18,"turns":2},{"damage":29,"enemies":"2 Thieves","floor":19,"turns":3},{"damage":35,"enemies":"Snecko","floor":20,"turns":5},{"damage":10,"enemies":"Centurion and Healer","floor":21,"turns":1}],"relics_obtained":[{"floor":6,"key":"Centennial Puzzle"},{"floor":8,"key":"Smiling Mask"},{"floor":9,"key":"Bottled Flame"}],"event_choices":[{"event_name":"Liars Game","player_choice":"agreed","floor":3,"damage_taken":0},{"event_name":"The Cleric","player_choice":"Card Removal","floor":4,"damage_taken":0},{"event_name":"Dead Adventurer","player_choice":"Searched \u00272\u0027 times","floor":7,"damage_taken":0},{"event_name":"Scrap Ooze","player_choice":"unsuccessful","floor":14,"damage_taken":0}],"boss_relics":[{"not_picked":["Lizard Tail","Philosopher\u0027s Stone"],"picked":"Orrery"}],"items_purged_floors":[],"potions_floor_spawned":[1,6,8,13,16],"seed_played":"371681144089869602","killed_by":"Centurion and Healer","ascension_level":3,"potions_obtained":[{"floor":1,"key":"Weak Potion"},{"floor":6,"key":"Ancient Potion"},{"floor":8,"key":"Regen Potion"},{"floor":13,"key":"FocusPotion"},{"floor":16,"key":"GamblersBrew"}],"is_trial":false}