{"gold_per_floor":[111,129,304,7,19,19,46,46,100,100,111,138,138,156,156,256,256,274,111,121,91,108,108],"floor_reached":23,"playtime":1022,"items_purged":["Doubt"],"score":201,"play_id":"7755fab4-728d-4f39-89c4-e7355ec2dc9f","local_time":"20190514072011","is_ascension_mode":false,"campfire_choices":[{"data":"Defragment","floor":6,"key":"SMITH"},{"data":"Sweeping Beam","floor":8,"key":"SMITH"},{"data":"Zap","floor":10,"key":"SMITH"},{"floor":15,"key":"REST"}],"neow_cost":"TEN_PERCENT_HP_LOSS","seed_source_timestamp":152150666855726,"circlet_count":0,"master_deck":["Strike_B","Strike_B","Strike_B","Strike_B","Defend_B","Defend_B","Defend_B","Defend_B","Zap+1","Dualcast","Cold Snap","Sweeping Beam+1","Coolheaded","Cold Snap","Defragment+1","Genetic Algorithm+1","Genetic Algorithm","Force Field+1","Redo","Biased Cognition","Glacier","Dark Shackles","Defragment","Barrage+1"],"relics":["FrozenCore","Ginger","Dream Catcher","Pen Nib","Shuriken"],"potions_floor_usage":[14,14],"damage_taken":[{"damage":6,"enemies":"Cultist","floor":1,"turns":3},{"damage":8,"enemies":"Jaw Worm","floor":2,"turns":4},{"damage":7,"enemies":"2 Louse","floor":5,"turns":3},{"damage":9,"enemies":"Gremlin Nob","floor":7,"turns":5},{"damage":0,"enemies":"2 Fungi Beasts","floor":11,"turns":3},{"damage":5,"enemies":"3 Sentries","floor":12,"turns":10},{"damage":10,"enemies":"3 Louse","floor":14,"turns":4},{"damage":5,"enemies":"The Guardian","floor":16,"turns":15},{"damage":3,"enemies":"Shell Parasite","floor":18,"turns":12},{"damage":2,"enemies":"3 Byrds","floor":20,"turns":7},{"damage":19,"enemies":"Cultist and Chosen","floor":22,"turns":9},{"damage":56,"enemies":"Gremlin Leader","floor":23,"turns":10}],"seed_played":"-3227534385600768353","potions_obtained":[{"floor":1,"key":"SpeedPotion"},{"floor":7,"key":"Regen Potion"},{"floor":11,"key":"PowerPotion"},{"floor":21,"key":"Energy Potion"},{"floor":21,"key":"Ancient Potion"}],"is_trial":false,"path_per_floor":["M","M","?","$","M","R","E","R","T","R","M","E","?","M","R","B",null,"M","$","M","?","M","E"],"character_chosen":"DEFECT","items_purchased":["Dream Catcher","Coolheaded","Cold Snap","Dark Shackles","Defragment"],"campfire_rested":1,"item_purchase_floors":[4,4,4,19,19],"current_hp_per_floor":[62,54,54,54,47,47,38,38,38,38,38,33,19,18,38,33,68,65,65,63,63,44,0],"gold":108,"neow_bonus":"ONE_RARE_RELIC","is_prod":false,"is_daily":false,"chose_seed":false,"campfire_upgraded":3,"win_rate":0,"timestamp":1557832811,"path_taken":["M","M","?","$","M","R","E","R","T","R","M","E","?","M","R","BOSS","M","$","M","?","M","E"],"build_version":"2019-01-23","purchased_purges":1,"victory":false,"max_hp_per_floor":[68,68,68,68,68,68,68,68,68,68,68,68,68,68,68,68,68,68,68,68,68,68,68],"card_choices":[{"not_picked":["Redo","Rebound"],"picked":"Cold Snap","floor":1},{"not_picked":["Double Energy","Compile Driver"],"picked":"Sweeping Beam","floor":2},{"not_picked":["Gash","Compile Driver"],"picked":"Defragment","floor":5},{"not_picked":["Undo","Buffer"],"picked":"Genetic Algorithm","floor":7},{"not_picked":["Barrage","Steam Power"],"picked":"Genetic Algorithm","floor":11},{"not_picked":["Conserve Battery","Darkness"],"picked":"Force Field","floor":12},{"not_picked":["Coolheaded","Conserve Battery"],"picked":"Redo","floor":14},{"not_picked":["Machine Learning","Meteor Strike"],"picked":"Biased Cognition","floor":16},{"not_picked":["Melter","BootSequence"],"picked":"Glacier","floor":18},{"not_picked":["Genetic Algorithm","Skim+1","Fusion"],"picked":"SKIP","floor":20},{"not_picked":["Go for the Eyes","Rebound+1"],"picked":"Barrage+1","floor":22}],"player_experience":80370,"relics_obtained":[{"floor":7,"key":"Pen Nib"},{"floor":12,"key":"Shuriken"}],"event_choices":[{"damage_healed":0,"gold_gain":175,"player_choice":"AGREE","damage_taken":0,"max_hp_gain":0,"max_hp_loss":0,"event_name":"Liars Game","floor":3,"gold_loss":0,"cards_obtained":["Doubt"]},{"damage_healed":0,"gold_gain":0,"player_choice":"Entered Light","damage_taken":14,"max_hp_gain":0,"max_hp_loss":0,"event_name":"Shining Light","floor":13,"gold_loss":0,"cards_upgraded":["Force Field","Genetic Algorithm"]},{"damage_healed":0,"gold_gain":0,"player_choice":"Bought 2 Potions","damage_taken":0,"max_hp_gain":0,"max_hp_loss":0,"event_name":"The Woman in Blue","floor":21,"gold_loss":0}],"is_beta":false,"boss_relics":[{"not_picked":["Runic Dome","Orrery"],"picked":"FrozenCore"}],"items_purged_floors":[4],"is_endless":false,"potions_floor_spawned":[1,7,11],"killed_by":"Gremlin Leader","ascension_level":0}