{"gold_per_floor":[210,210,210,229,239,265,265,43,92,123,123,123,154,10,10,112,112,123,148,159,74,74,105,115,141,196,196,214,304,304,337,337,438,438,453,259,275,292,306,331,331,362,389,389,389,389,389,416,416,416],"floor_reached":50,"playtime":3151,"items_purged":["Shame"],"score":838,"play_id":"bf7c5121-e46d-428a-afc1-1ba7e0b9d749","local_time":"20190318093223","is_ascension_mode":true,"campfire_choices":[{"data":"Neutralize","floor":7,"key":"SMITH"},{"data":"Noxious Fumes","floor":15,"key":"SMITH"},{"data":"Burst","floor":30,"key":"SMITH"},{"data":"Burst","floor":32,"key":"SMITH"},{"floor":41,"key":"RECALL"},{"data":"Well Laid Plans","floor":44,"key":"SMITH"},{"data":"Discovery","floor":49,"key":"SMITH"}],"neow_cost":"NONE","seed_source_timestamp":568927895163028,"circlet_count":0,"master_deck":["Defend_G","Defend_G","Defend_G","Defend_G","Defend_G+1","Survivor","Neutralize+1","Outmaneuver+1","Crippling Poison","PiercingWail+1","Escape Plan+1","Noxious Fumes+1","Masterful Stab","Dodge and Roll","Die Die Die","Backflip","Discovery+1","Adrenaline+1","Blur+1","Deadly Poison","Catalyst+1","Deadly Poison","Burst+1","Bite+1","Bite+1","Bite+1","Bite+1","Bite+1","Flying Knee+1","Burst+1","Malaise","Doubt","Writhe","Sucker Punch+1","Well Laid Plans+1","Impatience","Deflect+1","Tools of the Trade","Blur","Escape Plan","Well Laid Plans+1"],"relics":["Ring of the Snake","Potion Belt","Orichalcum","Centennial Puzzle","The Specimen","Mango","Philosopher\u0027s Stone","Red Mask","Molten Egg 2","The Courier","War Paint","Question Card","Calling Bell","Art of War","Singing Bowl","Ginger","Juzu Bracelet","Ninja Scroll","Omamori","Gremlin Horn","Blood Vial"],"potions_floor_usage":[6,13,13,16,19,23,25,37,39,48,50],"damage_taken":[{"damage":7,"enemies":"Cultist","floor":1,"turns":4},{"damage":0,"enemies":"Small Slimes","floor":4,"turns":6},{"damage":0,"enemies":"2 Louse","floor":5,"turns":3},{"damage":19,"enemies":"3 Sentries","floor":6,"turns":12},{"damage":14,"enemies":"Lagavulin","floor":10,"turns":7},{"damage":0,"enemies":"3 Sentries","floor":13,"turns":5},{"damage":15,"enemies":"Slime Boss","floor":16,"turns":7},{"damage":5,"enemies":"2 Thieves","floor":18,"turns":4},{"damage":13,"enemies":"Masked Bandits","floor":19,"turns":5},{"damage":3,"enemies":"Chosen","floor":20,"turns":5},{"damage":6,"enemies":"Book of Stabbing","floor":23,"turns":4},{"damage":4,"enemies":"Shelled Parasite and Fungi","floor":24,"turns":6},{"damage":9,"enemies":"Gremlin Leader","floor":25,"turns":6},{"damage":0,"enemies":"Snake Plant","floor":28,"turns":3},{"damage":0,"enemies":"Book of Stabbing","floor":31,"turns":3},{"damage":0,"enemies":"Automaton","floor":33,"turns":5},{"damage":4,"enemies":"Orb Walker","floor":35,"turns":4},{"damage":0,"enemies":"3 Shapes","floor":37,"turns":4},{"damage":0,"enemies":"Sphere and 2 Shapes","floor":38,"turns":3},{"damage":0,"enemies":"Jaw Worm Horde","floor":39,"turns":5},{"damage":31,"enemies":"Nemesis","floor":40,"turns":9},{"damage":27,"enemies":"Reptomancer","floor":42,"turns":4},{"damage":20,"enemies":"Nemesis","floor":48,"turns":9},{"damage":77,"enemies":"Donu and Deca","floor":50,"turns":8}],"seed_played":"6369941622403100554","potions_obtained":[{"floor":1,"key":"Fire Potion"},{"floor":3,"key":"Regen Potion"},{"floor":3,"key":"Weak Potion"},{"floor":10,"key":"EssenceOfSteel"},{"floor":20,"key":"Poison Potion"},{"floor":23,"key":"FearPotion"},{"floor":31,"key":"Block Potion"},{"floor":33,"key":"Weak Potion"},{"floor":40,"key":"SteroidPotion"},{"floor":42,"key":"Strength Potion"},{"floor":48,"key":"Explosive Potion"}],"is_trial":false,"path_per_floor":["M","?","?","M","M","E","R","$","T","E","?","?","E","$","R","B",null,"M","?","M","?","?","E","M","E","T","?","M","?","R","E","R","B",null,"M","$","M","M","M","E","R","E","T","R","T","?","?","E","R","B"],"character_chosen":"THE_SILENT","items_purchased":["Noxious Fumes","Masterful Stab","Dodge and Roll","Fire Potion","Discovery","Block Potion","Well Laid Plans","Impatience"],"campfire_rested":0,"item_purchase_floors":[8,8,8,8,14,14,36,36],"current_hp_per_floor":[63,68,68,68,68,49,49,49,49,35,20,8,36,36,36,21,89,84,71,68,68,68,62,58,49,49,49,61,37,37,43,43,52,62,62,62,62,64,64,48,48,33,33,33,33,49,49,50,50,0],"gold":416,"neow_bonus":"HUNDRED_GOLD","is_prod":false,"is_daily":false,"chose_seed":false,"campfire_upgraded":6,"win_rate":0,"timestamp":1552915943,"path_taken":["M","?","?","?","M","E","R","$","T","E","?","?","E","$","R","BOSS","M","?","M","?","?","E","M","E","T","?","M","?","R","E","R","BOSS","M","$","M","M","M","E","R","E","T","R","?","?","?","E","R","BOSS"],"build_version":"2019-03-15","purchased_purges":1,"victory":false,"max_hp_per_floor":[70,75,75,75,75,75,75,75,75,75,75,75,89,89,89,89,89,89,89,89,89,89,89,89,89,89,62,62,62,62,62,62,62,62,62,62,62,64,64,64,64,64,64,64,64,64,64,64,64,64],"card_choices":[{"not_picked":["Reflex","Underhanded Strike"],"picked":"Outmaneuver","floor":1},{"not_picked":["Cloak And Dagger","Slice"],"picked":"Crippling Poison","floor":4},{"not_picked":["Dodge and Roll","Prepared"],"picked":"PiercingWail","floor":5},{"not_picked":["Concentrate","Reflex"],"picked":"Escape Plan","floor":6},{"not_picked":["Acrobatics","Distraction"],"picked":"Die Die Die","floor":10},{"not_picked":["Deflect","Sucker Punch"],"picked":"Backflip","floor":13},{"not_picked":["Grand Finale","Wraith Form v2"],"picked":"Adrenaline","floor":16},{"not_picked":["Distraction+1","Predator"],"picked":"Blur+1","floor":18},{"not_picked":["Backstab","Deflect"],"picked":"Deadly Poison","floor":19},{"not_picked":["Blade Dance+1","Eviscerate"],"picked":"Catalyst+1","floor":20},{"not_picked":["Accuracy","Underhanded Strike+1","Dodge and Roll"],"picked":"SKIP","floor":23},{"not_picked":["Skewer+1","Caltrops"],"picked":"Deadly Poison","floor":24},{"not_picked":["Flying Knee+1","Noxious Fumes"],"picked":"Burst","floor":25},{"not_picked":["Heel Hook+1","Infinite Blades"],"picked":"Flying Knee+1","floor":28},{"not_picked":["Prepared","Deflect"],"picked":"Burst","floor":31},{"not_picked":["Venomology","Bullet Time","Phantasmal Killer"],"picked":"Malaise","floor":33},{"not_picked":["Deadly Poison+1","Acrobatics","Bane+1"],"picked":"Sucker Punch+1","floor":35},{"not_picked":["Heel Hook+1","Acrobatics+1","All Out Attack+1"],"picked":"Deflect+1","floor":37},{"not_picked":["Flying Knee+1","Burst","Outmaneuver","Sucker Punch+1"],"picked":"Singing Bowl","floor":38},{"not_picked":["Deflect","Predator+1","Dodge and Roll+1"],"picked":"Tools of the Trade","floor":39},{"not_picked":["Prepared","Concentrate+1","Terror"],"picked":"Blur","floor":40},{"not_picked":["Calculated Gamble+1","Deadly Poison","Blade Dance"],"picked":"Escape Plan","floor":42},{"not_picked":["Flying Knee+1","Underhanded Strike+1","Backflip"],"picked":"Well Laid Plans+1","floor":48}],"player_experience":4935785,"relics_obtained":[{"floor":6,"key":"Potion Belt"},{"floor":9,"key":"Orichalcum"},{"floor":10,"key":"Centennial Puzzle"},{"floor":13,"key":"Mango"},{"floor":19,"key":"Red Mask"},{"floor":23,"key":"The Courier"},{"floor":25,"key":"War Paint"},{"floor":31,"key":"Question Card"},{"floor":34,"key":"Art of War"},{"floor":34,"key":"Singing Bowl"},{"floor":34,"key":"Ginger"},{"floor":40,"key":"Juzu Bracelet"},{"floor":42,"key":"Ninja Scroll"},{"floor":43,"key":"Omamori"},{"floor":45,"key":"Gremlin Horn"},{"floor":48,"key":"Blood Vial"}],"event_choices":[{"damage_healed":0,"gold_gain":0,"player_choice":"Donut","damage_taken":0,"max_hp_gain":5,"max_hp_loss":0,"event_name":"Big Fish","floor":2,"gold_loss":0},{"damage_healed":0,"gold_gain":0,"player_choice":"Got Potions","damage_taken":0,"max_hp_gain":0,"max_hp_loss":0,"event_name":"Lab","floor":3,"gold_loss":0},{"damage_healed":0,"gold_gain":0,"player_choice":"Entered Light","damage_taken":15,"max_hp_gain":0,"max_hp_loss":0,"event_name":"Shining Light","floor":11,"gold_loss":0,"cards_upgraded":["Escape Plan","Defend_G"]},{"damage_healed":0,"gold_gain":0,"player_choice":"Success","damage_taken":12,"relics_obtained":["The Specimen"],"max_hp_gain":0,"max_hp_loss":0,"event_name":"Scrap Ooze","floor":12,"gold_loss":0},{"damage_healed":0,"gold_gain":0,"player_choice":"Fought Bandits","damage_taken":0,"max_hp_gain":0,"max_hp_loss":0,"event_name":"Masked Bandits","floor":19,"gold_loss":0},{"damage_healed":0,"gold_gain":0,"player_choice":"Obtained Relic","damage_taken":0,"relics_obtained":["Molten Egg 2"],"max_hp_gain":0,"max_hp_loss":0,"event_name":"Addict","floor":21,"gold_loss":85},{"damage_healed":0,"gold_gain":0,"player_choice":"Ignored","damage_taken":0,"max_hp_gain":0,"max_hp_loss":0,"event_name":"Beggar","floor":22,"gold_loss":0},{"damage_healed":0,"gold_gain":0,"player_choice":"Became a vampire","damage_taken":0,"max_hp_gain":0,"max_hp_loss":27,"event_name":"Vampires","floor":27,"gold_loss":0,"cards_obtained":["Bite","Bite","Bite","Bite","Bite"]},{"damage_healed":0,"gold_gain":90,"player_choice":"POTION POTION GOLD ","damage_taken":24,"max_hp_gain":0,"max_hp_loss":0,"event_name":"Knowing Skull","floor":29,"potions_obtained":["Weak Potion","Fire Potion"],"gold_loss":0,"cards_obtained":[]},{"damage_healed":16,"gold_gain":0,"player_choice":"Writhe","damage_taken":0,"max_hp_gain":0,"max_hp_loss":0,"event_name":"Winding Halls","floor":46,"gold_loss":0,"cards_obtained":["Writhe"]},{"damage_healed":0,"gold_gain":0,"player_choice":"Upgraded","damage_taken":0,"max_hp_gain":0,"max_hp_loss":0,"event_name":"Upgrade Shrine","floor":47,"gold_loss":0,"cards_upgraded":["Adrenaline"]}],"is_beta":true,"boss_relics":[{"not_picked":["Runic Pyramid","Lizard Tail"],"picked":"Philosopher\u0027s Stone"},{"not_picked":["Eternal Feather","WristBlade"],"picked":"Calling Bell"}],"items_purged_floors":[36],"is_endless":false,"potions_floor_spawned":[1,10,20,23,31,33,40,42,48],"killed_by":"Donu and Deca","ascension_level":1}