{"gold_per_floor":[117,129,129,94,113,113,168,93,93,120,120,120,155,167,167,239,239,239,239,239,239,239,239,85,85,85,85,85,10,10,10,10,10,10,10,10,10,10,10,10],"floor_reached":40,"playtime":3684,"items_purged":["Strike_G","Strike_G+1"],"score":880,"play_id":"7f53b7d6-377a-46db-b9ee-4ca82bf370c1","local_time":"20181117100326","is_ascension_mode":true,"campfire_choices":[{"data":"Neutralize","floor":6,"key":"SMITH"},{"data":"Poisoned Stab","floor":12,"key":"SMITH"},{"floor":15,"key":"REST"},{"floor":23,"key":"REST"},{"data":"Noxious Fumes","floor":27,"key":"SMITH"},{"floor":30,"key":"REST"},{"floor":32,"key":"REST"}],"neow_cost":"TEN_PERCENT_HP_LOSS","seed_source_timestamp":222442767013834,"circlet_count":0,"master_deck":["AscendersBane","Defend_G+1","Defend_G+1","Defend_G+1","Defend_G+1","Defend_G+1","Strike_G+1","Strike_G+1","Survivor","Neutralize+1","Dash","Well Laid Plans","Poisoned Stab+1","Dagger Throw","Poisoned Stab","Predator","Cloak And Dagger","Envenom","Noxious Fumes+1","PiercingWail","Infinite Blades","Crippling Poison+1","PiercingWail","Night Terror","Deflect+1","Blind","Backflip","Dodge and Roll"],"relics":["Ring of the Snake","Shovel","WingedGreaves","Tiny Chest","Question Card","Pear","Vajra","Ectoplasm","Potion Belt","Mango","White Beast Statue","FossilizedHelix"],"potions_floor_usage":[7,10,25,33,39,39,40,40,40,40,40],"damage_taken":[{"damage":7,"enemies":"Jaw Worm","floor":1,"turns":6},{"damage":0,"enemies":"2 Louse","floor":2,"turns":3},{"damage":0,"enemies":"Small Slimes","floor":5,"turns":4},{"damage":19,"enemies":"3 Sentries","floor":7,"turns":14},{"damage":15,"enemies":"Lagavulin","floor":10,"turns":9},{"damage":24,"enemies":"Gremlin Nob","floor":13,"turns":4},{"damage":1,"enemies":"Blue Slaver","floor":14,"turns":4},{"damage":33,"enemies":"Hexaghost","floor":16,"turns":11},{"damage":8,"enemies":"Spheric Guardian","floor":18,"turns":4},{"damage":8,"enemies":"Chosen","floor":22,"turns":4},{"damage":17,"enemies":"Book of Stabbing","floor":25,"turns":6},{"damage":32,"enemies":"Slavers","floor":28,"turns":6},{"damage":3,"enemies":"Snake Plant","floor":31,"turns":5},{"damage":52,"enemies":"Champ","floor":33,"turns":15},{"damage":1,"enemies":"3 Darklings","floor":35,"turns":7},{"damage":0,"enemies":"Mind Bloom Boss Battle","floor":37,"turns":8},{"damage":0,"enemies":"Orb Walker","floor":38,"turns":5},{"damage":56,"enemies":"Transient","floor":39,"turns":6},{"damage":11,"enemies":"Reptomancer","floor":40,"turns":4}],"seed_played":"4960288988406097670","potions_obtained":[{"floor":2,"key":"SkillPotion"},{"floor":5,"key":"FairyPotion"},{"floor":7,"key":"EssenceOfSteel"},{"floor":22,"key":"SmokeBomb"},{"floor":33,"key":"Dexterity Potion"},{"floor":35,"key":"GamblersBrew"},{"floor":37,"key":"GamblersBrew"},{"floor":38,"key":"Block Potion"},{"floor":39,"key":"EntropicBrew"}],"is_trial":false,"path_per_floor":["M","M","?","?","M","R","E","$","T","E","?","R","E","M","R","B",null,"M","?","?","?","M","R","$","E","T","R","E","?","R","M","R","B",null,"M","?","?","M","M","E"],"character_chosen":"THE_SILENT","items_purchased":["Dexterity Potion"],"campfire_rested":4,"item_purchase_floors":[24],"current_hp_per_floor":[52,52,41,56,56,56,37,37,37,32,32,32,8,7,28,3,53,45,45,45,45,37,58,58,41,41,41,23,23,48,45,70,18,68,67,67,67,67,11,0],"gold":10,"neow_bonus":"ONE_RARE_RELIC","is_prod":false,"is_daily":false,"chose_seed":false,"campfire_upgraded":3,"win_rate":0,"timestamp":1542467006,"path_taken":["M","M","?","?","M","R","E","$","T","E","?","R","E","M","R","BOSS","M","?","?","?","?","R","$","E","T","R","E","?","R","M","R","BOSS","M","?","?","M","M","E"],"build_version":"2018-11-15","purchased_purges":2,"victory":false,"max_hp_per_floor":[60,60,60,60,60,60,60,60,60,70,70,70,70,70,70,70,70,70,70,70,70,70,70,70,70,70,70,84,84,84,84,84,84,84,84,84,84,84,84,84],"card_choices":[{"not_picked":["Blade Dance","Backstab"],"picked":"Dash","floor":1},{"not_picked":["Predator","Deadly Poison"],"picked":"Well Laid Plans","floor":2},{"not_picked":["Outmaneuver","Choke"],"picked":"Poisoned Stab","floor":5},{"not_picked":["Well Laid Plans","Slice"],"picked":"Dagger Throw","floor":7},{"not_picked":["Tactician","Dagger Throw","Deadly Poison"],"picked":"Poisoned Stab","floor":10},{"not_picked":["Blade Dance","Deadly Poison","Dagger Throw"],"picked":"Predator","floor":13},{"not_picked":["Setup","Sucker Punch","Poisoned Stab"],"picked":"Cloak And Dagger","floor":14},{"not_picked":["Unload","Night Terror","Burst"],"picked":"Envenom","floor":16},{"not_picked":["Underhanded Strike","Quick Slash","Deadly Poison"],"picked":"Noxious Fumes","floor":18},{"not_picked":["Flying Knee","Deflect","Poisoned Stab"],"picked":"Infinite Blades","floor":22},{"not_picked":["Accuracy","Outmaneuver","Terror+1"],"picked":"Crippling Poison+1","floor":28},{"not_picked":["Bouncing Flask","Eviscerate","Flechettes"],"picked":"PiercingWail","floor":31},{"not_picked":["Envenom","Grand Finale","Tools of the Trade"],"picked":"Night Terror","floor":33},{"not_picked":["Sucker Punch","Slice","Blade Dance"],"picked":"Deflect+1","floor":35},{"not_picked":["Trip","Madness","Jack Of All Trades"],"picked":"Blind","floor":36},{"not_picked":["Blur","Dagger Spray","Unload"],"picked":"Backflip","floor":37},{"not_picked":["Deadly Poison","Acrobatics","Bane"],"picked":"Dodge and Roll","floor":38},{"not_picked":["Dagger Spray","Deflect","Choke","Underhanded Strike"],"picked":"SKIP","floor":39}],"player_experience":979876,"relics_obtained":[{"floor":7,"key":"Tiny Chest"},{"floor":9,"key":"Question Card"},{"floor":10,"key":"Pear"},{"floor":13,"key":"Vajra"},{"floor":26,"key":"Potion Belt"},{"floor":28,"key":"Mango"},{"floor":37,"key":"FossilizedHelix"}],"event_choices":[{"damage_healed":0,"gold_gain":0,"player_choice":"Success","damage_taken":11,"relics_obtained":["WingedGreaves"],"max_hp_gain":0,"max_hp_loss":0,"event_name":"Scrap Ooze","floor":3,"gold_loss":0},{"damage_healed":15,"gold_gain":0,"player_choice":"Healed","damage_taken":0,"max_hp_gain":0,"max_hp_loss":0,"event_name":"The Cleric","floor":4,"gold_loss":35},{"damage_healed":0,"gold_gain":0,"player_choice":"Ignored","damage_taken":0,"max_hp_gain":0,"max_hp_loss":0,"event_name":"Liars Game","floor":11,"gold_loss":0},{"damage_healed":0,"gold_gain":0,"player_choice":"Read","damage_taken":0,"max_hp_gain":0,"max_hp_loss":0,"event_name":"The Library","floor":19,"gold_loss":0,"cards_obtained":["PiercingWail"]},{"damage_healed":0,"gold_gain":0,"player_choice":"Simplicity","damage_taken":0,"max_hp_gain":0,"max_hp_loss":0,"event_name":"Back to Basics","floor":20,"gold_loss":0,"cards_upgraded":["Defend_G","Defend_G","Defend_G","Defend_G","Defend_G","Strike_G","Strike_G","Strike_G","Strike_G"]},{"damage_healed":0,"gold_gain":0,"player_choice":"Leave","damage_taken":0,"max_hp_gain":0,"max_hp_loss":0,"event_name":"FaceTrader","floor":21,"gold_loss":0},{"cards_removed":["Strike_G"],"damage_healed":0,"gold_gain":0,"player_choice":"Gave Gold","damage_taken":0,"max_hp_gain":0,"max_hp_loss":0,"event_name":"Beggar","floor":29,"gold_loss":75},{"damage_healed":0,"gold_gain":0,"player_choice":"Memory 1","damage_taken":0,"max_hp_gain":0,"max_hp_loss":0,"event_name":"SensoryStone","floor":36,"gold_loss":0},{"damage_healed":0,"gold_gain":0,"player_choice":"Fight","damage_taken":0,"max_hp_gain":0,"max_hp_loss":0,"event_name":"MindBloom","floor":37,"gold_loss":0}],"is_beta":true,"boss_relics":[{"not_picked":["Runic Pyramid","Lizard Tail"],"picked":"Ectoplasm"},{"not_picked":["Philosopher\u0027s Stone","Tiny House"],"picked":"White Beast Statue"}],"items_purged_floors":[8,24],"is_endless":false,"potions_floor_spawned":[2,5,7,22,33,35,37,38,39],"killed_by":"Reptomancer","ascension_level":20}