{"gold_per_floor":[111,286,286,42,62,62,87,99,111,133,160,185,197,223,235,373,385,420,470,482,108,233,233,233],"floor_reached":24,"playtime":670,"items_purged":["Doubt"],"score":285,"play_id":"9e9c4061-f762-4501-94c3-3a040fb85c26","local_time":"20190131160657","is_ascension_mode":true,"campfire_choices":[{"data":"Dagger Spray","floor":6,"key":"SMITH"},{"data":"Acrobatics","floor":8,"key":"SMITH"},{"data":"Blade Dance","floor":15,"key":"SMITH"},{"floor":23,"key":"REST"}],"neow_cost":"NONE","seed_source_timestamp":141625919495794,"circlet_count":0,"master_deck":["Defend_G","Defend_G","Defend_G","Defend_G","Defend_G","Strike_G","Strike_G","Strike_G","Strike_G","Strike_G","Survivor","Neutralize","Dagger Spray+1","Acrobatics+1","Poisoned Stab","Calculated Gamble","Blade Dance+1","Cloak And Dagger","Dagger Throw","Unload","Blade Dance","Dodge and Roll","Well Laid Plans","Madness","Cloak And Dagger+1"],"relics":["Ring of the Snake","NeowsBlessing","Ninja Scroll","Shuriken","MawBank","Pear","Golden Idol","Black Star","Red Mask","MutagenicStrength","Bag of Marbles","Shovel","Bottled Lightning"],"potions_floor_usage":[19,24,24,24],"damage_taken":[{"damage":0,"enemies":"Cultist","floor":1,"turns":1},{"damage":0,"enemies":"Jaw Worm","floor":5,"turns":1},{"damage":0,"enemies":"Gremlin Nob","floor":7,"turns":1},{"damage":4,"enemies":"Small Slimes","floor":10,"turns":2},{"damage":1,"enemies":"Blue Slaver","floor":11,"turns":3},{"damage":9,"enemies":"Exordium Wildlife","floor":12,"turns":2},{"damage":0,"enemies":"2 Fungi Beasts","floor":14,"turns":2},{"damage":38,"enemies":"Hexaghost","floor":16,"turns":8},{"damage":1,"enemies":"3 Byrds","floor":18,"turns":4},{"damage":29,"enemies":"Masked Bandits","floor":19,"turns":4},{"damage":10,"enemies":"Colosseum Slavers","floor":22,"turns":4},{"damage":16,"enemies":"Colosseum Nobs","floor":22,"turns":3},{"damage":33,"enemies":"Gremlin Leader","floor":24,"turns":6}],"seed_played":"-6732154294711689795","potions_obtained":[{"floor":10,"key":"Dexterity Potion"},{"floor":11,"key":"EntropicBrew"}],"is_trial":false,"path_per_floor":["M","?","T","$","M","R","E","R","T","M","M","M","?","M","R","B",null,"M","?","?","$","?","R","E"],"character_chosen":"THE_SILENT","items_purchased":["Shuriken","Well Laid Plans","Bag of Marbles","Madness"],"campfire_rested":1,"item_purchase_floors":[4,21,21,21],"current_hp_per_floor":[63,63,63,63,63,63,63,63,73,69,68,59,59,59,59,21,61,60,31,31,31,5,27,0],"gold":233,"neow_bonus":"THREE_ENEMY_KILL","is_prod":false,"is_daily":false,"chose_seed":false,"campfire_upgraded":3,"win_rate":0,"timestamp":1548961617,"path_taken":["M","?","?","$","M","R","E","R","T","M","M","?","?","M","R","BOSS","M","?","?","?","?","R","E"],"build_version":"2019-01-23","purchased_purges":1,"victory":false,"max_hp_per_floor":[70,70,70,70,70,70,70,70,80,80,80,80,74,74,74,74,74,74,74,74,74,74,74,74],"card_choices":[{"not_picked":["Cloak And Dagger","Riddle With Holes"],"picked":"Dagger Spray","floor":1},{"not_picked":["Bane","Deadly Poison"],"picked":"Acrobatics","floor":5},{"not_picked":["Caltrops","Corpse Explosion"],"picked":"Poisoned Stab","floor":7},{"not_picked":["Deadly Poison","Quick Slash"],"picked":"Calculated Gamble","floor":10},{"not_picked":["Heel Hook","Dagger Throw"],"picked":"Blade Dance","floor":11},{"not_picked":["PiercingWail","Outmaneuver"],"picked":"Cloak And Dagger","floor":12},{"not_picked":["Underhanded Strike","Prepared"],"picked":"Dagger Throw","floor":14},{"not_picked":["Night Terror","Phantasmal Killer"],"picked":"Unload","floor":16},{"not_picked":["Quick Slash","Expertise"],"picked":"Blade Dance","floor":18},{"not_picked":["Caltrops","Bane"],"picked":"Dodge and Roll","floor":19},{"not_picked":["Dash","Well Laid Plans"],"picked":"Cloak And Dagger+1","floor":22}],"player_experience":695275,"relics_obtained":[{"floor":3,"key":"Ninja Scroll"},{"floor":7,"key":"MawBank"},{"floor":9,"key":"Pear"},{"floor":19,"key":"Red Mask"},{"floor":22,"key":"Shovel"},{"floor":22,"key":"Bottled Lightning"}],"event_choices":[{"damage_healed":0,"gold_gain":175,"player_choice":"AGREE","damage_taken":0,"max_hp_gain":0,"max_hp_loss":0,"event_name":"Liars Game","floor":2,"gold_loss":0,"cards_obtained":["Doubt"]},{"damage_healed":0,"gold_gain":0,"player_choice":"Lose Max HP","damage_taken":0,"relics_obtained":["Golden Idol"],"max_hp_gain":0,"max_hp_loss":6,"event_name":"Golden Idol","floor":13,"gold_loss":0},{"damage_healed":0,"gold_gain":0,"player_choice":"Fought Bandits","damage_taken":0,"max_hp_gain":0,"max_hp_loss":0,"event_name":"Masked Bandits","floor":19,"gold_loss":0},{"damage_healed":0,"gold_gain":0,"player_choice":"Inject Mutagens","damage_taken":0,"relics_obtained":["MutagenicStrength"],"max_hp_gain":0,"max_hp_loss":0,"event_name":"Drug Dealer","floor":20,"gold_loss":0},{"damage_healed":0,"gold_gain":0,"player_choice":"Fight","damage_taken":0,"max_hp_gain":0,"max_hp_loss":0,"event_name":"Colosseum","floor":22,"gold_loss":0},{"damage_healed":0,"gold_gain":0,"player_choice":"Fought Nobs","damage_taken":0,"max_hp_gain":0,"max_hp_loss":0,"event_name":"Colosseum","floor":22,"gold_loss":0}],"is_beta":false,"boss_relics":[{"not_picked":["Snecko Eye","Tiny House"],"picked":"Black Star"}],"items_purged_floors":[21],"is_endless":false,"potions_floor_spawned":[10,11,19,22,22],"killed_by":"Gremlin Leader","ascension_level":6}