{"gold_per_floor":[110,130,141,153,228,228,261,281,281,281,6,26,26,36,36,131,131,144,59,7,10,10,10,42,42,68,68,68,87,87,113,113,215,215,230,230,11,21,21,21,35,35,35,35,65,92,169,187,187,187],"floor_reached":51,"playtime":3124,"items_purged":["Decay"],"score":793,"play_id":"0da16b10-609a-442d-9a5e-54ea5debc4f1","local_time":"20190310165932","is_ascension_mode":false,"campfire_choices":[{"data":"Zap","floor":6,"key":"SMITH"},{"data":"Coolheaded","floor":15,"key":"SMITH"},{"data":"Thunder Strike","floor":23,"key":"SMITH"},{"data":"Seek","floor":25,"key":"SMITH"},{"data":"Amplify","floor":27,"key":"SMITH"},{"data":"Capacitor","floor":32,"key":"SMITH"},{"data":"Defragment","floor":40,"key":"SMITH"},{"data":"Fusion","floor":42,"key":"SMITH"},{"data":"Heatsinks","floor":44,"key":"SMITH"},{"data":"Echo Form","floor":49,"key":"SMITH"}],"neow_cost":"PERCENT_DAMAGE","seed_source_timestamp":13806966655736,"circlet_count":0,"master_deck":["Defend_B","Defend_B","Defend_B","Zap+1","Dualcast","Ball Lightning","Amplify+1","Self Repair","Darkness","Coolheaded+1","Capacitor+1","Thunder Strike+1","Conserve Battery","Leap","Redo","Seek+1","Skim+1","Barrage+1","Aggregate+1","Heatsinks+1","Conserve Battery+1","Hologram+1","Undo","Leap+1","Echo Form+1","Defragment+1","Fusion+1","Turbo","Ball Lightning+1","White Noise+1","BootSequence+1"],"relics":["Cracked Core","Mummified Hand","Calipers","Oddly Smooth Stone","FossilizedHelix","Astrolabe","Ice Cream","Centennial Puzzle","Ancient Tea Set","Blood Vial","Runic Pyramid","WingedGreaves","Lantern","Bag of Preparation","Pantograph","Pear","The Courier"],"potions_floor_usage":[16,16,31,31,35,45,45],"damage_taken":[{"damage":2,"enemies":"Small Slimes","floor":1,"turns":2},{"damage":0,"enemies":"2 Louse","floor":2,"turns":3},{"damage":1,"enemies":"Cultist","floor":3,"turns":3},{"damage":0,"enemies":"Large Slime","floor":4,"turns":4},{"damage":38,"enemies":"3 Sentries","floor":7,"turns":6},{"damage":4,"enemies":"Exordium Thugs","floor":8,"turns":5},{"damage":16,"enemies":"3 Louse","floor":12,"turns":5},{"damage":0,"enemies":"Blue Slaver","floor":14,"turns":3},{"damage":10,"enemies":"Hexaghost","floor":16,"turns":10},{"damage":16,"enemies":"3 Byrds","floor":18,"turns":4},{"damage":2,"enemies":"2 Thieves","floor":21,"turns":5},{"damage":0,"enemies":"Book of Stabbing","floor":24,"turns":5},{"damage":0,"enemies":"Cultist and Chosen","floor":29,"turns":5},{"damage":12,"enemies":"Slavers","floor":31,"turns":4},{"damage":17,"enemies":"Automaton","floor":33,"turns":9},{"damage":13,"enemies":"3 Darklings","floor":35,"turns":8},{"damage":0,"enemies":"3 Shapes","floor":38,"turns":5},{"damage":0,"enemies":"Sphere and 2 Shapes","floor":41,"turns":4},{"damage":0,"enemies":"Reptomancer","floor":45,"turns":5},{"damage":0,"enemies":"Nemesis","floor":46,"turns":5},{"damage":0,"enemies":"Writhing Mass","floor":48,"turns":5},{"damage":5,"enemies":"Time Eater","floor":50,"turns":9}],"seed_played":"6863459930226066159","potions_obtained":[{"floor":4,"key":"Poison Potion"},{"floor":12,"key":"EssenceOfSteel"},{"floor":14,"key":"GamblersBrew"},{"floor":29,"key":"AttackPotion"},{"floor":30,"key":"Explosive Potion"},{"floor":31,"key":"Weak Potion"},{"floor":33,"key":"Energy Potion"},{"floor":35,"key":"AttackPotion"},{"floor":45,"key":"AttackPotion"}],"is_trial":false,"path_per_floor":["M","M","M","M","?","R","E","M","T","?","$","M","?","M","R","B",null,"M","?","$","M","?","R","E","R","T","R","?","M","?","E","R","B",null,"M","T","$","M","$","R","M","R","T","R","E","E","T","M","R","B",null],"character_chosen":"DEFECT","items_purchased":["Oddly Smooth Stone","Conserve Battery","Energy Potion","Lantern","Fusion"],"campfire_rested":0,"item_purchase_floors":[11,11,20,37,37],"current_hp_per_floor":[52,59,72,75,64,64,40,43,43,43,43,34,34,48,48,45,75,73,73,73,75,75,75,75,75,75,75,75,75,75,75,75,72,75,75,75,75,75,75,75,75,75,75,75,75,85,85,85,85,85],"gold":187,"neow_bonus":"TRANSFORM_TWO_CARDS","is_prod":false,"is_daily":false,"chose_seed":false,"campfire_upgraded":10,"win_rate":0,"timestamp":1552237172,"path_taken":["M","M","M","M","?","R","E","M","T","?","$","?","?","M","R","BOSS","M","?","$","M","?","R","E","R","T","R","?","?","?","E","R","BOSS","M","?","$","M","$","R","?","R","T","R","E","E","?","M","R","BOSS"],"build_version":"2019-02-06","purchased_purges":1,"victory":true,"max_hp_per_floor":[75,75,75,75,75,75,75,75,75,75,75,75,75,75,75,75,75,75,75,75,75,75,75,75,75,75,75,75,75,75,75,75,75,75,75,75,75,75,75,75,75,75,75,75,75,85,85,85,85,85],"card_choices":[{"not_picked":["Stack","Barrage"],"picked":"Self Repair","floor":1},{"not_picked":["Reprogram","Stack","Recycle"],"picked":"SKIP","floor":2},{"not_picked":["Compile Driver","Gash"],"picked":"Darkness","floor":3},{"not_picked":["Redo","Steam"],"picked":"Coolheaded","floor":4},{"not_picked":["Chill","Sweeping Beam"],"picked":"Capacitor","floor":7},{"not_picked":["Streamline","Redo"],"picked":"Thunder Strike","floor":8},{"not_picked":["Loop","Rebound"],"picked":"Leap","floor":12},{"not_picked":["Doom and Gloom","Beam Cell"],"picked":"Redo","floor":14},{"not_picked":["Reboot","Hyperbeam"],"picked":"Seek","floor":16},{"not_picked":["Gash+1","Beam Cell"],"picked":"Heatsinks","floor":18},{"not_picked":["Compile Driver+1","Turbo"],"picked":"Conserve Battery+1","floor":21},{"not_picked":["Hello World","Doom and Gloom+1"],"picked":"Hologram+1","floor":24},{"not_picked":["Skim","Stack"],"picked":"Undo","floor":29},{"not_picked":["Doom and Gloom+1","Rebound"],"picked":"Leap+1","floor":31},{"not_picked":["Hyperbeam","Buffer"],"picked":"Echo Form","floor":33},{"not_picked":["Go for the Eyes","Ball Lightning+1"],"picked":"Defragment","floor":35},{"not_picked":["Scrape+1","Rebound+1"],"picked":"Turbo","floor":38},{"not_picked":["Leap","Steam"],"picked":"Ball Lightning+1","floor":41},{"not_picked":["Doom and Gloom","Coolheaded+1"],"picked":"White Noise+1","floor":45},{"not_picked":["Sweeping Beam","Reboot","Scrape+1"],"picked":"SKIP","floor":46},{"not_picked":["Coolheaded","Turbo"],"picked":"BootSequence+1","floor":48}],"player_experience":1068267,"relics_obtained":[{"floor":7,"key":"Mummified Hand"},{"floor":9,"key":"Calipers"},{"floor":24,"key":"Centennial Puzzle"},{"floor":26,"key":"Ancient Tea Set"},{"floor":31,"key":"Blood Vial"},{"floor":36,"key":"WingedGreaves"},{"floor":43,"key":"Bag of Preparation"},{"floor":45,"key":"Pantograph"},{"floor":46,"key":"Pear"},{"floor":47,"key":"The Courier"}],"event_choices":[{"damage_healed":0,"gold_gain":75,"player_choice":"Gather Gold","damage_taken":11,"max_hp_gain":0,"max_hp_loss":0,"event_name":"World of Goop","floor":5,"gold_loss":0},{"damage_healed":0,"gold_gain":0,"player_choice":"Cursed","damage_taken":0,"max_hp_gain":0,"max_hp_loss":0,"event_name":"Wheel of Change","floor":10,"gold_loss":0,"cards_obtained":["Decay"]},{"damage_healed":0,"gold_gain":0,"player_choice":"Gave Potion","damage_taken":0,"relics_obtained":["FossilizedHelix"],"max_hp_gain":0,"max_hp_loss":0,"event_name":"WeMeetAgain","floor":13,"gold_loss":0},{"damage_healed":0,"gold_gain":0,"player_choice":"Obtained Relic","damage_taken":0,"relics_obtained":["Ice Cream"],"max_hp_gain":0,"max_hp_loss":0,"event_name":"Addict","floor":19,"gold_loss":85},{"damage_healed":0,"gold_gain":0,"player_choice":"Ignored","damage_taken":0,"max_hp_gain":0,"max_hp_loss":0,"event_name":"Vampires","floor":22,"gold_loss":0},{"damage_healed":0,"gold_gain":0,"player_choice":"Ignored","damage_taken":0,"max_hp_gain":0,"max_hp_loss":0,"event_name":"The Mausoleum","floor":28,"gold_loss":0},{"damage_healed":0,"gold_gain":0,"player_choice":"Got Potions","damage_taken":0,"max_hp_gain":0,"max_hp_loss":0,"event_name":"Lab","floor":30,"gold_loss":0}],"is_beta":true,"boss_relics":[{"not_picked":["Fusion Hammer","Black Star"],"picked":"Astrolabe"},{"not_picked":["Tiny House","Busted Crown"],"picked":"Runic Pyramid"}],"items_purged_floors":[11],"is_endless":false,"potions_floor_spawned":[4,12,14,29,31,33,35,41,45],"ascension_level":0}