{"gold_per_floor":[115,115,129,129,144,173,188,198,198,209,243,243,263,276,276,374,374,394,406,406,406,406,406,416,441,441,458,483,483,483],"floor_reached":30,"playtime":1299,"items_purged":[],"score":312,"play_id":"f017cf04-3632-4da9-8697-c34e8de7d90d","local_time":"20190417084224","is_ascension_mode":true,"campfire_choices":[{"floor":12,"key":"REST"},{"data":"Reaper","floor":15,"key":"SMITH"},{"data":"Armaments","floor":23,"key":"SMITH"}],"neow_cost":"CURSE","seed_source_timestamp":460577373632100,"circlet_count":0,"master_deck":["Strike_R+1","Strike_R+1","Strike_R+1","Strike_R+1","Strike_R+1","Defend_R+1","Defend_R+1","Defend_R+1","Defend_R+1","Bash","Berserk","Sword Boomerang","Shrug It Off","Anger","Reaper+1","Headbutt","Flex","Inflame","Metallicize","Shockwave","Thunderclap","Cleave","Bludgeon","Armaments+1","Pommel Strike","Anger","Twin Strike+1","Flex+1"],"relics":["Burning Blood","Omamori","Charon\u0027s Ashes","Shuriken","Snecko Eye","Enchiridion","Thread and Needle","Self Forming Clay","Champion Belt"],"potions_floor_usage":[8,11,16,25],"damage_taken":[{"damage":15,"enemies":"2 Louse","floor":1,"turns":4},{"damage":1,"enemies":"Cultist","floor":3,"turns":3},{"damage":12,"enemies":"Small Slimes","floor":5,"turns":3},{"damage":51,"enemies":"Lagavulin","floor":6,"turns":7},{"damage":15,"enemies":"2 Fungi Beasts","floor":7,"turns":3},{"damage":4,"enemies":"3 Louse","floor":8,"turns":4},{"damage":6,"enemies":"Looter","floor":10,"turns":3},{"damage":30,"enemies":"3 Sentries","floor":11,"turns":6},{"damage":20,"enemies":"2 Fungi Beasts","floor":13,"turns":3},{"damage":0,"enemies":"Exordium Wildlife","floor":14,"turns":2},{"damage":6,"enemies":"Slime Boss","floor":16,"turns":7},{"damage":17,"enemies":"3 Byrds","floor":18,"turns":4},{"damage":11,"enemies":"Spheric Guardian","floor":19,"turns":3},{"damage":6,"enemies":"Centurion and Healer","floor":24,"turns":4},{"damage":59,"enemies":"Book of Stabbing","floor":25,"turns":6},{"damage":4,"enemies":"Chosen and Byrds","floor":27,"turns":4},{"damage":17,"enemies":"Gremlin Leader","floor":28,"turns":5},{"damage":11,"enemies":"Slavers","floor":30,"turns":1}],"seed_played":"-183385951671024519","potions_obtained":[{"floor":1,"key":"Block Potion"},{"floor":3,"key":"SteroidPotion"},{"floor":8,"key":"PowerPotion"},{"floor":14,"key":"Explosive Potion"},{"floor":16,"key":"Dexterity Potion"},{"floor":24,"key":"Regen Potion"},{"floor":27,"key":"Strength Potion"}],"is_trial":false,"path_per_floor":["M","?","M","?","M","E","M","M","T","M","E","R","M","M","R","B",null,"M","M","?","?","?","R","M","E","T","M","E","?","E"],"character_chosen":"IRONCLAD","items_purchased":[],"campfire_rested":1,"item_purchase_floors":[],"current_hp_per_floor":[71,71,76,69,63,22,21,27,27,27,15,39,37,43,43,68,80,69,64,64,48,48,48,58,21,21,30,25,10,0],"gold":483,"neow_bonus":"THREE_RARE_CARDS","is_prod":false,"is_daily":false,"chose_seed":false,"campfire_upgraded":2,"win_rate":0,"timestamp":1555504944,"path_taken":["M","?","?","?","M","E","M","M","T","M","E","R","M","M","R","BOSS","M","M","?","?","?","R","M","E","T","M","E","?","E"],"build_version":"2019-01-23","purchased_purges":0,"victory":false,"max_hp_per_floor":[80,80,80,80,80,80,80,80,80,80,80,80,80,80,80,80,80,80,80,80,80,80,80,80,80,80,80,80,85,85],"card_choices":[{"not_picked":["Double Tap","Limit Break"],"picked":"Berserk","floor":0},{"not_picked":["Warcry","Twin Strike"],"picked":"Sword Boomerang","floor":1},{"not_picked":["Armaments","Pummel"],"picked":"Anger","floor":3},{"not_picked":["Metallicize","Sword Boomerang"],"picked":"Reaper","floor":5},{"not_picked":["Burning Pact","Clash"],"picked":"Headbutt","floor":6},{"not_picked":["Anger","Heavy Blade"],"picked":"Flex","floor":7},{"not_picked":["Iron Wave","Thunderclap"],"picked":"Inflame","floor":8},{"not_picked":["Dual Wield","Clash"],"picked":"Metallicize","floor":10},{"not_picked":["Headbutt","Berserk"],"picked":"Shockwave","floor":11},{"not_picked":["Sever Soul","Havoc"],"picked":"Thunderclap","floor":13},{"not_picked":["Thunderclap","Headbutt"],"picked":"Cleave","floor":14},{"not_picked":["Offering","Juggernaut"],"picked":"Bludgeon","floor":16},{"not_picked":["Searing Blow","Warcry"],"picked":"Armaments","floor":18},{"not_picked":["Reckless Charge","Perfected Strike"],"picked":"Pommel Strike","floor":19},{"not_picked":["Shockwave","Clash"],"picked":"Anger","floor":24},{"not_picked":["Shockwave","Inflame"],"picked":"Twin Strike+1","floor":25},{"not_picked":["Bloodletting","Ghostly Armor","Combust"],"picked":"SKIP","floor":27},{"not_picked":["Armaments","Disarm"],"picked":"Flex+1","floor":28}],"player_experience":94348,"relics_obtained":[{"floor":6,"key":"Omamori"},{"floor":9,"key":"Charon\u0027s Ashes"},{"floor":11,"key":"Shuriken"},{"floor":21,"key":"Enchiridion"},{"floor":25,"key":"Thread and Needle"},{"floor":26,"key":"Self Forming Clay"},{"floor":28,"key":"Champion Belt"}],"event_choices":[{"damage_healed":0,"gold_gain":0,"player_choice":"1 cards matched","damage_taken":0,"max_hp_gain":0,"max_hp_loss":0,"event_name":"Match and Keep!","floor":2,"gold_loss":0,"cards_obtained":["Shrug It Off"]},{"cards_removed":["Clumsy"],"damage_healed":0,"gold_gain":0,"player_choice":"Card Removal","damage_taken":7,"max_hp_gain":0,"max_hp_loss":0,"event_name":"Golden Wing","floor":4,"gold_loss":0},{"damage_healed":0,"gold_gain":0,"player_choice":"Ignored","damage_taken":0,"max_hp_gain":0,"max_hp_loss":0,"event_name":"Beggar","floor":20,"gold_loss":0},{"damage_healed":0,"gold_gain":0,"player_choice":"Obtained Book","damage_taken":16,"max_hp_gain":0,"max_hp_loss":0,"event_name":"Cursed Tome","floor":21,"gold_loss":0},{"damage_healed":0,"gold_gain":0,"player_choice":"Simplicity","damage_taken":0,"max_hp_gain":0,"max_hp_loss":0,"event_name":"Back to Basics","floor":22,"gold_loss":0,"cards_upgraded":["Strike_R","Strike_R","Strike_R","Strike_R","Strike_R","Defend_R","Defend_R","Defend_R","Defend_R"]},{"damage_healed":0,"gold_gain":0,"player_choice":"Shed Blood","damage_taken":20,"max_hp_gain":5,"max_hp_loss":0,"event_name":"Forgotten Altar","floor":29,"gold_loss":0}],"is_beta":false,"boss_relics":[{"not_picked":["White Beast Statue","Fusion Hammer"],"picked":"Snecko Eye"}],"items_purged_floors":[],"is_endless":false,"potions_floor_spawned":[1,3,8,14,16,24,27],"killed_by":"Slavers","ascension_level":2}