{"gold_per_floor":[118,118,128,78,78,78,96,135,135,169,188,221,221,221,221,342,342,356,380,398,104,117,158,158,193,219,219,219,144,218,239,239,359,359,378,378,31,156,519,519,550,564,587,628,628,628,662,677,677,677,677,677,234,270,270],"floor_reached":56,"playtime":3517,"items_purged":["Strike_B","Defend_B"],"score":1484,"play_id":"e794e953-1d31-42ec-8672-4426a138e310","local_time":"20190212171335","is_ascension_mode":false,"campfire_choices":[{"data":"Consume","floor":6.0,"key":"SMITH"},{"data":"Loop","floor":13.0,"key":"SMITH"},{"data":"Hologram","floor":15.0,"key":"SMITH"},{"floor":24.0,"key":"REST"},{"floor":28.0,"key":"REST"},{"data":"Defragment","floor":32.0,"key":"SMITH"},{"floor":40.0,"key":"REST"},{"floor":49,"key":"RECALL"},{"data":"Defend_B","floor":52,"key":"PURGE"}],"neow_cost":"NONE","seed_source_timestamp":0,"circlet_count":0,"master_deck":["Zap+1","Dualcast","Glacier","Consume+1","Chill","Steam","Hologram+1","Loop+1","Echo Form","Sweeping Beam","Hologram+1","Sweeping Beam+1","Defragment+1","Doom and Gloom","Multi-Cast","Loop+1","Ball Lightning","Go for the Eyes+1","Fission","Go for the Eyes+1","Double Energy+1","Genetic Algorithm+1","Capacitor+1","Compile Driver","Ball Lightning+1","Glacier+1","Coolheaded+1","Darkness+1","Coolheaded+1","Capacitor"],"special_seed":0,"relics":["Cracked Core","Peace Pipe","Golden Idol","Pocketwatch","Matryoshka","Sundial","Centennial Puzzle","Philosopher\u0027s Stone","Bronze Scales","Anchor","Juzu Bracelet","Dodecahedron","Regal Pillow","Pantograph","Tiny Chest","Astrolabe","OrangePellets","Thread and Needle","Old Coin","Lantern","Bag of Marbles","Orichalcum","Prayer Wheel","Omamori","Vajra","Pen Nib","Bottled Lightning"],"potions_floor_usage":[54,55,55],"damage_taken":[{"damage":5.0,"enemies":"Small Slimes","floor":1.0,"turns":3.0},{"damage":0.0,"enemies":"Cultist","floor":3.0,"turns":4.0},{"damage":0.0,"enemies":"Jaw Worm","floor":7.0,"turns":3.0},{"damage":16.0,"enemies":"Gremlin Nob","floor":8.0,"turns":3.0},{"damage":18.0,"enemies":"3 Sentries","floor":10.0,"turns":10.0},{"damage":0.0,"enemies":"Large Slime","floor":11.0,"turns":4.0},{"damage":8.0,"enemies":"Lagavulin","floor":12.0,"turns":6.0},{"damage":2.0,"enemies":"Slime Boss","floor":16.0,"turns":9.0},{"damage":25.0,"enemies":"3 Byrds","floor":18.0,"turns":4.0},{"damage":7.0,"enemies":"Chosen","floor":19.0,"turns":3.0},{"damage":5.0,"enemies":"Centurion and Healer","floor":20.0,"turns":6.0},{"damage":6.0,"enemies":"Snake Plant","floor":22.0,"turns":4.0},{"damage":1.0,"enemies":"Gremlin Leader","floor":23.0,"turns":5.0},{"damage":18.0,"enemies":"Slavers","floor":25.0,"turns":4.0},{"damage":0.0,"enemies":"Gremlin Leader","floor":30.0,"turns":4.0},{"damage":0.0,"enemies":"Shelled Parasite and Fungi","floor":31.0,"turns":4.0},{"damage":25.0,"enemies":"Collector","floor":33.0,"turns":7.0},{"damage":0.0,"enemies":"3 Shapes","floor":35.0,"turns":4.0},{"damage":3.0,"enemies":"Mind Bloom Boss Battle","floor":38.0,"turns":6.0},{"damage":30.0,"enemies":"2 Orb Walkers","floor":39.0,"turns":5.0},{"damage":0.0,"enemies":"Giant Head","floor":41.0,"turns":9.0},{"damage":0.0,"enemies":"3 Darklings","floor":42.0,"turns":4.0},{"damage":0.0,"enemies":"Reptomancer","floor":44.0,"turns":6.0},{"damage":0.0,"enemies":"Giant Head","floor":47.0,"turns":7.0},{"damage":5,"enemies":"Writhing Mass","floor":48,"turns":5},{"damage":20,"enemies":"Awakened One","floor":50,"turns":13},{"damage":0,"enemies":"Shield and Spear","floor":54,"turns":9},{"damage":29,"enemies":"The Heart","floor":55,"turns":9}],"seed_played":"8353626036211160758","potions_obtained":[{"floor":1.0,"key":"Fire Potion"},{"floor":7.0,"key":"Ancient Potion"},{"floor":10.0,"key":"Dexterity Potion"},{"floor":11.0,"key":"Energy Potion"},{"floor":19.0,"key":"Weak Potion"},{"floor":22.0,"key":"Swift Potion"},{"floor":30.0,"key":"FearPotion"},{"floor":33.0,"key":"SpeedPotion"},{"floor":38.0,"key":"GamblersBrew"},{"floor":41.0,"key":"Energy Potion"},{"floor":44.0,"key":"LiquidBronze"},{"floor":48,"key":"FocusPotion"}],"is_trial":false,"path_per_floor":["M","?","M","?","?","R","M","E","T","E","M","E","R","?","R","B",null,"M","M","M","$","M","E","R","E","T","?","R","?","E","M","R","B",null,"M","?","$","?","?","R","E","M","T","E","T","?","E","M","R","B",null,"R","$","E","B",null],"character_chosen":"DEFECT","items_purchased":["Bronze Scales","Defragment","Compile Driver","OrangePellets","Capacitor","Energy Potion","Vajra","Pen Nib"],"campfire_rested":3,"item_purchase_floors":[21,21,37,37,53,53,53,53],"current_hp_per_floor":[70,67,67,67,67,67,67,51,51,33,33,25,25,25,25,23,69,44,37,32,32,26,25,45,27,27,27,62,62,62,62,62,44,69,69,69,69,66,36,69,69,69,69,69,69,69,69,64,64,49,69,69,69,69,40],"gold":270,"neow_bonus":"UPGRADE_CARD","is_prod":false,"is_daily":false,"chose_seed":false,"campfire_upgraded":4,"win_rate":0,"timestamp":1549991615,"path_taken":["M","?","M","?","?","R","M","E","T","E","M","E","R","?","R","BOSS","M","M","M","$","?","E","R","E","T","?","R","?","E","M","R","BOSS","M","?","$","?","?","R","E","M","T","E","?","?","E","M","R","BOSS","R","$","E","BOSS"],"build_version":"2019-02-06","purchased_purges":2,"victory":true,"max_hp_per_floor":[75,75,75,75,69,69,69,69,69,69,69,69,69,69,69,69,69,69,69,69,69,69,69,69,69,69,69,69,69,69,69,69,69,69,69,69,69,69,69,69,69,69,69,69,69,69,69,69,69,69,69,69,69,69,69],"card_choices":[{"not_picked":["White Noise","Loop"],"picked":"Glacier","floor":1.0},{"not_picked":["Coolheaded","Leap"],"picked":"Consume","floor":3.0},{"not_picked":["Lockon","Glacier"],"picked":"Chill","floor":7.0},{"not_picked":["Rebound","Reprogram"],"picked":"Steam","floor":8.0},{"not_picked":["Stack","Scrape"],"picked":"Hologram","floor":10.0},{"not_picked":["Defragment","Gash"],"picked":"Loop","floor":11.0},{"not_picked":["Rebound","Conserve Battery","Chaos"],"picked":"SKIP","floor":12.0},{"not_picked":["Core Surge","Rainbow"],"picked":"Echo Form","floor":16.0},{"not_picked":["Ball Lightning","Static Discharge"],"picked":"Sweeping Beam","floor":18.0},{"not_picked":["Fusion","Sweeping Beam"],"picked":"Hologram+1","floor":19.0},{"not_picked":["Aggregate","Doom and Gloom+1"],"picked":"Sweeping Beam+1","floor":20.0},{"not_picked":["Barrage+1","Fusion"],"picked":"Doom and Gloom","floor":22.0},{"not_picked":["Hologram","Turbo"],"picked":"Multi-Cast","floor":23.0},{"not_picked":["Redo","Beam Cell+1"],"picked":"Loop+1","floor":25.0},{"not_picked":["Steam","Buffer"],"picked":"Ball Lightning","floor":30.0},{"not_picked":["Redo","Gash"],"picked":"Go for the Eyes+1","floor":31.0},{"not_picked":["Reboot","Hyperbeam"],"picked":"Fission","floor":33.0},{"not_picked":["Compile Driver","Hologram+1"],"picked":"Capacitor","floor":35.0},{"not_picked":["Genetic Algorithm+1","Leap"],"picked":"Ball Lightning+1","floor":39.0},{"not_picked":["Hyperbeam","Reprogram"],"picked":"Glacier+1","floor":41.0},{"not_picked":["Stack","Conserve Battery+1"],"picked":"Coolheaded+1","floor":42.0},{"not_picked":["Melter","Sunder","Beam Cell"],"picked":"SKIP","floor":44.0},{"not_picked":["Conserve Battery+1","Double Energy+1"],"picked":"Darkness+1","floor":47},{"not_picked":["Redo","Rebound"],"picked":"Coolheaded+1","floor":48},{"not_picked":["Steam","Beam Cell+1","Loop+1"],"picked":"SKIP","floor":48},{"not_picked":["Streamline","Leap","Compile Driver"],"picked":"SKIP","floor":54}],"player_experience":875054,"relics_obtained":[{"floor":8.0,"key":"Pocketwatch"},{"floor":9.0,"key":"Matryoshka"},{"floor":10.0,"key":"Sundial"},{"floor":12.0,"key":"Centennial Puzzle"},{"floor":23.0,"key":"Anchor"},{"floor":25.0,"key":"Juzu Bracelet"},{"floor":26.0,"key":"Dodecahedron"},{"floor":26.0,"key":"Regal Pillow"},{"floor":30.0,"key":"Tiny Chest"},{"floor":38.0,"key":"Thread and Needle"},{"floor":39.0,"key":"Old Coin"},{"floor":41.0,"key":"Lantern"},{"floor":43.0,"key":"Bag of Marbles"},{"floor":44.0,"key":"Orichalcum"},{"floor":45.0,"key":"Prayer Wheel"},{"floor":47,"key":"Omamori"},{"floor":54,"key":"Bottled Lightning"}],"event_choices":[{"damage_healed":0.0,"max_hp_gain":0.0,"max_hp_loss":0.0,"gold_gain":0.0,"event_name":"Scrap Ooze","player_choice":"Success","floor":2.0,"gold_loss":0.0,"damage_taken":3.0,"relics_obtained":["Peace Pipe"]},{"cards_removed":["Defend_B"],"damage_healed":0.0,"max_hp_gain":0.0,"max_hp_loss":0.0,"gold_gain":0.0,"event_name":"The Cleric","player_choice":"Card Removal","floor":4.0,"gold_loss":50.0,"damage_taken":0.0},{"damage_healed":0.0,"max_hp_gain":0.0,"max_hp_loss":6.0,"gold_gain":0.0,"event_name":"Golden Idol","player_choice":"Lose Max HP","floor":5.0,"gold_loss":0.0,"damage_taken":0.0,"relics_obtained":["Golden Idol"]},{"damage_healed":0.0,"max_hp_gain":0.0,"max_hp_loss":0.0,"gold_gain":0.0,"event_name":"NoteForYourself","player_choice":"Ignored","floor":14.0,"gold_loss":0.0,"damage_taken":0.0},{"damage_healed":0.0,"max_hp_gain":0.0,"max_hp_loss":0.0,"gold_gain":0.0,"event_name":"The Mausoleum","player_choice":"Opened","floor":27.0,"gold_loss":0.0,"damage_taken":0.0,"relics_obtained":["Pantograph"]},{"cards_removed":["Strike_B"],"damage_healed":0.0,"max_hp_gain":0.0,"max_hp_loss":0.0,"gold_gain":0.0,"event_name":"Beggar","player_choice":"Gave Gold","floor":29.0,"gold_loss":75.0,"damage_taken":0.0},{"damage_healed":0.0,"max_hp_gain":0.0,"max_hp_loss":0.0,"gold_gain":0.0,"event_name":"Tomb of Lord Red Mask","player_choice":"Ignored","floor":36.0,"gold_loss":0.0,"damage_taken":0.0},{"damage_healed":0.0,"max_hp_gain":0.0,"max_hp_loss":0.0,"gold_gain":0.0,"event_name":"MindBloom","player_choice":"Fight","floor":38.0,"gold_loss":0.0,"damage_taken":0.0},{"damage_healed":0.0,"max_hp_gain":0.0,"max_hp_loss":0.0,"gold_gain":0.0,"event_name":"Mysterious Sphere","player_choice":"Fight","floor":39.0,"gold_loss":0.0,"damage_taken":0.0},{"damage_healed":0.0,"max_hp_gain":0.0,"max_hp_loss":0.0,"gold_gain":0.0,"event_name":"Accursed Blacksmith","player_choice":"Forge","floor":46.0,"gold_loss":0.0,"damage_taken":0.0,"cards_upgraded":["Capacitor"]}],"is_beta":true,"boss_relics":[{"not_picked":["Lizard Tail","Runic Pyramid"],"picked":"Philosopher\u0027s Stone"},{"not_picked":["Runic Dome","Sozu"],"picked":"Astrolabe"}],"items_purged_floors":[21,37],"is_endless":false,"potions_floor_spawned":[1,7,10,11,19,22,30,33,38,41,44,48],"ascension_level":0}