{"gold_per_floor":[118,134,151,251,1,35,35,60,60,94,114,134,0,17,17,122,122,137,137,137,150,52,52,86,11,36,52,2,19,47,64,64,161,161,171,189,55,65,15,45,45,45,68,68,101,51,104,116,116,116,116,116,30,30],"floor_reached":54,"playtime":3084,"items_purged":["Strike_R","Strike_R","Strike_R","Strike_R","Defend_R","Defend_R","Writhe"],"score":780,"play_id":"4fec26aa-7623-409f-abd2-87e4be036284","local_time":"20190501211608","is_ascension_mode":false,"campfire_choices":[{"data":"Whirlwind","floor":7,"key":"SMITH"},{"data":"Flex","floor":15,"key":"SMITH"},{"data":"Panacea","floor":23,"key":"SMITH"},{"data":"Flame Barrier","floor":32,"key":"SMITH"},{"data":"Metallicize","floor":41,"key":"SMITH"},{"data":"Heavy Blade","floor":44,"key":"SMITH"},{"floor":49,"key":"RECALL"},{"data":"Barricade","floor":52,"key":"SMITH"}],"neow_cost":"NONE","seed_source_timestamp":293326726889551,"circlet_count":0,"master_deck":["Defend_R","Defend_R","Bash+1","Heavy Blade+1","Flame Barrier+1","Whirlwind+1","Pommel Strike","Shrug It Off","Battle Trance","Flex+1","Metallicize+1","Panacea+1","Berserk","Spot Weakness","Shrug It Off","Battle Trance+1","Uppercut+1","Barricade+1","Headbutt","Dropkick+1","Flash of Steel","Havoc+1","Madness","Madness","Armaments+1","Heavy Blade+1","Flame Barrier+1","Dropkick"],"relics":["Black Blood","Self Forming Clay","Anchor","Darkstone Periapt","Pen Nib","Smiling Mask","Shovel","Ornamental Fan","Regal Pillow","Ginger","Philosopher\u0027s Stone","Happy Flower","Bottled Lightning","Prayer Wheel"],"potions_floor_usage":[6,10,12,16,24,24,30,31,47,50,50],"damage_taken":[{"damage":1,"enemies":"2 Louse","floor":1,"turns":2},{"damage":6,"enemies":"Cultist","floor":2,"turns":3},{"damage":6,"enemies":"Jaw Worm","floor":3,"turns":3},{"damage":18,"enemies":"3 Sentries","floor":6,"turns":5},{"damage":28,"enemies":"Lagavulin","floor":8,"turns":6},{"damage":14,"enemies":"Gremlin Nob","floor":10,"turns":5},{"damage":0,"enemies":"Looter","floor":11,"turns":3},{"damage":4,"enemies":"Gremlin Gang","floor":12,"turns":3},{"damage":0,"enemies":"2 Fungi Beasts","floor":14,"turns":3},{"damage":17,"enemies":"Hexaghost","floor":16,"turns":11},{"damage":0,"enemies":"Chosen","floor":18,"turns":3},{"damage":0,"enemies":"3 Byrds","floor":21,"turns":3},{"damage":24,"enemies":"Gremlin Leader","floor":24,"turns":7},{"damage":0,"enemies":"3 Cultists","floor":27,"turns":3},{"damage":0,"enemies":"Centurion and Healer","floor":29,"turns":5},{"damage":4,"enemies":"Slavers","floor":30,"turns":6},{"damage":0,"enemies":"Snecko","floor":31,"turns":4},{"damage":45,"enemies":"Champ","floor":33,"turns":10},{"damage":15,"enemies":"3 Darklings","floor":35,"turns":5},{"damage":12,"enemies":"Orb Walker","floor":36,"turns":4},{"damage":4,"enemies":"Writhing Mass","floor":38,"turns":5},{"damage":0,"enemies":"Giant Head","floor":40,"turns":6},{"damage":34,"enemies":"Nemesis","floor":45,"turns":9},{"damage":36,"enemies":"2 Orb Walkers","floor":47,"turns":5},{"damage":0,"enemies":"3 Darklings","floor":48,"turns":5},{"damage":22,"enemies":"Donu and Deca","floor":50,"turns":11},{"damage":88,"enemies":"Shield and Spear","floor":54,"turns":6}],"seed_played":"-2773266273212112752","potions_obtained":[{"floor":1,"key":"SteroidPotion"},{"floor":6,"key":"SkillPotion"},{"floor":10,"key":"Fire Potion"},{"floor":11,"key":"SkillPotion"},{"floor":12,"key":"Swift Potion"},{"floor":18,"key":"Swift Potion"},{"floor":24,"key":"FearPotion"},{"floor":29,"key":"EssenceOfSteel"},{"floor":30,"key":"Ancient Potion"},{"floor":33,"key":"SteroidPotion"},{"floor":38,"key":"EssenceOfSteel"},{"floor":48,"key":"Ancient Potion"}],"is_trial":false,"path_per_floor":["M","M","M","?","$","E","R","E","T","E","M","M","$","M","R","B",null,"M","?","?","M","$","R","E","?","T","M","$","M","E","M","R","B",null,"M","M","$","M","$","E","R","?","T","R","E","$","?","M","R","B",null,"R","$","E"],"character_chosen":"IRONCLAD","items_purchased":["Self Forming Clay","Panacea","Fire Potion","Flash of Steel","Dropkick"],"campfire_rested":0,"item_purchase_floors":[5,13,22,37,53],"current_hp_per_floor":[80,80,80,80,80,68,68,46,46,38,44,46,46,52,52,41,80,80,86,86,86,86,86,72,72,72,82,82,86,86,86,86,51,86,81,79,79,85,85,86,86,75,75,75,51,51,25,35,35,23,86,86,86,0],"gold":30,"neow_bonus":"UPGRADE_CARD","is_prod":false,"is_daily":false,"chose_seed":false,"campfire_upgraded":7,"win_rate":0,"timestamp":1556741768,"path_taken":["M","M","M","?","?","E","R","E","T","E","M","M","$","M","R","BOSS","M","?","?","?","$","R","E","?","T","M","$","M","E","M","R","BOSS","M","M","$","M","$","E","R","?","T","R","E","$","?","M","R","BOSS","R","$","E"],"build_version":"2019-04-23","purchased_purges":7,"victory":false,"max_hp_per_floor":[80,80,80,80,80,80,80,80,80,80,80,80,80,80,80,80,80,80,86,86,86,86,86,86,86,86,86,86,86,86,86,86,86,86,86,86,86,86,86,86,86,86,86,86,86,86,86,86,86,86,86,86,86,86],"card_choices":[{"not_picked":["Ghostly Armor","Armaments"],"picked":"Heavy Blade","floor":1},{"not_picked":["Thunderclap","Sword Boomerang"],"picked":"Flame Barrier","floor":2},{"not_picked":["Heavy Blade","True Grit"],"picked":"Whirlwind","floor":3},{"not_picked":["Corruption","Combust"],"picked":"Pommel Strike","floor":6},{"not_picked":["Entrench","Impervious"],"picked":"Shrug It Off","floor":8},{"not_picked":["Metallicize","Dual Wield"],"picked":"Battle Trance","floor":10},{"not_picked":["Searing Blow","Thunderclap"],"picked":"Flex","floor":11},{"not_picked":["Dark Embrace","Havoc"],"picked":"Metallicize","floor":12},{"not_picked":["Fire Breathing","Carnage","Iron Wave"],"picked":"SKIP","floor":14},{"not_picked":["Double Tap","Barricade"],"picked":"Berserk","floor":16},{"not_picked":["Anger","Thunderclap"],"picked":"Spot Weakness","floor":18},{"not_picked":["Armaments","Perfected Strike+1","Shrug It Off"],"picked":"SKIP","floor":21},{"not_picked":["True Grit","Infernal Blade","Battle Trance"],"picked":"SKIP","floor":24},{"not_picked":["Corruption","Sword Boomerang","Searing Blow+1"],"picked":"SKIP","floor":27},{"not_picked":["Warcry","Anger+1","Clothesline"],"picked":"SKIP","floor":29},{"not_picked":["Inflame","Havoc"],"picked":"Battle Trance+1","floor":30},{"not_picked":["Heavy Blade","Iron Wave"],"picked":"Uppercut+1","floor":31},{"not_picked":["Exhume","Juggernaut"],"picked":"Barricade","floor":33},{"not_picked":["Thunderclap","Sword Boomerang+1"],"picked":"Headbutt","floor":35},{"not_picked":["Hemokinesis+1","Thunderclap"],"picked":"Dropkick+1","floor":36},{"not_picked":["Rage","Perfected Strike"],"picked":"Havoc+1","floor":38},{"not_picked":["Anger+1","Fiend Fire","Perfected Strike"],"picked":"SKIP","floor":40},{"not_picked":["Disarm","Perfected Strike+1"],"picked":"Armaments+1","floor":45},{"not_picked":["Pummel+1","Sentinel+1"],"picked":"Heavy Blade+1","floor":47},{"not_picked":["Wild Strike+1","Spot Weakness"],"picked":"Flame Barrier+1","floor":48},{"not_picked":["Combust","Headbutt+1","Wild Strike+1"],"picked":"SKIP","floor":48}],"player_experience":1265219,"relics_obtained":[{"floor":6,"key":"Anchor"},{"floor":8,"key":"Darkstone Periapt"},{"floor":9,"key":"Pen Nib"},{"floor":10,"key":"Smiling Mask"},{"floor":24,"key":"Ornamental Fan"},{"floor":26,"key":"Regal Pillow"},{"floor":30,"key":"Ginger"},{"floor":40,"key":"Happy Flower"},{"floor":45,"key":"Bottled Lightning"},{"floor":47,"key":"Prayer Wheel"}],"event_choices":[{"damage_healed":0,"gold_gain":100,"player_choice":"Pray","damage_taken":0,"max_hp_gain":0,"max_hp_loss":0,"event_name":"Golden Shrine","floor":4,"gold_loss":0},{"damage_healed":0,"gold_gain":0,"player_choice":"Opened","damage_taken":0,"relics_obtained":["Shovel"],"max_hp_gain":0,"max_hp_loss":0,"event_name":"The Mausoleum","floor":19,"gold_loss":0,"cards_obtained":["Writhe"]},{"damage_healed":0,"gold_gain":0,"player_choice":"Copied","damage_taken":0,"max_hp_gain":0,"max_hp_loss":0,"event_name":"Duplicator","floor":20,"gold_loss":0,"cards_obtained":["Shrug It Off"]},{"cards_removed":["Strike_R"],"damage_healed":0,"gold_gain":0,"player_choice":"Gave Gold","damage_taken":0,"max_hp_gain":0,"max_hp_loss":0,"event_name":"Beggar","floor":25,"gold_loss":75},{"damage_healed":0,"gold_gain":0,"player_choice":"Embrace Madness","damage_taken":11,"max_hp_gain":0,"max_hp_loss":0,"event_name":"Winding Halls","floor":42,"gold_loss":0,"cards_obtained":["Madness","Madness"]},{"damage_healed":0,"gold_gain":0,"player_choice":"Fight","damage_taken":0,"max_hp_gain":0,"max_hp_loss":0,"event_name":"Mysterious Sphere","floor":47,"gold_loss":0}],"is_beta":true,"boss_relics":[{"not_picked":["Ectoplasm","Runic Cube"],"picked":"Black Blood"},{"not_picked":["Fusion Hammer","Tiny House"],"picked":"Philosopher\u0027s Stone"}],"items_purged_floors":[13,22,28,37,39,46,53],"is_endless":false,"potions_floor_spawned":[1,6,10,11,12,18,24,29,30,33,36,38,45,48],"killed_by":"Shield and Spear","ascension_level":0}