{"gold_per_floor":[112,73,85,65,83,83,99,115,115,115,127,127,52,12,12,12],"floor_reached":16,"playtime":362,"items_purged":["Strike_G"],"score":184,"play_id":"59d02876-6a26-4ea7-83b6-07ce0a029734","local_time":"20190515174109","is_ascension_mode":true,"campfire_choices":[{"data":"Neutralize","floor":6,"key":"SMITH"},{"data":"Caltrops","floor":15,"key":"SMITH"}],"neow_cost":"NONE","seed_source_timestamp":441009441398255,"circlet_count":0,"master_deck":["AscendersBane","Defend_G","Defend_G","Defend_G","Defend_G","Defend_G","Strike_G","Strike_G","Strike_G","Survivor","Neutralize+1","Well Laid Plans","Catalyst","Terror","Caltrops+1","Footwork","Endless Agony"],"relics":["Ring of the Snake","NeowsBlessing","Toxic Egg 2"],"potions_floor_usage":[7,16,16],"damage_taken":[{"damage":0,"enemies":"Jaw Worm","floor":1,"turns":1},{"damage":0,"enemies":"Cultist","floor":3,"turns":1},{"damage":0,"enemies":"Small Slimes","floor":5,"turns":1},{"damage":0,"enemies":"Red Slaver","floor":7,"turns":5},{"damage":36,"enemies":"Large Slime","floor":8,"turns":10},{"damage":9,"enemies":"Blue Slaver","floor":11,"turns":5},{"damage":0,"enemies":"Looter","floor":14,"turns":4},{"damage":0,"enemies":"Hexaghost","floor":16,"turns":9}],"seed_played":"4673728893427384853","potions_obtained":[{"floor":3,"key":"Block Potion"},{"floor":4,"key":"Swift Potion"},{"floor":11,"key":"EssenceOfSteel"}],"is_trial":false,"path_per_floor":["M","$","M","?","M","R","M","M","T","?","M","?","$","M","R","B"],"character_chosen":"THE_SILENT","items_purchased":["Well Laid Plans"],"campfire_rested":0,"item_purchase_floors":[2],"current_hp_per_floor":[59,59,59,59,59,59,59,23,23,23,14,14,14,14,14,14],"gold":12,"neow_bonus":"THREE_ENEMY_KILL","is_prod":false,"is_daily":false,"chose_seed":false,"campfire_upgraded":2,"win_rate":0,"timestamp":1557913269,"path_taken":["M","$","M","?","M","R","M","?","T","?","M","?","$","M","R","BOSS"],"build_version":"2019-01-23","purchased_purges":1,"victory":false,"max_hp_per_floor":[66,66,66,66,66,66,66,66,66,66,66,66,66,66,66,66],"card_choices":[{"not_picked":["Dagger Throw","Slice","Bane"],"picked":"SKIP","floor":1},{"not_picked":["Bane","Storm of Steel","Acrobatics"],"picked":"SKIP","floor":3},{"not_picked":["Dagger Spray","Dodge and Roll"],"picked":"Catalyst","floor":5},{"not_picked":["Flying Knee","Slice","Deflect"],"picked":"SKIP","floor":7},{"not_picked":["Eviscerate","Bane"],"picked":"Terror","floor":8},{"not_picked":["Venomology+1","Underhanded Strike"],"picked":"Caltrops","floor":11},{"not_picked":["Underhanded Strike","Bane"],"picked":"Endless Agony","floor":14}],"player_experience":1697694,"relics_obtained":[{"floor":9,"key":"Toxic Egg 2"}],"event_choices":[{"damage_healed":0,"gold_gain":0,"player_choice":"Bought 1 Potion","damage_taken":0,"max_hp_gain":0,"max_hp_loss":0,"event_name":"The Woman in Blue","floor":4,"gold_loss":0},{"damage_healed":0,"gold_gain":0,"player_choice":"Ignored","damage_taken":0,"max_hp_gain":0,"max_hp_loss":0,"event_name":"Liars Game","floor":10,"gold_loss":0},{"damage_healed":0,"gold_gain":0,"cards_transformed":["Strike_G"],"player_choice":"Transformed","damage_taken":0,"max_hp_gain":0,"max_hp_loss":0,"event_name":"Transmorgrifier","floor":12,"gold_loss":0,"cards_obtained":["Footwork"]}],"is_beta":false,"boss_relics":[],"items_purged_floors":[13],"is_endless":false,"potions_floor_spawned":[3,5,11],"killed_by":"Hexaghost","ascension_level":20}