{"gold_per_floor":[112,112,17,28,28,58,58,93,93,93,124,137,9,0,0,0],"floor_reached":16,"playtime":396,"items_purged":["Strike_B"],"score":282,"play_id":"4cb1a6fb-3c88-4b8b-939f-87adebba316a","local_time":"20190427184008","is_ascension_mode":true,"campfire_choices":[{"data":"Zap","floor":7,"key":"SMITH"},{"data":"Dualcast","floor":10,"key":"SMITH"},{"data":"Coolheaded","floor":15,"key":"SMITH"}],"neow_cost":"NONE","seed_source_timestamp":384288041181200,"circlet_count":0,"master_deck":["AscendersBane","Strike_B","Strike_B","Strike_B","Defend_B","Defend_B","Defend_B","Defend_B","Zap+1","Dualcast+1","Sunder+1","Self Repair","Ball Lightning","Undo","Coolheaded+1","Leap","Cold Snap","Conserve Battery","Conserve Battery"],"relics":["Cracked Core","NeowsBlessing","Incense Burner","Omamori","Girya","Art of War"],"potions_floor_usage":[8,16],"damage_taken":[{"damage":0,"enemies":"2 Louse","floor":1,"turns":1},{"damage":0,"enemies":"Small Slimes","floor":4,"turns":1},{"damage":0,"enemies":"3 Sentries","floor":6,"turns":1},{"damage":21,"enemies":"Lagavulin","floor":8,"turns":6},{"damage":35,"enemies":"Gremlin Nob","floor":11,"turns":4},{"damage":0,"enemies":"Jaw Worm","floor":12,"turns":3},{"damage":22,"enemies":"Hexaghost","floor":16,"turns":14}],"seed_played":"-2667935938626535567","potions_obtained":[{"floor":1,"key":"SkillPotion"},{"floor":6,"key":"SteroidPotion"},{"floor":11,"key":"AttackPotion"}],"is_trial":false,"path_per_floor":["M","?","$","M","?","E","R","E","T","R","E","M","$","?","R","B"],"character_chosen":"DEFECT","items_purchased":["Self Repair","Ball Lightning","Conserve Battery"],"campfire_rested":0,"item_purchase_floors":[3,3,13],"current_hp_per_floor":[64,64,64,64,64,71,71,50,50,50,22,22,22,22,22,0],"gold":0,"neow_bonus":"THREE_ENEMY_KILL","is_prod":false,"is_daily":false,"chose_seed":false,"campfire_upgraded":3,"win_rate":0,"timestamp":1556383208,"path_taken":["M","?","$","M","?","E","R","E","T","R","E","M","$","?","R","BOSS"],"build_version":"2019-01-23","purchased_purges":1,"victory":false,"max_hp_per_floor":[71,71,71,71,71,71,71,71,71,71,71,71,71,71,71,71],"card_choices":[{"not_picked":["Sweeping Beam","Redo"],"picked":"Sunder","floor":1},{"not_picked":["BootSequence","Compile Driver"],"picked":"Undo","floor":4},{"not_picked":["Turbo","Ball Lightning"],"picked":"Coolheaded","floor":6},{"not_picked":["Machine Learning","Redo"],"picked":"Leap","floor":8},{"not_picked":["Steam","Amplify"],"picked":"Cold Snap","floor":11},{"not_picked":["Redo","Loop"],"picked":"Conserve Battery","floor":12}],"player_experience":639279,"relics_obtained":[{"floor":6,"key":"Incense Burner"},{"floor":8,"key":"Omamori"},{"floor":9,"key":"Girya"},{"floor":11,"key":"Art of War"}],"event_choices":[{"damage_healed":0,"gold_gain":0,"player_choice":"Grow","damage_taken":0,"max_hp_gain":0,"max_hp_loss":0,"event_name":"Living Wall","floor":2,"gold_loss":0,"cards_upgraded":["Sunder"]},{"damage_healed":0,"gold_gain":0,"player_choice":"Leave","damage_taken":0,"max_hp_gain":0,"max_hp_loss":0,"event_name":"The Cleric","floor":5,"gold_loss":0},{"damage_healed":0,"gold_gain":0,"player_choice":"Left Gold","damage_taken":0,"max_hp_gain":0,"max_hp_loss":0,"event_name":"World of Goop","floor":14,"gold_loss":9}],"is_beta":false,"boss_relics":[],"items_purged_floors":[13],"is_endless":false,"potions_floor_spawned":[1,6,11],"killed_by":"Hexaghost","ascension_level":20}