{"gold_per_floor":[115,115,30,48,13,45,45,61,61,108,120,163,175,205,217,304,316,341,371,401,425,288,288,213,273,318,352,432,432,443,461,461,461],"floor_reached":33,"playtime":1180,"items_purged":["Strike_G"],"score":519,"play_id":"facd5bfc-b8f6-41de-a544-b9ce09d49fcf","local_time":"20190420210348","is_ascension_mode":true,"campfire_choices":[{"data":"Footwork","floor":11,"key":"SMITH"},{"floor":13,"key":"REST"},{"data":"Blade Dance","floor":15,"key":"SMITH"},{"floor":23,"key":"REST"},{"floor":29,"key":"REST"},{"floor":32,"key":"REST"}],"neow_cost":"NONE","seed_source_timestamp":802966434527411,"circlet_count":0,"master_deck":["AscendersBane","Defend_G","Defend_G","Defend_G","Defend_G","Strike_G","Survivor","Neutralize","Bane+1","Blade Dance+1","Endless Agony+1","All Out Attack+1","Footwork+1","Cloak And Dagger","Deadly Poison","Blade Dance+1","Backflip","Dodge and Roll","Blur","Dash+1","Unload+1","Bane+1","Dash+1","Burst","Deadly Poison+1","Infinite Blades","PiercingWail","Footwork","Flechettes+1","Deflect+1"],"relics":["Astrolabe","Pear","MawBank","Ninja Scroll","Molten Egg 2","Philosopher\u0027s Stone","Tiny Chest","Art of War","StoneCalendar"],"potions_floor_usage":[7,10,10,25,30,31,33,33],"damage_taken":[{"damage":0,"enemies":"Cultist","floor":1,"turns":3},{"damage":9,"enemies":"Jaw Worm","floor":4,"turns":3},{"damage":30,"enemies":"3 Sentries","floor":6,"turns":10},{"damage":0,"enemies":"2 Louse","floor":8,"turns":1},{"damage":23,"enemies":"Lagavulin","floor":10,"turns":5},{"damage":19,"enemies":"Gremlin Nob","floor":12,"turns":4},{"damage":16,"enemies":"Large Slime","floor":14,"turns":5},{"damage":30,"enemies":"Hexaghost","floor":16,"turns":15},{"damage":9,"enemies":"Chosen","floor":18,"turns":4},{"damage":10,"enemies":"Spheric Guardian","floor":19,"turns":4},{"damage":10,"enemies":"3 Cultists","floor":20,"turns":6},{"damage":0,"enemies":"Chosen and Byrds","floor":21,"turns":5},{"damage":11,"enemies":"Slavers","floor":25,"turns":7},{"damage":22,"enemies":"Book of Stabbing","floor":27,"turns":5},{"damage":24,"enemies":"Cultist and Chosen","floor":30,"turns":6},{"damage":22,"enemies":"Snake Plant","floor":31,"turns":5},{"damage":27,"enemies":"Champ","floor":33,"turns":11}],"seed_played":"-910338291664702559","potions_obtained":[{"floor":4,"key":"GamblersBrew"},{"floor":7,"key":"Fruit Juice"},{"floor":7,"key":"SkillPotion"},{"floor":8,"key":"Regen Potion"},{"floor":19,"key":"GhostInAJar"},{"floor":21,"key":"EssenceOfSteel"},{"floor":27,"key":"SkillPotion"},{"floor":30,"key":"Energy Potion"},{"floor":31,"key":"SpeedPotion"}],"is_trial":false,"path_per_floor":["M","?","$","M","?","E","?","M","T","E","R","E","R","M","R","B",null,"M","M","M","M","$","R","?","E","T","E","T","R","M","M","R","B"],"character_chosen":"THE_SILENT","items_purchased":["Footwork","Cloak And Dagger","Infinite Blades"],"campfire_rested":4,"item_purchase_floors":[3,3,22],"current_hp_per_floor":[59,59,59,50,66,46,51,51,51,43,43,24,48,32,32,2,61,52,42,32,32,32,56,56,45,45,23,23,47,23,1,25,0],"gold":461,"neow_bonus":"BOSS_RELIC","is_prod":false,"is_daily":false,"chose_seed":false,"campfire_upgraded":2,"win_rate":0,"timestamp":1555805028,"path_taken":["M","?","?","M","?","E","?","M","T","E","R","E","R","?","R","BOSS","M","?","M","M","$","R","?","E","T","E","?","R","M","M","R","BOSS"],"build_version":"2019-01-23","purchased_purges":1,"victory":false,"max_hp_per_floor":[66,66,66,66,66,76,81,81,81,81,81,81,81,81,81,81,81,81,81,81,81,81,81,81,81,81,81,81,81,81,81,81,81],"card_choices":[{"not_picked":["Acrobatics","Dagger Spray"],"picked":"All Out Attack","floor":1},{"not_picked":["Slice","Quick Slash"],"picked":"Deadly Poison","floor":4},{"not_picked":["Underhanded Strike","Dagger Spray"],"picked":"Blade Dance","floor":6},{"not_picked":["Heel Hook","Sucker Punch"],"picked":"Backflip","floor":8},{"not_picked":["Underhanded Strike","PiercingWail"],"picked":"Dodge and Roll","floor":10},{"not_picked":["Quick Slash","Dagger Throw"],"picked":"Blur","floor":12},{"not_picked":["Backflip","Underhanded Strike+1"],"picked":"Dash+1","floor":14},{"not_picked":["Storm of Steel","Wraith Form v2"],"picked":"Unload+1","floor":16},{"not_picked":["Outmaneuver","Acrobatics+1"],"picked":"Bane+1","floor":18},{"not_picked":["Distraction","Caltrops"],"picked":"Dash+1","floor":19},{"not_picked":["Predator+1","Flying Knee+1"],"picked":"Burst","floor":20},{"not_picked":["Backflip","Poisoned Stab+1"],"picked":"Deadly Poison+1","floor":21},{"not_picked":["Reflex","Underhanded Strike+1"],"picked":"PiercingWail","floor":25},{"not_picked":["Accuracy+1","PiercingWail"],"picked":"Footwork","floor":27},{"not_picked":["Quick Slash+1","Sucker Punch+1"],"picked":"Flechettes+1","floor":30},{"not_picked":["Distraction","All Out Attack+1"],"picked":"Deflect+1","floor":31}],"player_experience":1169656,"relics_obtained":[{"floor":6,"key":"Pear"},{"floor":9,"key":"MawBank"},{"floor":10,"key":"Ninja Scroll"},{"floor":12,"key":"Molten Egg 2"},{"floor":25,"key":"Tiny Chest"},{"floor":26,"key":"Art of War"},{"floor":27,"key":"StoneCalendar"}],"event_choices":[{"damage_healed":0,"gold_gain":0,"player_choice":"Grow","damage_taken":0,"max_hp_gain":0,"max_hp_loss":0,"event_name":"Living Wall","floor":2,"gold_loss":0,"cards_upgraded":["All Out Attack"]},{"damage_healed":16,"gold_gain":0,"player_choice":"Healed","damage_taken":0,"max_hp_gain":0,"max_hp_loss":0,"event_name":"The Cleric","floor":5,"gold_loss":35},{"damage_healed":0,"gold_gain":0,"player_choice":"Got Potions","damage_taken":0,"max_hp_gain":0,"max_hp_loss":0,"event_name":"Lab","floor":7,"gold_loss":0},{"cards_removed":["Strike_G"],"damage_healed":0,"gold_gain":0,"player_choice":"Gave Gold","damage_taken":0,"max_hp_gain":0,"max_hp_loss":0,"event_name":"Beggar","floor":24,"gold_loss":75}],"is_beta":false,"boss_relics":[{"not_picked":["Lizard Tail","Velvet Choker"],"picked":"Philosopher\u0027s Stone"}],"items_purged_floors":[22],"is_endless":false,"potions_floor_spawned":[4,8,19,21,27,30,31],"killed_by":"Champ","ascension_level":14}