{"gold_per_floor":[115,130,142,52,70,70,103,103,154,154,168,185,210,222,222,321,321,333,333,333,19,35,35,61,61,61,61,61,78,78],"floor_reached":30,"playtime":916,"items_purged":["Writhe"],"score":475,"play_id":"ce01c2c6-b976-4cc9-8c6c-86ae055d667e","local_time":"20190201100609","is_ascension_mode":true,"campfire_choices":[{"data":"Metallicize","floor":6,"key":"SMITH"},{"data":"Battle Trance","floor":8,"key":"SMITH"},{"data":"Bludgeon","floor":10,"key":"SMITH"},{"data":"Bash","floor":15,"key":"SMITH"},{"data":"Demon Form","floor":23,"key":"SMITH"},{"data":"Flame Barrier","floor":25,"key":"SMITH"},{"data":"Sword Boomerang","floor":28,"key":"SMITH"}],"neow_cost":"NONE","seed_source_timestamp":670610606543400,"circlet_count":0,"master_deck":["AscendersBane","Defend_R","Defend_R","Defend_R","Bash+1","Twin Strike","Cleave","Bludgeon+1","Shrug It Off","Metallicize+1","Twin Strike","Battle Trance+1","Sword Boomerang+1","Demon Form+1","Immolate+1","Evolve+1","Bludgeon+1","Twin Strike+1","Bite","Bite","Bite","Bite","Bite","Flame Barrier+1","Ghostly Armor+1","Double Tap"],"relics":["Burning Blood","Bottled Lightning","Odd Mushroom","Astrolabe","Regal Pillow","Bottled Tornado","Art of War","Shuriken"],"potions_floor_usage":[11,16,16,16,22],"damage_taken":[{"damage":1,"enemies":"Cultist","floor":1,"turns":4},{"damage":7,"enemies":"Small Slimes","floor":2,"turns":3},{"damage":6,"enemies":"2 Louse","floor":3,"turns":3},{"damage":5,"enemies":"Blue Slaver","floor":5,"turns":5},{"damage":32,"enemies":"Gremlin Nob","floor":7,"turns":4},{"damage":0,"enemies":"3 Louse","floor":11,"turns":1},{"damage":0,"enemies":"Exordium Wildlife","floor":12,"turns":2},{"damage":30,"enemies":"The Mushroom Lair","floor":13,"turns":6},{"damage":2,"enemies":"Looter","floor":14,"turns":4},{"damage":0,"enemies":"Slime Boss","floor":16,"turns":4},{"damage":6,"enemies":"Spheric Guardian","floor":18,"turns":3},{"damage":25,"enemies":"2 Thieves","floor":22,"turns":4},{"damage":68,"enemies":"Slavers","floor":24,"turns":6},{"damage":28,"enemies":"Snecko","floor":29,"turns":4},{"damage":42,"enemies":"Book of Stabbing","floor":30,"turns":4}],"seed_played":"-8259059633518736162","potions_obtained":[{"floor":1,"key":"FearPotion"},{"floor":5,"key":"Swift Potion"},{"floor":7,"key":"Explosive Potion"},{"floor":14,"key":"Poison Potion"},{"floor":22,"key":"Fruit Juice"}],"is_trial":false,"path_per_floor":["M","M","M","$","M","R","E","R","T","R","M","M","?","M","R","B",null,"M","?","?","$","M","R","E","R","T","?","R","M","E"],"character_chosen":"IRONCLAD","items_purchased":["Shrug It Off","Metallicize","Bottled Tornado"],"campfire_rested":0,"item_purchase_floors":[4,4,21],"current_hp_per_floor":[85,84,84,84,85,85,59,59,59,59,67,75,53,59,59,67,83,85,85,85,85,75,75,19,19,19,50,50,32,0],"gold":78,"neow_bonus":"TEN_PERCENT_HP_BONUS","is_prod":false,"is_daily":false,"chose_seed":false,"campfire_upgraded":7,"win_rate":0,"timestamp":1549011969,"path_taken":["M","M","?","$","M","R","E","R","T","R","M","M","?","M","R","BOSS","M","?","?","$","M","R","E","R","T","?","R","M","E"],"build_version":"2019-01-23","purchased_purges":1,"victory":false,"max_hp_per_floor":[88,88,88,88,88,88,88,88,88,88,88,88,88,88,88,88,88,88,88,88,88,93,93,93,93,93,93,93,93,93],"card_choices":[{"not_picked":["Infernal Blade","Blood for Blood"],"picked":"Twin Strike","floor":1},{"not_picked":["Twin Strike","Iron Wave"],"picked":"Cleave","floor":2},{"not_picked":["Clash","Evolve"],"picked":"Bludgeon","floor":3},{"not_picked":["True Grit","Wild Strike"],"picked":"Twin Strike","floor":5},{"not_picked":["Sentinel","Iron Wave"],"picked":"Battle Trance","floor":7},{"not_picked":["Sentinel","Rampage","Bloodletting"],"picked":"SKIP","floor":11},{"not_picked":["Warcry","Battle Trance","Thunderclap"],"picked":"SKIP","floor":12},{"not_picked":["Anger","Clash"],"picked":"Sword Boomerang","floor":14},{"not_picked":["Limit Break","Juggernaut"],"picked":"Demon Form","floor":16},{"not_picked":["Inflame","Infernal Blade"],"picked":"Twin Strike+1","floor":18},{"not_picked":["Clash","Corruption+1"],"picked":"Flame Barrier","floor":22},{"not_picked":["Armaments","Body Slam"],"picked":"Ghostly Armor+1","floor":24},{"not_picked":["Sentinel","Havoc"],"picked":"Double Tap","floor":29}],"player_experience":427079,"relics_obtained":[{"floor":7,"key":"Bottled Lightning"},{"floor":9,"key":"Blood Vial"},{"floor":13,"key":"Odd Mushroom"},{"floor":24,"key":"Art of War"},{"floor":26,"key":"Shuriken"}],"event_choices":[{"damage_healed":0,"gold_gain":0,"player_choice":"Fought Mushrooms","damage_taken":0,"max_hp_gain":0,"max_hp_loss":0,"event_name":"Mushrooms","floor":13,"gold_loss":0},{"damage_healed":0,"gold_gain":0,"player_choice":"Became a vampire (Vial)","damage_taken":0,"max_hp_gain":0,"max_hp_loss":0,"event_name":"Vampires","floor":19,"relics_lost":["Blood Vial"],"gold_loss":0,"cards_obtained":["Bite","Bite","Bite","Bite","Bite"]},{"damage_healed":0,"gold_gain":0,"player_choice":"Opened","damage_taken":0,"relics_obtained":["Regal Pillow"],"max_hp_gain":0,"max_hp_loss":0,"event_name":"The Mausoleum","floor":20,"gold_loss":0,"cards_obtained":["Writhe"]},{"damage_healed":31,"gold_gain":0,"player_choice":"Heal","damage_taken":0,"max_hp_gain":0,"max_hp_loss":0,"event_name":"The Library","floor":27,"gold_loss":0}],"is_beta":false,"boss_relics":[{"not_picked":["Empty Cage","Tiny House"],"picked":"Astrolabe"}],"items_purged_floors":[21],"is_endless":false,"potions_floor_spawned":[1,5,7,14,22],"killed_by":"Book of Stabbing","ascension_level":10}