{"gold_per_floor":[110,60,78,78,153,181,38,103,103,103,143,162,201,219,219,350,350,364,379,294,294,57,101,101,134,134,165,90,125,125,141,141,264,264,277,402,421,49,65,109,109,150,150,150,194,194,237,293,293,293,293,293,16,56,56],"floor_reached":56,"playtime":4111,"items_purged":["Writhe","Strike_B"],"score":1954,"play_id":"cdfc6775-f1db-4635-b1ff-b0361f392bd3","local_time":"20190327104201","is_ascension_mode":true,"campfire_choices":[{"data":"Defragment","floor":15,"key":"SMITH"},{"data":"Darkness","floor":24,"key":"SMITH"},{"data":"Darkness","floor":30,"key":"SMITH"},{"data":"Capacitor","floor":32,"key":"SMITH"},{"floor":41,"key":"RECALL"},{"data":"Parasite","floor":44,"key":"PURGE"},{"data":"Capacitor","floor":49,"key":"SMITH"},{"data":"Biased Cognition","floor":52,"key":"SMITH"}],"neow_cost":"NONE","seed_source_timestamp":1349765640565937,"circlet_count":0,"master_deck":["Defend_B","Defend_B","Defend_B","Defend_B","Zap+1","Dualcast","Hologram","Streamline+1","Hologram","Defragment+1","Hologram","Auto Shields","Rebound+1","Darkness+1","Darkness+1","Steam","Core Surge","Capacitor+1","Hologram+1","Ghostly","Ghostly","Ghostly","Ghostly","Ghostly","Conserve Battery+1","Hologram+1","Multi-Cast+1","Rainbow+1","Leap+1","Biased Cognition+1","Turbo+1","Glacier+1","Steam+1","Double Energy+1","Redo+1","Redo+1","Stack+1","White Noise+1","Compile Driver+1","Undo+1","Capacitor+1","Chill+1","Undo+1","Turbo+1","Meteor Strike"],"relics":["Cracked Core","PreservedInsect","Bottled Flame","Unceasing Top","Mummified Hand","Golden Idol","The Courier","Meat on the Bone","Cursed Key","Question Card","Incense Burner","Whetstone","Toxic Egg 2","Bottled Lightning","Kunai","Cables","Runic Dome","Peace Pipe","Medical Kit","Dodecahedron","Vajra","Anchor","Juzu Bracelet","Du-Vu Doll","Strange Spoon","Pen Nib"],"potions_floor_usage":[6,8,13,16,55],"damage_taken":[{"damage":7,"enemies":"2 Louse","floor":1,"turns":2},{"damage":0,"enemies":"Small Slimes","floor":3,"turns":4},{"damage":22,"enemies":"3 Sentries","floor":6,"turns":6},{"damage":5,"enemies":"3 Sentries","floor":8,"turns":4},{"damage":0,"enemies":"Gremlin Nob","floor":11,"turns":2},{"damage":0,"enemies":"Jaw Worm","floor":12,"turns":3},{"damage":3,"enemies":"Lagavulin","floor":13,"turns":5},{"damage":7,"enemies":"Looter","floor":14,"turns":2},{"damage":15,"enemies":"The Guardian","floor":16,"turns":9},{"damage":11,"enemies":"Shell Parasite","floor":18,"turns":3},{"damage":15,"enemies":"Spheric Guardian","floor":19,"turns":4},{"damage":4,"enemies":"Slavers","floor":23,"turns":5},{"damage":1,"enemies":"Gremlin Leader","floor":25,"turns":5},{"damage":0,"enemies":"Book of Stabbing","floor":27,"turns":5},{"damage":0,"enemies":"Gremlin Leader","floor":29,"turns":6},{"damage":12,"enemies":"Centurion and Healer","floor":31,"turns":6},{"damage":0,"enemies":"Champ","floor":33,"turns":10},{"damage":0,"enemies":"3 Shapes","floor":35,"turns":6},{"damage":0,"enemies":"Mind Bloom Boss Battle","floor":36,"turns":9},{"damage":6,"enemies":"3 Darklings","floor":37,"turns":5},{"damage":0,"enemies":"Sphere and 2 Shapes","floor":39,"turns":7},{"damage":0,"enemies":"Giant Head","floor":40,"turns":6},{"damage":0,"enemies":"Nemesis","floor":42,"turns":5},{"damage":0,"enemies":"Reptomancer","floor":45,"turns":4},{"damage":0,"enemies":"Giant Head","floor":47,"turns":5},{"damage":0,"enemies":"2 Orb Walkers","floor":48,"turns":4},{"damage":0,"enemies":"Time Eater","floor":50,"turns":8},{"damage":0,"enemies":"Shield and Spear","floor":54,"turns":4},{"damage":0,"enemies":"The Heart","floor":55,"turns":8}],"seed_played":"9144927999643709664","potions_obtained":[{"floor":1,"key":"Swift Potion"},{"floor":11,"key":"SpeedPotion"},{"floor":12,"key":"Regen Potion"},{"floor":13,"key":"Ancient Potion"},{"floor":16,"key":"Weak Potion"},{"floor":23,"key":"Weak Potion"},{"floor":29,"key":"GamblersBrew"},{"floor":47,"key":"Swift Potion"}],"is_trial":false,"path_per_floor":["M","?","M","?","?","E","$","?","T","?","E","M","E","M","R","B",null,"M","M","?","?","$","E","R","E","T","E","?","E","R","M","R","B",null,"M","?","M","$","M","E","R","E","T","R","E","?","E","?","R","B",null,"R","$","E","B",null],"character_chosen":"DEFECT","items_purchased":["Defragment","Hologram","Energy Potion","Incense Burner","Double Energy+1","Medical Kit","Redo+1","Redo+1","Stack+1","Strange Spoon","Turbo+1"],"campfire_rested":0,"item_purchase_floors":[7,7,7,22,38,38,38,38,38,53,53],"current_hp_per_floor":[68,68,68,68,57,35,35,30,30,30,30,30,41,46,46,43,69,58,43,43,34,34,30,30,29,29,29,29,29,29,29,29,29,34,34,34,28,28,28,28,28,28,28,28,28,28,28,28,28,28,31,31,31,31,31],"gold":56,"neow_bonus":"RANDOM_COMMON_RELIC","is_prod":false,"is_daily":false,"chose_seed":false,"campfire_upgraded":6,"win_rate":0,"timestamp":1553697721,"path_taken":["M","?","M","?","?","E","$","?","T","?","E","M","E","M","R","BOSS","M","M","?","?","$","E","R","E","T","E","?","E","R","?","R","BOSS","M","?","M","$","M","E","R","E","T","R","E","?","E","?","R","BOSS","R","$","E","BOSS"],"build_version":"2019-03-15","purchased_purges":2,"victory":true,"max_hp_per_floor":[75,75,75,75,75,75,75,75,75,69,69,69,69,69,69,69,69,69,69,69,34,34,34,34,34,34,34,34,34,34,34,34,34,34,34,34,34,34,34,34,34,34,34,31,31,31,31,31,31,31,31,31,31,31,31],"card_choices":[{"not_picked":["Capacitor","Scrape"],"picked":"Hologram","floor":1},{"not_picked":["Rebound","Conserve Battery"],"picked":"Streamline","floor":3},{"not_picked":["Streamline","Barrage"],"picked":"Hologram","floor":6},{"not_picked":["Leap","Compile Driver"],"picked":"Auto Shields","floor":8},{"not_picked":["Leap","Redo"],"picked":"Rebound","floor":11},{"not_picked":["Leap","Recycle"],"picked":"Darkness","floor":12},{"not_picked":["Meteor Strike","Redo"],"picked":"Darkness","floor":13},{"not_picked":["Darkness","Cold Snap"],"picked":"Steam","floor":14},{"not_picked":["Seek","Reboot"],"picked":"Core Surge","floor":16},{"not_picked":["Tempest+1","Chill+1"],"picked":"Capacitor","floor":18},{"not_picked":["Turbo","Beam Cell"],"picked":"Hologram+1","floor":19},{"not_picked":["Skim","Darkness","Steam"],"picked":"Conserve Battery+1","floor":23},{"not_picked":["Genetic Algorithm","Turbo+1","Rebound"],"picked":"Hologram+1","floor":25},{"not_picked":["Hologram+1","Sweeping Beam+1","Chaos+1"],"picked":"Multi-Cast+1","floor":27},{"not_picked":["Ball Lightning","Sunder+1","Skim+1"],"picked":"Rainbow+1","floor":29},{"not_picked":["Hologram+1","Ball Lightning+1","Barrage"],"picked":"Leap+1","floor":31},{"not_picked":["Reboot+1","Multi-Cast+1","Amplify+1"],"picked":"Biased Cognition","floor":33},{"not_picked":["Skim+1","Static Discharge+1","Sweeping Beam"],"picked":"Turbo+1","floor":35},{"not_picked":["Gash","Sweeping Beam","Compile Driver"],"picked":"Glacier+1","floor":36},{"not_picked":["Ball Lightning","Reinforced Body+1","Compile Driver"],"picked":"Steam+1","floor":37},{"not_picked":["Recycle+1","Hologram+1","Scrape"],"picked":"White Noise+1","floor":39},{"not_picked":["Steam+1","Heatsinks","Cold Snap"],"picked":"Compile Driver+1","floor":40},{"not_picked":["Ball Lightning+1","Buffer","Storm"],"picked":"Undo+1","floor":42},{"not_picked":["Consume+1","Redo+1","Conserve Battery+1"],"picked":"Capacitor","floor":45},{"not_picked":["Stack+1","Genetic Algorithm+1","Sweeping Beam"],"picked":"Chill+1","floor":47},{"not_picked":["Conserve Battery+1","Turbo+1","Reprogram+1"],"picked":"Undo+1","floor":48},{"not_picked":["Aggregate+1","Steam+1","Turbo+1"],"picked":"Meteor Strike","floor":54}],"player_experience":5045541,"relics_obtained":[{"floor":6,"key":"Bottled Flame"},{"floor":8,"key":"Unceasing Top"},{"floor":9,"key":"Mummified Hand"},{"floor":11,"key":"The Courier"},{"floor":13,"key":"Meat on the Bone"},{"floor":23,"key":"Whetstone"},{"floor":25,"key":"Toxic Egg 2"},{"floor":26,"key":"Bottled Lightning"},{"floor":27,"key":"Kunai"},{"floor":29,"key":"Cables"},{"floor":36,"key":"Peace Pipe"},{"floor":40,"key":"Dodecahedron"},{"floor":42,"key":"Vajra"},{"floor":45,"key":"Anchor"},{"floor":47,"key":"Juzu Bracelet"},{"floor":48,"key":"Du-Vu Doll"},{"floor":54,"key":"Pen Nib"}],"event_choices":[{"cards_removed":["Strike_B"],"damage_healed":0,"gold_gain":0,"player_choice":"Card Removal","damage_taken":0,"max_hp_gain":0,"max_hp_loss":0,"event_name":"The Cleric","floor":2,"gold_loss":50},{"damage_healed":0,"gold_gain":0,"player_choice":"Grow","damage_taken":0,"max_hp_gain":0,"max_hp_loss":0,"event_name":"Living Wall","floor":4,"gold_loss":0,"cards_upgraded":["Zap"]},{"damage_healed":0,"gold_gain":75,"player_choice":"Gather Gold","damage_taken":11,"max_hp_gain":0,"max_hp_loss":0,"event_name":"World of Goop","floor":5,"gold_loss":0},{"damage_healed":0,"gold_gain":30,"player_choice":"Searched \u00273\u0027 times","damage_taken":0,"max_hp_gain":0,"max_hp_loss":0,"event_name":"Dead Adventurer","floor":8,"gold_loss":0},{"damage_healed":0,"gold_gain":0,"player_choice":"Lose Max HP","damage_taken":0,"relics_obtained":["Golden Idol"],"max_hp_gain":0,"max_hp_loss":6,"event_name":"Golden Idol","floor":10,"gold_loss":0},{"damage_healed":0,"gold_gain":0,"player_choice":"Obtained Relic","damage_taken":0,"relics_obtained":["Question Card"],"max_hp_gain":0,"max_hp_loss":0,"event_name":"Addict","floor":20,"gold_loss":85},{"damage_healed":0,"gold_gain":0,"player_choice":"Became a Ghost","damage_taken":0,"max_hp_gain":0,"max_hp_loss":35,"event_name":"Ghosts","floor":21,"gold_loss":0,"cards_obtained":["Ghostly","Ghostly","Ghostly","Ghostly","Ghostly"]},{"cards_removed":["Strike_B"],"damage_healed":0,"gold_gain":0,"player_choice":"Gave Gold","damage_taken":0,"max_hp_gain":0,"max_hp_loss":0,"event_name":"Beggar","floor":28,"gold_loss":75},{"damage_healed":0,"gold_gain":0,"player_choice":"Fight","damage_taken":0,"max_hp_gain":0,"max_hp_loss":0,"event_name":"MindBloom","floor":36,"gold_loss":0},{"cards_removed":["Strike_B"],"damage_healed":0,"gold_gain":0,"player_choice":"Removed Attack","damage_taken":0,"max_hp_gain":0,"max_hp_loss":0,"event_name":"Falling","floor":46,"gold_loss":0},{"damage_healed":0,"gold_gain":0,"player_choice":"Fight","damage_taken":0,"max_hp_gain":0,"max_hp_loss":0,"event_name":"Mysterious Sphere","floor":48,"gold_loss":0}],"is_beta":true,"boss_relics":[{"not_picked":["Calling Bell","Velvet Choker"],"picked":"Cursed Key"},{"not_picked":["Nuclear Battery","Empty Cage"],"picked":"Runic Dome"}],"items_purged_floors":[38,53],"is_endless":false,"potions_floor_spawned":[1,11,12,13,16,23,29,33,36,37,39,42,47,48],"ascension_level":1}