{"gold_per_floor":[113,113,188,44,44,71,71,96,147,179,28,62,12,72,72,177,177,163,37,57,7,7,35,35,35,35,35,51,65,84,115,115,212,212,232,244,42,0,0,0,35,35,60,77,77,77,77],"floor_reached":47,"playtime":1540,"items_purged":["Strike_G","Strike_G","Strike_G","Strike_G","Strike_G+1"],"score":941,"play_id":"9f19e964-a2eb-453e-956c-da61c9f402a0","local_time":"20190402201337","is_ascension_mode":true,"campfire_choices":[{"floor":7,"key":"REST"},{"floor":15,"key":"REST"},{"floor":24,"key":"REST"},{"data":"Noxious Fumes","floor":27,"key":"SMITH"},{"floor":32,"key":"REST"},{"floor":40,"key":"RECALL"},{"data":"After Image","floor":42,"key":"SMITH"}],"neow_cost":"NONE","seed_source_timestamp":115334188244435,"circlet_count":0,"master_deck":["AscendersBane","Defend_G","Defend_G","Defend_G","Defend_G","Defend_G+1","Survivor","Neutralize+1","Footwork","Noxious Fumes+1","Dash","Blur","Cloak And Dagger+1","Crippling Poison+1","Caltrops","Infinite Blades","Cloak And Dagger+1","After Image+1","Poisoned Stab+1","Footwork","Crippling Poison+1","Dodge and Roll+1","Catalyst+1","Cloak And Dagger+1","Backflip+1","Caltrops","Corpse Explosion+1","Leg Sweep+1","Bouncing Flask+1","Well Laid Plans"],"relics":["Ring of the Snake","Oddly Smooth Stone","Smiling Mask","Toxic Egg 2","Dream Catcher","MawBank","Happy Flower","Runic Dome","Bottled Tornado","Paper Crane","Singing Bowl","Philosopher\u0027s Stone","Red Mask","The Courier"],"potions_floor_usage":[10,10,33],"damage_taken":[{"damage":11,"enemies":"Jaw Worm","floor":1,"turns":9},{"damage":13,"enemies":"3 Sentries","floor":6,"turns":8},{"damage":0,"enemies":"Lagavulin","floor":8,"turns":10},{"damage":7,"enemies":"Gremlin Nob","floor":10,"turns":6},{"damage":2,"enemies":"Lagavulin","floor":12,"turns":7},{"damage":9,"enemies":"The Guardian","floor":16,"turns":10},{"damage":0,"enemies":"2 Thieves","floor":18,"turns":4},{"damage":11,"enemies":"Chosen","floor":20,"turns":6},{"damage":26,"enemies":"Slavers","floor":23,"turns":6},{"damage":1,"enemies":"Snake Plant","floor":28,"turns":3},{"damage":0,"enemies":"Centurion and Healer","floor":29,"turns":5},{"damage":2,"enemies":"3 Cultists","floor":30,"turns":5},{"damage":6,"enemies":"Book of Stabbing","floor":31,"turns":5},{"damage":15,"enemies":"Champ","floor":33,"turns":12},{"damage":19,"enemies":"3 Darklings","floor":35,"turns":2},{"damage":1,"enemies":"Orb Walker","floor":36,"turns":4},{"damage":0,"enemies":"Giant Head","floor":41,"turns":8},{"damage":9,"enemies":"Sphere and 2 Shapes","floor":44,"turns":4},{"damage":48,"enemies":"Reptomancer","floor":47,"turns":2}],"seed_played":"6890461146539767376","potions_obtained":[{"floor":1,"key":"Energy Potion"},{"floor":8,"key":"SteroidPotion"},{"floor":23,"key":"SmokeBomb"},{"floor":28,"key":"SpeedPotion"},{"floor":33,"key":"Fruit Juice"},{"floor":36,"key":"GamblersBrew"},{"floor":44,"key":"Dexterity Potion"}],"is_trial":false,"path_per_floor":["M","?","?","$","?","E","R","E","T","E","$","E","$","?","R","B",null,"M","$","M","$","?","E","R","?","T","R","M","M","M","E","R","B",null,"M","M","$","?","?","R","E","R","T","M","?","?","E"],"character_chosen":"THE_SILENT","items_purchased":["Noxious Fumes","Dash","Crippling Poison+1","Caltrops","Footwork","Bouncing Flask+1","Well Laid Plans"],"campfire_rested":4,"item_purchase_floors":[4,4,11,11,19,37,37],"current_hp_per_floor":[52,45,34,34,20,7,28,28,28,21,21,19,19,19,40,31,60,60,60,49,49,49,23,44,44,44,44,43,43,41,35,58,48,70,53,52,52,52,52,52,54,54,54,47,47,47,0],"gold":77,"neow_bonus":"UPGRADE_CARD","is_prod":false,"is_daily":false,"chose_seed":false,"campfire_upgraded":2,"win_rate":0,"timestamp":1554246817,"path_taken":["M","?","?","$","?","E","R","E","T","E","$","E","$","?","R","BOSS","M","$","M","$","?","E","R","?","T","R","M","M","?","E","R","BOSS","M","M","$","?","?","R","E","R","T","?","?","?","E"],"build_version":"2019-01-23","purchased_purges":5,"victory":false,"max_hp_per_floor":[70,70,70,70,70,70,70,70,70,70,70,70,70,70,70,70,70,70,70,70,70,70,70,70,70,70,70,70,70,70,70,72,77,77,79,79,79,79,79,79,81,81,81,83,83,79,79],"card_choices":[{"not_picked":["Catalyst","Underhanded Strike"],"picked":"Footwork","floor":1},{"not_picked":["Eviscerate","Poisoned Stab"],"picked":"Blur","floor":6},{"not_picked":["Flying Knee","Choke"],"picked":"Quick Slash","floor":8},{"not_picked":["Concentrate+1","Dash"],"picked":"Cloak And Dagger+1","floor":10},{"not_picked":["Dagger Throw","All Out Attack"],"picked":"Infinite Blades","floor":12},{"not_picked":["Dash","Quick Slash"],"picked":"Cloak And Dagger+1","floor":15},{"not_picked":["Night Terror+1","Unload"],"picked":"After Image","floor":16},{"not_picked":["Slice","All Out Attack"],"picked":"Poisoned Stab+1","floor":18},{"not_picked":["PiercingWail+1","Reflex+1"],"picked":"Crippling Poison+1","floor":20},{"not_picked":["Quick Slash","Underhanded Strike"],"picked":"Dodge and Roll+1","floor":23},{"not_picked":["Heel Hook","Expertise+1","Finisher"],"picked":"SKIP","floor":28},{"not_picked":["Deadly Poison+1","Sucker Punch"],"picked":"Cloak And Dagger+1","floor":29},{"not_picked":["Sucker Punch","Slice+1"],"picked":"Backflip+1","floor":30},{"not_picked":["Quick Slash","Prepared+1"],"picked":"Caltrops","floor":31},{"not_picked":["Riddle With Holes","Acrobatics+1","Malaise+1"],"picked":"Singing Bowl","floor":32},{"not_picked":["Bullet Time+1","Glass Knife"],"picked":"Corpse Explosion+1","floor":33},{"not_picked":["Tactician+1","Slice","Finisher+1"],"picked":"Singing Bowl","floor":35},{"not_picked":["Dodge and Roll+1","Backstab"],"picked":"Leg Sweep+1","floor":36},{"not_picked":["Storm of Steel+1","Tactician+1","Sucker Punch+1"],"picked":"Singing Bowl","floor":41},{"not_picked":["Expertise+1","Distraction+1","Flechettes"],"picked":"Singing Bowl","floor":44}],"player_experience":1028258,"relics_obtained":[{"floor":6,"key":"Smiling Mask"},{"floor":8,"key":"Toxic Egg 2"},{"floor":9,"key":"Dream Catcher"},{"floor":10,"key":"MawBank"},{"floor":12,"key":"Happy Flower"},{"floor":23,"key":"Bottled Tornado"},{"floor":26,"key":"Paper Crane"},{"floor":31,"key":"Singing Bowl"},{"floor":41,"key":"The Courier"}],"event_choices":[{"damage_healed":0,"gold_gain":0,"player_choice":"Success","damage_taken":7,"relics_obtained":["Oddly Smooth Stone"],"max_hp_gain":0,"max_hp_loss":0,"event_name":"Scrap Ooze","floor":2,"gold_loss":0},{"damage_healed":0,"gold_gain":75,"player_choice":"Gather Gold","damage_taken":11,"max_hp_gain":0,"max_hp_loss":0,"event_name":"World of Goop","floor":3,"gold_loss":0},{"damage_healed":0,"gold_gain":0,"player_choice":"Entered Light","damage_taken":14,"max_hp_gain":0,"max_hp_loss":0,"event_name":"Shining Light","floor":5,"gold_loss":0,"cards_upgraded":["Defend_G","Strike_G"]},{"damage_healed":0,"gold_gain":60,"player_choice":"Gained Gold","damage_taken":0,"max_hp_gain":0,"max_hp_loss":0,"event_name":"Golden Wing","floor":14,"gold_loss":0},{"damage_healed":0,"gold_gain":0,"player_choice":"Ignored","damage_taken":0,"max_hp_gain":0,"max_hp_loss":0,"event_name":"Vampires","floor":22,"gold_loss":0},{"damage_healed":0,"gold_gain":0,"player_choice":"Read","damage_taken":0,"max_hp_gain":0,"max_hp_loss":0,"event_name":"The Library","floor":25,"gold_loss":0,"cards_obtained":["Catalyst"]},{"damage_healed":0,"gold_gain":0,"player_choice":"Paid","damage_taken":0,"relics_obtained":["Red Mask"],"max_hp_gain":0,"max_hp_loss":0,"event_name":"Tomb of Lord Red Mask","floor":38,"gold_loss":42},{"damage_healed":0,"gold_gain":0,"player_choice":"Ignored","damage_taken":0,"max_hp_gain":0,"max_hp_loss":0,"event_name":"Transmorgrifier","floor":39,"gold_loss":0},{"cards_removed":["Quick Slash"],"damage_healed":0,"gold_gain":0,"player_choice":"Removed Attack","damage_taken":0,"max_hp_gain":0,"max_hp_loss":0,"event_name":"Falling","floor":45,"gold_loss":0},{"damage_healed":0,"gold_gain":0,"player_choice":"Max HP","damage_taken":0,"max_hp_gain":0,"max_hp_loss":4,"event_name":"Winding Halls","floor":46,"gold_loss":0}],"is_beta":false,"boss_relics":[{"not_picked":["Lizard Tail","White Beast Statue"],"picked":"Runic Dome"},{"not_picked":["Astrolabe","Sozu"],"picked":"Philosopher\u0027s Stone"}],"items_purged_floors":[11,13,19,21,37],"is_endless":false,"potions_floor_spawned":[1,8,23,28,30,33,36,44],"killed_by":"Reptomancer","ascension_level":12}