{"gold_per_floor":[116,116,41,41,57,57,88,98,173,199,199,233,233,245,245,342,342,353,353,36,136,61,94,94,124,151,182,195,195,226,226,226,330,330,346,396,406,1405,796,853,864,899,953,986,244,244,48,48,48,48,48,48,0,25,25],"floor_reached":56,"playtime":4188,"items_purged":["Strike_G","Normality","Normality"],"score":1684,"play_id":"7dd76528-0fce-4f05-8460-f355910e8e58","local_time":"20190406010754","is_ascension_mode":true,"campfire_choices":[{"data":"Neutralize","floor":6,"key":"SMITH"},{"data":"Well Laid Plans","floor":11,"key":"SMITH"},{"data":"Infinite Blades","floor":15,"key":"SMITH"},{"data":"Phantasmal Killer","floor":24,"key":"SMITH"},{"data":"Envenom","floor":29,"key":"SMITH"},{"data":"A Thousand Cuts","floor":32,"key":"SMITH"},{"floor":49,"key":"RECALL"},{"data":"Cloak And Dagger","floor":52,"key":"SMITH"}],"neow_cost":"TEN_PERCENT_HP_LOSS","seed_source_timestamp":2179236006515865,"circlet_count":0,"master_deck":["Defend_G+1","Defend_G+1","Defend_G+1","Defend_G+1","Defend_G+1","Strike_G+1","Strike_G+1","Strike_G+1","Strike_G+1","Survivor","Neutralize+1","Tools of the Trade+1","Flying Knee+1","Dagger Spray+1","Well Laid Plans+1","Infinite Blades+1","Bullet Time","Sucker Punch+1","Blade Dance","Phantasmal Killer+1","Finisher+1","PiercingWail","Deflect","Dagger Spray+1","Envenom+1","Cloak And Dagger+1","A Thousand Cuts+1","Die Die Die+1","Well Laid Plans+1","Dagger Throw+1","Backflip+1","Acrobatics","Leg Sweep","Backstab+1","Infinite Blades","Predator+1","Leg Sweep+1","Cloak And Dagger+1","Cloak And Dagger+1","Acrobatics+1","Tactician+1","Blind+1","Tools of the Trade+1","Deep Breath+1","Finesse+1","Backflip+1","Calculated Gamble+1","Deep Breath+1","Backflip+1","Blade Dance+1"],"relics":["Ring of the Snake","Vajra","Sundial","Molten Egg 2","Blue Candle","Tingsha","Turnip","Coffee Dripper","Gremlin Horn","Torii","Pantograph","Kunai","Gambling Chip","Ancient Tea Set","Tough Bandages","Whetstone","Mercury Hourglass","Black Star","Du-Vu Doll","Blood Vial","Tiny Chest","Toxic Egg 2","Art of War","Nunchaku","Paper Crane","Bottled Tornado","DollysMirror","Bottled Lightning","Pear","Letter Opener"],"potions_floor_usage":[7,12,18,18,21,21,23,36,40,44,54,55],"damage_taken":[{"damage":0,"enemies":"Small Slimes","floor":1,"turns":4},{"damage":0,"enemies":"Jaw Worm","floor":5,"turns":4},{"damage":13,"enemies":"Lagavulin","floor":7,"turns":6},{"damage":0,"enemies":"2 Louse","floor":8,"turns":2},{"damage":13,"enemies":"3 Sentries","floor":10,"turns":5},{"damage":7,"enemies":"Gremlin Nob","floor":12,"turns":4},{"damage":1,"enemies":"Blue Slaver","floor":14,"turns":4},{"damage":0,"enemies":"Hexaghost","floor":16,"turns":9},{"damage":6,"enemies":"2 Thieves","floor":18,"turns":4},{"damage":14,"enemies":"Colosseum Slavers","floor":21,"turns":3},{"damage":1,"enemies":"Colosseum Nobs","floor":21,"turns":7},{"damage":4,"enemies":"Slavers","floor":23,"turns":5},{"damage":0,"enemies":"Gremlin Leader","floor":25,"turns":6},{"damage":7,"enemies":"Slavers","floor":27,"turns":4},{"damage":0,"enemies":"3 Byrds","floor":28,"turns":3},{"damage":27,"enemies":"Gremlin Leader","floor":30,"turns":3},{"damage":14,"enemies":"Automaton","floor":33,"turns":6},{"damage":0,"enemies":"Orb Walker","floor":35,"turns":2},{"damage":10,"enemies":"2 Orb Walkers","floor":36,"turns":3},{"damage":1,"enemies":"3 Darklings","floor":37,"turns":2},{"damage":1,"enemies":"Nemesis","floor":40,"turns":7},{"damage":0,"enemies":"Writhing Mass","floor":41,"turns":4},{"damage":14,"enemies":"Reptomancer","floor":42,"turns":4},{"damage":12,"enemies":"Giant Head","floor":44,"turns":7},{"damage":0,"enemies":"Time Eater","floor":50,"turns":11},{"damage":19,"enemies":"Shield and Spear","floor":54,"turns":4},{"damage":0,"enemies":"The Heart","floor":55,"turns":11}],"seed_played":"2892920070509814167","potions_obtained":[{"floor":1,"key":"SteroidPotion"},{"floor":8,"key":"PowerPotion"},{"floor":10,"key":"Strength Potion"},{"floor":14,"key":"Fire Potion"},{"floor":16,"key":"EssenceOfSteel"},{"floor":18,"key":"FearPotion"},{"floor":30,"key":"Fire Potion"},{"floor":33,"key":"Poison Potion"},{"floor":36,"key":"SkillPotion"},{"floor":37,"key":"AttackPotion"},{"floor":42,"key":"GamblersBrew"},{"floor":44,"key":"Energy Potion"}],"is_trial":false,"path_per_floor":["M","?","$","?","M","R","E","M","T","E","R","E","?","M","R","B",null,"M","?","$","?","?","E","R","E","T","E","M","R","E","T","R","B",null,"M","?","M","?","$","E","M","E","T","E","$","?","$","?","R","B",null,"R","$","E","B",null],"character_chosen":"THE_SILENT","items_purchased":["Gremlin Horn","Regen Potion","Blood Vial","Acrobatics","Leg Sweep","Backstab+1","Infinite Blades","Energy Potion","Predator+1","Tactician+1","Blind+1","DollysMirror","Bottled Lightning","Backflip+1","Calculated Gamble+1","Deep Breath+1","Backflip+1"],"campfire_rested":0,"item_purchase_floors":[20,20,39,39,39,39,39,39,39,45,45,45,45,47,47,47,53],"current_hp_per_floor":[63,50,50,50,50,50,37,37,37,24,24,17,10,9,9,9,63,57,57,57,57,57,53,53,53,53,46,46,46,19,19,19,30,63,63,53,52,52,52,53,55,43,43,33,33,23,23,23,23,50,63,63,63,54,73],"gold":25,"neow_bonus":"THREE_RARE_CARDS","is_prod":false,"is_daily":false,"chose_seed":false,"campfire_upgraded":7,"win_rate":0,"timestamp":1554527274,"path_taken":["M","?","$","?","M","R","E","M","T","E","R","E","?","M","R","BOSS","M","?","$","?","?","E","R","E","T","E","M","R","E","?","R","BOSS","M","?","M","?","$","E","M","E","T","E","$","?","$","?","R","BOSS","R","$","E","BOSS"],"build_version":"2019-04-04","purchased_purges":3,"victory":true,"max_hp_per_floor":[63,63,63,63,63,63,63,63,63,63,63,63,63,63,63,63,63,63,63,63,63,63,63,63,63,63,63,63,63,63,63,63,63,63,63,63,63,63,63,63,63,63,63,63,63,63,63,63,63,63,63,63,63,73,73],"card_choices":[{"not_picked":["Bullet Time","Die Die Die"],"picked":"Tools of the Trade","floor":0},{"not_picked":["Caltrops","Prepared"],"picked":"Flying Knee","floor":1},{"not_picked":["Poisoned Stab","Expertise"],"picked":"Dagger Spray","floor":5},{"not_picked":["Prepared","Expertise"],"picked":"Well Laid Plans","floor":7},{"not_picked":["Backstab","Concentrate"],"picked":"Infinite Blades","floor":8},{"not_picked":["Deflect","Unload+1"],"picked":"Bullet Time","floor":10},{"not_picked":["Escape Plan","Bane+1"],"picked":"Sucker Punch+1","floor":12},{"not_picked":["Slice+1","Skewer+1"],"picked":"Blade Dance","floor":14},{"not_picked":["Envenom","Unload+1"],"picked":"Phantasmal Killer","floor":16},{"not_picked":["Dagger Throw+1","Bane+1"],"picked":"Finisher+1","floor":18},{"not_picked":["Cloak And Dagger","Acrobatics+1"],"picked":"PiercingWail","floor":21},{"not_picked":["Masterful Stab+1","Prepared"],"picked":"Deflect","floor":23},{"not_picked":["Dodge and Roll","Eviscerate+1"],"picked":"Dagger Spray+1","floor":25},{"not_picked":["Night Terror","Poisoned Stab+1"],"picked":"Envenom","floor":27},{"not_picked":["Underhanded Strike+1","Caltrops"],"picked":"Cloak And Dagger","floor":28},{"not_picked":["Heel Hook+1","Quick Slash+1"],"picked":"A Thousand Cuts","floor":30},{"not_picked":["Envenom","Doppelganger"],"picked":"Die Die Die+1","floor":33},{"not_picked":["Masterful Stab+1","Expertise+1"],"picked":"Well Laid Plans+1","floor":35},{"not_picked":["Concentrate+1","Deadly Poison"],"picked":"Dagger Throw+1","floor":36},{"not_picked":["All Out Attack+1","Catalyst"],"picked":"Backflip+1","floor":37},{"not_picked":["Choke+1","Bane+1"],"picked":"Leg Sweep+1","floor":40},{"not_picked":["Dagger Spray+1","Deflect+1"],"picked":"Cloak And Dagger+1","floor":41},{"not_picked":["Dagger Spray+1","Bullet Time+1"],"picked":"Cloak And Dagger+1","floor":42},{"not_picked":["Distraction+1","Dagger Throw+1"],"picked":"Acrobatics+1","floor":44},{"not_picked":["Forethought+1","Bandage Up+1"],"picked":"Deep Breath+1","floor":46},{"not_picked":["Bandage Up+1","Enlightenment+1"],"picked":"Finesse+1","floor":46},{"not_picked":["Blind+1","Panacea+1"],"picked":"Flash of Steel+1","floor":46},{"not_picked":["All Out Attack+1","Underhanded Strike+1"],"picked":"Blade Dance+1","floor":54}],"player_experience":5171184,"relics_obtained":[{"floor":7,"key":"Sundial"},{"floor":9,"key":"Molten Egg 2"},{"floor":10,"key":"Blue Candle"},{"floor":12,"key":"Tingsha"},{"floor":21,"key":"Torii"},{"floor":21,"key":"Pantograph"},{"floor":23,"key":"Kunai"},{"floor":25,"key":"Gambling Chip"},{"floor":26,"key":"Ancient Tea Set"},{"floor":27,"key":"Tough Bandages"},{"floor":30,"key":"Whetstone"},{"floor":31,"key":"Mercury Hourglass"},{"floor":36,"key":"Du-Vu Doll"},{"floor":40,"key":"Tiny Chest"},{"floor":40,"key":"Toxic Egg 2"},{"floor":42,"key":"Art of War"},{"floor":42,"key":"Nunchaku"},{"floor":44,"key":"Paper Crane"},{"floor":44,"key":"Bottled Tornado"},{"floor":54,"key":"Pear"},{"floor":54,"key":"Letter Opener"}],"event_choices":[{"damage_healed":0,"gold_gain":0,"player_choice":"Entered Light","damage_taken":13,"max_hp_gain":0,"max_hp_loss":0,"event_name":"Shining Light","floor":2,"gold_loss":0,"cards_upgraded":["Tools of the Trade","Strike_G"]},{"damage_healed":0,"gold_gain":0,"player_choice":"Box","damage_taken":0,"relics_obtained":["Vajra"],"max_hp_gain":0,"max_hp_loss":0,"event_name":"Big Fish","floor":4,"gold_loss":0,"cards_obtained":["Regret"]},{"damage_healed":0,"gold_gain":0,"player_choice":"Success","damage_taken":7,"relics_obtained":["Turnip"],"max_hp_gain":0,"max_hp_loss":0,"event_name":"Scrap Ooze","floor":13,"gold_loss":0},{"damage_healed":0,"gold_gain":0,"player_choice":"Simplicity","damage_taken":0,"max_hp_gain":0,"max_hp_loss":0,"event_name":"Back to Basics","floor":19,"gold_loss":0,"cards_upgraded":["Defend_G","Defend_G","Defend_G","Defend_G","Defend_G","Strike_G","Strike_G","Strike_G"]},{"damage_healed":0,"gold_gain":0,"player_choice":"Fight","damage_taken":0,"max_hp_gain":0,"max_hp_loss":0,"event_name":"Colosseum","floor":21,"gold_loss":0},{"damage_healed":0,"gold_gain":0,"player_choice":"Fought Nobs","damage_taken":0,"max_hp_gain":0,"max_hp_loss":0,"event_name":"Colosseum","floor":21,"gold_loss":0},{"cards_removed":["Regret"],"damage_healed":0,"gold_gain":0,"player_choice":"Gave Gold","damage_taken":0,"max_hp_gain":0,"max_hp_loss":0,"event_name":"Beggar","floor":22,"gold_loss":75},{"damage_healed":0,"gold_gain":0,"player_choice":"Fight","damage_taken":0,"max_hp_gain":0,"max_hp_loss":0,"event_name":"Mysterious Sphere","floor":36,"gold_loss":0},{"damage_healed":0,"gold_gain":999,"player_choice":"Gold","damage_taken":0,"max_hp_gain":0,"max_hp_loss":0,"event_name":"MindBloom","floor":38,"gold_loss":0,"cards_obtained":["Normality","Normality"]},{"damage_healed":0,"gold_gain":0,"player_choice":"Memory 3","damage_taken":10,"max_hp_gain":0,"max_hp_loss":0,"event_name":"SensoryStone","floor":46,"gold_loss":0},{"cards_removed":["Flash of Steel"],"damage_healed":0,"gold_gain":0,"player_choice":"Removed Attack","damage_taken":0,"max_hp_gain":0,"max_hp_loss":0,"event_name":"Falling","floor":48,"gold_loss":0}],"is_beta":true,"boss_relics":[{"not_picked":["Fusion Hammer","Eternal Feather"],"picked":"Coffee Dripper"},{"not_picked":["Tiny House","Pandora\u0027s Box"],"picked":"Black Star"}],"items_purged_floors":[3,39,45],"is_endless":false,"potions_floor_spawned":[1,8,10,14,16,18,21,30,33,36,37,42,44],"ascension_level":1}