{"gold_per_floor":[115,133,151,166,166,166,241,19,19,82,82,99,126,145,145,249,249,268,281,298,298,310,310,41,41,41,41,76,93,120,135,135,238,238,249,249,249,263,277,312,322,340,340,365,385,411,423,249,249,249],"floor_reached":51,"playtime":2823,"items_purged":["Defend_G","Strike_G+1","Strike_G+1"],"score":908,"play_id":"a931413f-f0c4-4490-b14a-1a09a2147b0f","local_time":"20190314220938","is_ascension_mode":false,"campfire_choices":[{"data":"Neutralize","floor":6,"key":"SMITH"},{"data":"All Out Attack","floor":11,"key":"SMITH"},{"data":"Glass Knife","floor":15,"key":"SMITH"},{"data":"Envenom","floor":23,"key":"SMITH"},{"data":"Cloak And Dagger","floor":25,"key":"SMITH"},{"floor":32,"key":"REST"},{"data":"Well Laid Plans","floor":49,"key":"SMITH"}],"neow_cost":"NONE","seed_source_timestamp":131134245476016,"circlet_count":0,"master_deck":["Defend_G+1","Defend_G+1","Defend_G+1","Defend_G+1","Strike_G+1","Strike_G+1","Strike_G+1","Survivor","Neutralize+1","Terror","Noxious Fumes+1","Well Laid Plans+1","All Out Attack+1","Backstab","Dodge and Roll","Glass Knife+1","Envenom+1","Backflip+1","Cloak And Dagger+1","Backflip+1","Finesse","Crippling Poison+1","PiercingWail+1","Cloak And Dagger","After Image","Dagger Throw+1","Blade Dance+1","Caltrops+1","Cloak And Dagger+1","Acrobatics+1","Flash of Steel"],"relics":["Ring of the Snake","Regal Pillow","Oddly Smooth Stone","Ninja Scroll","The Courier","Ancient Tea Set","Black Star","Orichalcum","Pantograph","Happy Flower","WingedGreaves","Omamori","PreservedInsect","Cursed Key","Kunai","Pear","The Specimen","Boot","Incense Burner","Ornamental Fan","Calipers"],"potions_floor_usage":[4,10,20,33,40],"damage_taken":[{"damage":2,"enemies":"Small Slimes","floor":1,"turns":4},{"damage":0,"enemies":"2 Louse","floor":2,"turns":2},{"damage":0,"enemies":"Jaw Worm","floor":3,"turns":3},{"damage":2,"enemies":"Lots of Slimes","floor":4,"turns":4},{"damage":13,"enemies":"Lagavulin Event","floor":10,"turns":5},{"damage":0,"enemies":"2 Fungi Beasts","floor":12,"turns":2},{"damage":9,"enemies":"Lagavulin","floor":13,"turns":6},{"damage":0,"enemies":"Large Slime","floor":14,"turns":4},{"damage":0,"enemies":"Slime Boss","floor":16,"turns":4},{"damage":0,"enemies":"3 Byrds","floor":18,"turns":4},{"damage":0,"enemies":"Spheric Guardian","floor":19,"turns":3},{"damage":1,"enemies":"3 Cultists","floor":20,"turns":5},{"damage":13,"enemies":"Sentry and Sphere","floor":22,"turns":8},{"damage":4,"enemies":"Book of Stabbing","floor":28,"turns":5},{"damage":0,"enemies":"Centurion and Healer","floor":29,"turns":5},{"damage":20,"enemies":"Gremlin Leader","floor":30,"turns":6},{"damage":2,"enemies":"Shelled Parasite and Fungi","floor":31,"turns":4},{"damage":56,"enemies":"Collector","floor":33,"turns":8},{"damage":0,"enemies":"3 Darklings","floor":35,"turns":4},{"damage":0,"enemies":"3 Shapes","floor":38,"turns":3},{"damage":0,"enemies":"3 Darklings","floor":39,"turns":5},{"damage":0,"enemies":"Nemesis","floor":40,"turns":3},{"damage":1,"enemies":"Sphere and 2 Shapes","floor":41,"turns":6},{"damage":0,"enemies":"Writhing Mass","floor":42,"turns":6},{"damage":0,"enemies":"Giant Head","floor":44,"turns":7},{"damage":2,"enemies":"3 Darklings","floor":45,"turns":4},{"damage":8,"enemies":"Reptomancer","floor":46,"turns":5},{"damage":0,"enemies":"Maw","floor":47,"turns":6},{"damage":0,"enemies":"Awakened One","floor":50,"turns":13}],"seed_played":"5940532431761008907","potions_obtained":[{"floor":1,"key":"SkillPotion"},{"floor":4,"key":"Fire Potion"},{"floor":12,"key":"Dexterity Potion"},{"floor":14,"key":"SneckoOil"},{"floor":16,"key":"Explosive Potion"},{"floor":29,"key":"LiquidBronze"},{"floor":30,"key":"Fire Potion"},{"floor":38,"key":"Swift Potion"},{"floor":40,"key":"Weak Potion"}],"is_trial":false,"path_per_floor":["M","M","M","M","?","R","?","$","T","?","R","M","E","M","R","B",null,"M","M","M","?","M","R","$","R","T","?","E","M","E","M","R","B",null,"M","?","?","M","M","E","M","M","T","E","M","E","M","$","R","B",null],"character_chosen":"THE_SILENT","items_purchased":["Oddly Smooth Stone","Finesse","Orichalcum","Flash of Steel"],"campfire_rested":1,"item_purchase_floors":[8,24,24,48],"current_hp_per_floor":[68,68,68,66,66,66,55,55,55,42,42,42,33,33,33,33,70,70,70,69,69,56,56,56,56,56,43,39,39,19,17,54,19,75,75,71,71,71,71,81,80,80,80,80,78,70,70,70,70,81],"gold":249,"neow_bonus":"RANDOM_COMMON_RELIC","is_prod":false,"is_daily":false,"chose_seed":false,"campfire_upgraded":6,"win_rate":0,"timestamp":1552601378,"path_taken":["M","M","M","M","?","R","?","$","T","?","R","M","E","M","R","BOSS","M","M","M","?","M","R","$","R","T","?","E","M","E","M","R","BOSS","M","?","?","M","M","E","M","M","T","E","M","E","?","$","R","BOSS"],"build_version":"2019-02-06","purchased_purges":3,"victory":true,"max_hp_per_floor":[70,70,70,70,70,70,70,70,70,70,70,70,70,70,70,70,70,70,70,70,70,70,70,70,70,70,75,75,75,75,75,75,75,75,75,71,71,71,71,81,81,81,81,81,81,81,81,81,81,81],"card_choices":[{"not_picked":["Setup","Deflect"],"picked":"Terror","floor":1},{"not_picked":["Finisher","Poisoned Stab"],"picked":"Noxious Fumes","floor":2},{"not_picked":["Backflip","Outmaneuver"],"picked":"Well Laid Plans","floor":3},{"not_picked":["Slice","Underhanded Strike"],"picked":"All Out Attack","floor":4},{"not_picked":["Setup","Sucker Punch"],"picked":"Backstab","floor":10},{"not_picked":["Heel Hook","Poisoned Stab"],"picked":"Dodge and Roll","floor":12},{"not_picked":["Dodge and Roll","Flying Knee"],"picked":"Glass Knife","floor":13},{"not_picked":["Reflex","Distraction","Setup"],"picked":"SKIP","floor":14},{"not_picked":["Glass Knife","Doppelganger"],"picked":"Envenom","floor":16},{"not_picked":["Dagger Spray","Prepared+1"],"picked":"Backflip+1","floor":18},{"not_picked":["Escape Plan","All Out Attack"],"picked":"Cloak And Dagger","floor":19},{"not_picked":["Corpse Explosion","Prepared","Slice"],"picked":"SKIP","floor":20},{"not_picked":["Concentrate","Dodge and Roll"],"picked":"Backflip+1","floor":22},{"not_picked":["Underhanded Strike","Quick Slash","Accuracy"],"picked":"SKIP","floor":28},{"not_picked":["Underhanded Strike","Dash+1"],"picked":"Crippling Poison+1","floor":29},{"not_picked":["Flechettes","Crippling Poison"],"picked":"PiercingWail+1","floor":30},{"not_picked":["Prepared+1","Deflect"],"picked":"Cloak And Dagger","floor":31},{"not_picked":["Envenom","Wraith Form v2"],"picked":"After Image","floor":33},{"not_picked":["Dash","Prepared","Crippling Poison+1"],"picked":"SKIP","floor":35},{"not_picked":["Well Laid Plans+1","Flying Knee+1"],"picked":"Dagger Throw+1","floor":38},{"not_picked":["Prepared+1","Slice"],"picked":"Blade Dance+1","floor":39},{"not_picked":["Underhanded Strike","Setup+1"],"picked":"Caltrops+1","floor":40},{"not_picked":["Dodge and Roll","Riddle With Holes+1"],"picked":"Cloak And Dagger+1","floor":41},{"not_picked":["Deadly Poison+1","Deflect+1","Quick Slash"],"picked":"SKIP","floor":42},{"not_picked":["Heel Hook","Corpse Explosion","Concentrate+1"],"picked":"SKIP","floor":44},{"not_picked":["Flying Knee","Dodge and Roll+1"],"picked":"Acrobatics+1","floor":45},{"not_picked":["Heel Hook","Predator","Dash+1"],"picked":"SKIP","floor":46},{"not_picked":["Endless Agony+1","Predator","Tactician+1"],"picked":"SKIP","floor":47}],"player_experience":1088423,"relics_obtained":[{"floor":9,"key":"Ninja Scroll"},{"floor":13,"key":"Ancient Tea Set"},{"floor":26,"key":"Pantograph"},{"floor":28,"key":"Happy Flower"},{"floor":28,"key":"WingedGreaves"},{"floor":30,"key":"Omamori"},{"floor":30,"key":"PreservedInsect"},{"floor":40,"key":"Kunai"},{"floor":40,"key":"Pear"},{"floor":43,"key":"The Specimen"},{"floor":44,"key":"Boot"},{"floor":44,"key":"Incense Burner"},{"floor":46,"key":"Ornamental Fan"},{"floor":46,"key":"Calipers"}],"event_choices":[{"damage_healed":0,"gold_gain":0,"player_choice":"Grow","damage_taken":0,"max_hp_gain":0,"max_hp_loss":0,"event_name":"Living Wall","floor":5,"gold_loss":0,"cards_upgraded":["Noxious Fumes"]},{"damage_healed":0,"gold_gain":75,"player_choice":"Gather Gold","damage_taken":11,"max_hp_gain":0,"max_hp_loss":0,"event_name":"World of Goop","floor":7,"gold_loss":0},{"damage_healed":0,"gold_gain":0,"player_choice":"Searched \u00272\u0027 times","damage_taken":0,"relics_obtained":["The Courier"],"max_hp_gain":0,"max_hp_loss":0,"event_name":"Dead Adventurer","floor":10,"gold_loss":0},{"damage_healed":0,"gold_gain":0,"player_choice":"Simplicity","damage_taken":0,"max_hp_gain":0,"max_hp_loss":0,"event_name":"Back to Basics","floor":21,"gold_loss":0,"cards_upgraded":["Defend_G","Defend_G","Defend_G","Defend_G","Strike_G","Strike_G","Strike_G","Strike_G","Strike_G"]},{"damage_healed":0,"gold_gain":0,"player_choice":"Shed Blood","damage_taken":18,"max_hp_gain":5,"max_hp_loss":0,"event_name":"Forgotten Altar","floor":27,"gold_loss":0},{"damage_healed":0,"gold_gain":0,"player_choice":"Max HP","damage_taken":0,"max_hp_gain":0,"max_hp_loss":4,"event_name":"Winding Halls","floor":36,"gold_loss":0},{"damage_healed":0,"gold_gain":0,"player_choice":"0 cards matched","damage_taken":0,"max_hp_gain":0,"max_hp_loss":0,"event_name":"Match and Keep!","floor":37,"gold_loss":0,"cards_obtained":[]}],"is_beta":true,"boss_relics":[{"not_picked":["HoveringKite","Lizard Tail"],"picked":"Black Star"},{"not_picked":["Velvet Choker","Orrery"],"picked":"Cursed Key"}],"items_purged_floors":[8,24,48],"is_endless":false,"potions_floor_spawned":[1,4,12,14,16,18,29,30,31,38,39,40,44,46],"ascension_level":0}