{"gold_per_floor":[110,129,143,156,173,173,173,173,173,185,185,195,195,2,2,107,107,117,130,143,418,20,20,53,53],"floor_reached":25,"playtime":777,"items_purged":["Regret"],"score":326,"play_id":"900c02b6-618b-49d7-ae67-f90dae4faa7d","local_time":"20190205042904","is_ascension_mode":true,"campfire_choices":[{"data":"Fission","floor":6,"key":"SMITH"},{"floor":8,"key":"REST"},{"floor":13,"key":"REST"},{"data":"White Noise","floor":15,"key":"SMITH"},{"floor":23,"key":"REST"}],"neow_cost":"NONE","seed_source_timestamp":531660172785230,"circlet_count":0,"master_deck":["Strike_B+1","Strike_B+1","Strike_B","Strike_B","Defend_B","Defend_B","Defend_B","Defend_B","Zap","Dualcast","Chill","White Noise+1","Fission+1","Auto Shields","Doom and Gloom","Conserve Battery","Fission+1","Seek","BootSequence","Ball Lightning","Conserve Battery","Storm","Creative AI","Self Repair","Loop","Defragment+1"],"relics":["Cracked Core","Whetstone","Pear","GremlinMask","DollysMirror","Orrery","Strawberry","Lantern","Blue Candle"],"potions_floor_usage":[20,20,24],"damage_taken":[{"damage":2,"enemies":"Jaw Worm","floor":1,"turns":3},{"damage":7,"enemies":"Small Slimes","floor":2,"turns":3},{"damage":9,"enemies":"Cultist","floor":3,"turns":4},{"damage":16,"enemies":"Exordium Thugs","floor":4,"turns":4},{"damage":10,"enemies":"Red Slaver","floor":5,"turns":3},{"damage":0,"enemies":"Exordium Wildlife","floor":10,"turns":3},{"damage":11,"enemies":"2 Fungi Beasts","floor":12,"turns":3},{"damage":22,"enemies":"The Guardian","floor":16,"turns":10},{"damage":0,"enemies":"3 Byrds","floor":18,"turns":5},{"damage":44,"enemies":"Chosen","floor":19,"turns":7},{"damage":29,"enemies":"Snake Plant","floor":20,"turns":6},{"damage":25,"enemies":"Book of Stabbing","floor":24,"turns":7},{"damage":27,"enemies":"Centurion and Healer","floor":25,"turns":6}],"seed_played":"6500401395554834431","potions_obtained":[{"floor":3,"key":"Energy Potion"},{"floor":10,"key":"Dexterity Potion"},{"floor":16,"key":"Ancient Potion"},{"floor":18,"key":"FocusPotion"},{"floor":24,"key":"LiquidBronze"}],"is_trial":false,"path_per_floor":["M","M","M","M","M","R","?","R","T","M","?","M","R","$","R","B",null,"M","M","M","?","$","R","E","M"],"character_chosen":"DEFECT","items_purchased":["DollysMirror","Loop","Strawberry","Lantern"],"campfire_rested":3,"item_purchase_floors":[14,22,22,22],"current_hp_per_floor":[66,59,50,34,24,24,24,46,56,56,56,45,70,70,70,48,76,76,32,3,3,10,37,19,0],"gold":53,"neow_bonus":"RANDOM_COMMON_RELIC","is_prod":false,"is_daily":false,"chose_seed":false,"campfire_upgraded":2,"win_rate":0,"timestamp":1549351744,"path_taken":["M","M","M","M","M","R","?","R","T","M","?","M","R","$","R","BOSS","M","M","?","?","$","R","E","?"],"build_version":"2019-01-23","purchased_purges":1,"victory":false,"max_hp_per_floor":[75,75,75,75,75,75,75,75,85,85,85,85,85,85,85,85,85,85,85,85,85,92,92,92,92],"card_choices":[{"not_picked":["Hologram","Aggregate"],"picked":"Chill","floor":1},{"not_picked":["Redo","Steam"],"picked":"White Noise","floor":2},{"not_picked":["Rip and Tear","Go for the Eyes","Fusion"],"picked":"SKIP","floor":3},{"not_picked":["Beam Cell","Gash"],"picked":"Fission","floor":4},{"not_picked":["Capacitor","Rebound"],"picked":"Auto Shields","floor":5},{"not_picked":["FTL","Hologram"],"picked":"Doom and Gloom","floor":10},{"not_picked":["Turbo","Hologram"],"picked":"Conserve Battery","floor":12},{"not_picked":["Meteor Strike","Reboot"],"picked":"Seek","floor":16},{"not_picked":["Turbo","Sweeping Beam"],"picked":"BootSequence","floor":17},{"not_picked":["Beam Cell","Steam"],"picked":"Ball Lightning","floor":17},{"not_picked":["Melter","Streamline"],"picked":"Conserve Battery","floor":17},{"not_picked":["Beam Cell","Hologram"],"picked":"Storm","floor":18},{"not_picked":["Compile Driver+1","Coolheaded"],"picked":"Creative AI","floor":19},{"not_picked":["Coolheaded","Consume"],"picked":"Self Repair","floor":20},{"not_picked":["Loop","Beam Cell"],"picked":"Defragment+1","floor":24}],"player_experience":720968,"relics_obtained":[{"floor":9,"key":"Pear"},{"floor":24,"key":"Blue Candle"}],"event_choices":[{"damage_healed":0,"gold_gain":0,"player_choice":"Ignored","damage_taken":0,"max_hp_gain":0,"max_hp_loss":0,"event_name":"Golden Wing","floor":7,"gold_loss":0},{"damage_healed":0,"gold_gain":0,"player_choice":"Trade","damage_taken":0,"relics_obtained":["GremlinMask"],"max_hp_gain":0,"max_hp_loss":0,"event_name":"FaceTrader","floor":11,"gold_loss":0},{"damage_healed":0,"gold_gain":275,"player_choice":"Desecrate","damage_taken":0,"max_hp_gain":0,"max_hp_loss":0,"event_name":"Golden Shrine","floor":21,"gold_loss":0,"cards_obtained":["Regret"]}],"is_beta":false,"boss_relics":[{"not_picked":["Snecko Eye","Runic Dome"],"picked":"Orrery"}],"items_purged_floors":[22],"is_endless":false,"potions_floor_spawned":[3,10,16,18,24],"killed_by":"Centurion and Healer","ascension_level":8}