{"gold_per_floor":[109,109,127,27,27,27,53,69,92,92,92,167,181,181,181,258,258,272,272,6,6,26,26,26,52,78,109,109,443,0,30,30,108,108,128,16,116,116,116,116,148,158,158,208,40,11,11,27,27,27,27,27,27,0,27,27],"floor_reached":57,"playtime":6209,"items_purged":["Strike_B","Strike_B","Strike_B"],"score":2771,"play_id":"5935edb4-1960-4ba2-b104-57369a6ab85e","local_time":"20190512211111","is_ascension_mode":true,"campfire_choices":[{"data":"Cold Snap","floor":6,"key":"SMITH"},{"data":"Sweeping Beam","floor":10,"key":"SMITH"},{"data":"Static Discharge","floor":15,"key":"SMITH"},{"floor":23,"key":"REST"},{"floor":28,"key":"REST"},{"floor":32,"key":"REST"},{"floor":40,"key":"REST"},{"floor":49,"key":"RECALL"},{"floor":53,"key":"REST"}],"neow_cost":"NONE","seed_source_timestamp":1240300690646933,"circlet_count":0,"master_deck":["AscendersBane","Defend_B","Defend_B","Zap+1","Dualcast","Cold Snap+1","Static Discharge+1","Cold Snap","Leap","Sweeping Beam+1","Echo Form","Consume","Biased Cognition","Skim","Seek","Biased Cognition","BootSequence","PanicButton","Cold Snap+1","Seek","Chill","Coolheaded","Leap","Blizzard+1","Compile Driver"],"relics":["Cracked Core","Orichalcum","Fusion Hammer","Nloth\u0027s Gift","PreservedInsect","Mercury Hourglass","Art of War","Mummified Hand","Old Coin","Membership Card","Cables","Gambling Chip","Nuclear Battery","OrangePellets","Calipers","Gremlin Horn","Potion Belt","Mango","Medical Kit","DataDisk"],"potions_floor_usage":[7,18,31,44,50,50,56,56,56,56,56,56,56,56],"damage_taken":[{"damage":1,"enemies":"Cultist","floor":1,"turns":4},{"damage":6,"enemies":"2 Louse","floor":3,"turns":3},{"damage":27,"enemies":"Gremlin Nob","floor":7,"turns":5},{"damage":0,"enemies":"Small Slimes","floor":8,"turns":3},{"damage":0,"enemies":"3 Louse","floor":13,"turns":3},{"damage":9,"enemies":"Hexaghost","floor":16,"turns":9},{"damage":13,"enemies":"2 Thieves","floor":18,"turns":4},{"damage":3,"enemies":"Spheric Guardian","floor":22,"turns":3},{"damage":23,"enemies":"Book of Stabbing","floor":25,"turns":2},{"damage":17,"enemies":"Gremlin Leader","floor":27,"turns":3},{"damage":10,"enemies":"Slavers","floor":29,"turns":2},{"damage":0,"enemies":"Gremlin Leader","floor":31,"turns":5},{"damage":39,"enemies":"Collector","floor":33,"turns":6},{"damage":3,"enemies":"3 Darklings","floor":35,"turns":5},{"damage":0,"enemies":"Mind Bloom Boss Battle","floor":37,"turns":7},{"damage":1,"enemies":"Reptomancer","floor":41,"turns":5},{"damage":4,"enemies":"3 Shapes","floor":42,"turns":4},{"damage":16,"enemies":"2 Orb Walkers","floor":44,"turns":4},{"damage":0,"enemies":"3 Darklings","floor":48,"turns":5},{"damage":10,"enemies":"Awakened One","floor":50,"turns":13},{"damage":0,"enemies":"Time Eater","floor":51,"turns":18},{"damage":12,"enemies":"Shield and Spear","floor":55,"turns":6},{"damage":38,"enemies":"The Heart","floor":56,"turns":10}],"seed_played":"8466939043483797876","potions_obtained":[{"floor":1,"key":"Block Potion"},{"floor":8,"key":"AttackPotion"},{"floor":14,"key":"Dexterity Potion"},{"floor":22,"key":"SkillPotion"},{"floor":27,"key":"Regen Potion"},{"floor":33,"key":"EntropicBrew"},{"floor":37,"key":"Weak Potion"},{"floor":44,"key":"FearPotion"},{"floor":55,"key":"Strength Potion"}],"is_trial":false,"path_per_floor":["M","?","M","$","?","R","E","M","T","R","?","?","M","?","R","B",null,"M","?","$","T","M","R","?","E","T","E","R","E","$","E","R","B",null,"M","$","?","?","?","R","E","M","T","?","$","$","?","M","R","B","B",null,"R","$","E","B",null],"character_chosen":"DEFECT","items_purchased":["Cold Snap","PreservedInsect","Membership Card","Cables","Skim","OrangePellets","Coolheaded","Medical Kit","FocusPotion","PowerPotion","Strength Potion"],"campfire_rested":5,"item_purchase_floors":[4,20,30,30,30,36,45,45,45,46,54],"current_hp_per_floor":[63,63,57,57,50,50,23,23,23,23,46,35,35,35,35,26,60,47,47,47,47,44,65,65,42,42,25,46,36,36,50,71,32,61,58,58,58,48,48,69,68,64,64,62,62,62,62,62,62,52,52,77,85,85,73,35],"gold":27,"neow_bonus":"UPGRADE_CARD","is_prod":false,"is_daily":false,"chose_seed":false,"campfire_upgraded":3,"win_rate":0,"timestamp":1557691871,"path_taken":["M","?","M","$","?","R","E","M","T","R","?","?","M","?","R","BOSS","M","?","$","?","M","R","?","E","T","E","R","E","$","E","R","BOSS","M","$","?","?","?","R","E","M","T","?","?","$","?","M","R","BOSS","BOSS","R","$","E","BOSS"],"build_version":"2019-05-07","purchased_purges":3,"victory":true,"max_hp_per_floor":[71,71,71,71,71,71,71,71,71,71,71,71,71,71,71,71,71,71,71,71,71,71,71,71,71,71,71,71,71,71,71,71,71,71,71,71,71,71,71,71,71,71,71,85,85,85,85,85,85,85,85,85,85,85,85,85],"card_choices":[{"not_picked":["Redo","Rebound"],"picked":"Cold Snap","floor":1},{"not_picked":["Hologram","Stack"],"picked":"Static Discharge","floor":3},{"not_picked":["Storm","Reprogram"],"picked":"Leap","floor":7},{"not_picked":["Barrage","Leap"],"picked":"Sweeping Beam","floor":8},{"not_picked":["Rebound","Sweeping Beam","Leap"],"picked":"SKIP","floor":13},{"not_picked":["Seek","Thunder Strike"],"picked":"Echo Form","floor":16},{"not_picked":["Coolheaded","Chaos"],"picked":"Ball Lightning","floor":18},{"not_picked":["Hyperbeam","Steam","Go for the Eyes"],"picked":"SKIP","floor":22},{"not_picked":["Rebound","Compile Driver","Ball Lightning"],"picked":"SKIP","floor":25},{"not_picked":["Scrape+1","Rainbow"],"picked":"Biased Cognition","floor":27},{"not_picked":["Cold Snap","Beam Cell","Reprogram"],"picked":"SKIP","floor":29},{"not_picked":["White Noise","Reboot"],"picked":"Seek","floor":31},{"not_picked":["Fission","Rainbow"],"picked":"Biased Cognition","floor":33},{"not_picked":["Barrage+1","Melter"],"picked":"BootSequence","floor":35},{"not_picked":["Panacea","HandOfGreed"],"picked":"PanicButton","floor":38},{"not_picked":["Redo","Beam Cell+1"],"picked":"Cold Snap+1","floor":41},{"not_picked":["Stack","Rebound"],"picked":"Seek","floor":42},{"not_picked":["Streamline","Compile Driver"],"picked":"Chill","floor":44},{"not_picked":["Barrage","Electrodynamics"],"picked":"Blizzard+1","floor":48},{"not_picked":["Sunder+1","Stack"],"picked":"Compile Driver","floor":55}],"player_experience":1390907,"relics_obtained":[{"floor":7,"key":"Juzu Bracelet"},{"floor":9,"key":"Orichalcum"},{"floor":21,"key":"Mercury Hourglass"},{"floor":25,"key":"Art of War"},{"floor":27,"key":"Mummified Hand"},{"floor":29,"key":"Old Coin"},{"floor":31,"key":"Gambling Chip"},{"floor":37,"key":"Calipers"},{"floor":41,"key":"Gremlin Horn"},{"floor":43,"key":"Potion Belt"},{"floor":44,"key":"Mango"},{"floor":55,"key":"DataDisk"}],"event_choices":[{"damage_healed":0,"gold_gain":0,"player_choice":"Ignored","damage_taken":0,"max_hp_gain":0,"max_hp_loss":0,"event_name":"Liars Game","floor":2,"gold_loss":0},{"cards_removed":["Strike_B"],"damage_healed":0,"gold_gain":0,"player_choice":"Card Removal","damage_taken":7,"max_hp_gain":0,"max_hp_loss":0,"event_name":"Golden Wing","floor":5,"gold_loss":0},{"damage_healed":23,"gold_gain":0,"player_choice":"Banana","damage_taken":0,"max_hp_gain":0,"max_hp_loss":0,"event_name":"Big Fish","floor":11,"gold_loss":0},{"damage_healed":0,"gold_gain":75,"player_choice":"Gather Gold","damage_taken":11,"max_hp_gain":0,"max_hp_loss":0,"event_name":"World of Goop","floor":12,"gold_loss":0},{"damage_healed":0,"gold_gain":0,"player_choice":"Got Potions","damage_taken":0,"max_hp_gain":0,"max_hp_loss":0,"event_name":"Lab","floor":14,"gold_loss":0},{"damage_healed":0,"gold_gain":0,"player_choice":"Traded Relic","damage_taken":0,"relics_obtained":["Nloth\u0027s Gift"],"max_hp_gain":0,"max_hp_loss":0,"event_name":"N\u0027loth","floor":19,"relics_lost":["Juzu Bracelet"],"gold_loss":0},{"damage_healed":0,"gold_gain":0,"cards_transformed":["Defend_B"],"player_choice":"Transformed","damage_taken":0,"max_hp_gain":0,"max_hp_loss":0,"event_name":"Transmorgrifier","floor":24,"gold_loss":0,"cards_obtained":["Consume"]},{"damage_healed":0,"gold_gain":0,"player_choice":"Fight","damage_taken":0,"max_hp_gain":0,"max_hp_loss":0,"event_name":"MindBloom","floor":37,"gold_loss":0},{"damage_healed":0,"gold_gain":0,"player_choice":"Memory 3","damage_taken":10,"max_hp_gain":0,"max_hp_loss":0,"event_name":"SensoryStone","floor":38,"gold_loss":0},{"cards_removed":["Ball Lightning"],"damage_healed":0,"gold_gain":0,"player_choice":"Removed Attack","damage_taken":0,"max_hp_gain":0,"max_hp_loss":0,"event_name":"Falling","floor":39,"gold_loss":0},{"damage_healed":0,"gold_gain":0,"player_choice":"Fight","damage_taken":0,"max_hp_gain":0,"max_hp_loss":0,"event_name":"Mysterious Sphere","floor":44,"gold_loss":0},{"damage_healed":0,"gold_gain":0,"cards_transformed":["Defend_B"],"player_choice":"Transformed","damage_taken":0,"max_hp_gain":0,"max_hp_loss":0,"event_name":"Transmorgrifier","floor":47,"gold_loss":0,"cards_obtained":["Leap"]}],"is_beta":true,"boss_relics":[{"not_picked":["Empty Cage","Calling Bell"],"picked":"Fusion Hammer"},{"not_picked":["FrozenCore","Pandora\u0027s Box"],"picked":"Nuclear Battery"}],"items_purged_floors":[4,20,30],"is_endless":false,"potions_floor_spawned":[1,8,22,27,33,37,41,44,55],"ascension_level":20}