{"gold_per_floor":[111,111,15,15,35,35,62,62,62,62,77,77,110,125,125,201,201,219,253,283,303,55,55,55,55,55,55,55,55,72,88,88,164,164,175,194,194,206,606,606,619,619,667,667,694,694,706,706,706,706],"floor_reached":50,"playtime":1709,"items_purged":[],"score":918,"play_id":"2ebd4848-2a14-49e4-b181-fa5d0c65ebce","local_time":"20190413101900","is_ascension_mode":true,"campfire_choices":[{"data":"Catalyst","floor":6,"key":"SMITH"},{"data":"Adrenaline","floor":10,"key":"SMITH"},{"data":"Concentrate","floor":12,"key":"SMITH"},{"floor":15,"key":"REST"},{"data":"Night Terror","floor":23,"key":"SMITH"},{"data":"Envenom","floor":24,"key":"SMITH"},{"data":"Eviscerate","floor":25,"key":"SMITH"},{"floor":27,"key":"REST"},{"floor":32,"key":"REST"},{"data":"A Thousand Cuts","floor":40,"key":"SMITH"},{"floor":42,"key":"REST"},{"floor":44,"key":"RECALL"},{"floor":46,"key":"REST"},{"floor":49,"key":"REST"}],"neow_cost":"NONE","seed_source_timestamp":158949403953065,"circlet_count":0,"master_deck":["AscendersBane","Defend_G","Defend_G","Defend_G","Defend_G","Defend_G","Strike_G","Strike_G","Strike_G","Strike_G","Strike_G","Survivor","Neutralize","Poisoned Stab","Noxious Fumes+1","Poisoned Stab","Catalyst+1","Adrenaline+1","Eviscerate+1","Neutralize","Concentrate+1","Night Terror+1","Dash","Envenom+1","Acrobatics","Dagger Spray","Writhe","Crippling Poison+1","Dagger Spray","Adrenaline","A Thousand Cuts+1","Footwork","Backstab","Bandage Up","Noxious Fumes","Flechettes+1","Bane","Blur","Riddle With Holes+1"],"relics":["Ring of the Snake","NeowsBlessing","WingedGreaves","Incense Burner","Ninja Scroll","Thread and Needle","Runic Dome","Red Mask","Tiny Chest","Bottled Tornado","Unceasing Top","FossilizedHelix","Philosopher\u0027s Stone","Old Coin","Snake Skull"],"potions_floor_usage":[16,19,50],"damage_taken":[{"damage":0,"enemies":"2 Louse","floor":1,"turns":1},{"damage":0,"enemies":"Small Slimes","floor":5,"turns":1},{"damage":0,"enemies":"Lagavulin","floor":7,"turns":1},{"damage":0,"enemies":"Cultist","floor":11,"turns":2},{"damage":24,"enemies":"Gremlin Nob","floor":13,"turns":5},{"damage":8,"enemies":"Exordium Thugs","floor":14,"turns":3},{"damage":35,"enemies":"Slime Boss","floor":16,"turns":11},{"damage":5,"enemies":"2 Thieves","floor":18,"turns":4},{"damage":27,"enemies":"Masked Bandits","floor":19,"turns":5},{"damage":0,"enemies":"Chosen","floor":21,"turns":4},{"damage":9,"enemies":"Shelled Parasite and Fungi","floor":30,"turns":4},{"damage":0,"enemies":"Centurion and Healer","floor":31,"turns":4},{"damage":25,"enemies":"Collector","floor":33,"turns":5},{"damage":11,"enemies":"Orb Walker","floor":35,"turns":3},{"damage":12,"enemies":"3 Darklings","floor":36,"turns":3},{"damage":0,"enemies":"Jaw Worm Horde","floor":38,"turns":4},{"damage":5,"enemies":"Mind Bloom Boss Battle","floor":39,"turns":6},{"damage":17,"enemies":"4 Shapes","floor":41,"turns":4},{"damage":31,"enemies":"Reptomancer","floor":45,"turns":6},{"damage":20,"enemies":"3 Darklings","floor":47,"turns":4},{"damage":57,"enemies":"Time Eater","floor":50,"turns":8}],"seed_played":"7881525452997580001","potions_obtained":[{"floor":7,"key":"PowerPotion"},{"floor":13,"key":"GamblersBrew"},{"floor":16,"key":"Poison Potion"},{"floor":21,"key":"FearPotion"},{"floor":39,"key":"SmokeBomb"}],"is_trial":false,"path_per_floor":["M","?","$","?","M","R","E","?","T","R","M","R","E","M","R","B",null,"M","?","?","M","$","R","R","R","T","R","$","T","M","M","R","B",null,"M","M","?","M","?","R","M","R","T","R","E","R","M","?","R","B"],"character_chosen":"THE_SILENT","items_purchased":["Noxious Fumes","Poisoned Stab","Bottled Tornado"],"campfire_rested":6,"item_purchase_floors":[3,3,22],"current_hp_per_floor":[63,56,56,56,56,56,56,56,56,56,56,56,32,24,45,10,55,50,23,23,23,23,23,23,23,23,44,44,44,35,35,56,31,60,49,37,37,37,48,48,31,52,52,52,25,46,30,30,49,0],"gold":706,"neow_bonus":"THREE_ENEMY_KILL","is_prod":false,"is_daily":false,"chose_seed":false,"campfire_upgraded":7,"win_rate":0,"timestamp":1555161540,"path_taken":["M","?","$","?","M","R","E","?","T","R","?","R","E","M","R","BOSS","M","?","?","M","$","R","R","R","T","R","$","?","M","?","R","BOSS","M","M","?","M","?","R","M","R","T","R","E","R","M","?","R","BOSS"],"build_version":"2019-01-23","purchased_purges":0,"victory":false,"max_hp_per_floor":[70,70,70,70,70,70,70,70,70,70,70,70,70,70,70,70,70,70,70,70,70,70,70,70,70,70,70,70,70,70,70,70,70,70,70,70,70,70,70,70,70,70,70,70,70,70,70,66,66,66],"card_choices":[{"not_picked":["Deadly Poison","Finisher"],"picked":"Poisoned Stab","floor":1},{"not_picked":["Distraction","PiercingWail"],"picked":"Catalyst","floor":5},{"not_picked":["Prepared","Setup"],"picked":"Adrenaline","floor":7},{"not_picked":["Dodge and Roll","Slice"],"picked":"Concentrate","floor":11},{"not_picked":["Flying Knee","Predator"],"picked":"Night Terror","floor":13},{"not_picked":["Endless Agony","Bane"],"picked":"Dash","floor":14},{"not_picked":["Grand Finale","Die Die Die"],"picked":"Envenom","floor":16},{"not_picked":["Backflip","PiercingWail"],"picked":"Acrobatics","floor":18},{"not_picked":["Deadly Poison","Malaise"],"picked":"Dagger Spray","floor":19},{"not_picked":["Deadly Poison+1","Sucker Punch"],"picked":"Crippling Poison+1","floor":21},{"not_picked":["Acrobatics","Prepared"],"picked":"Dagger Spray","floor":30},{"not_picked":["Deflect","Cloak And Dagger"],"picked":"Adrenaline","floor":31},{"not_picked":["Corpse Explosion","Malaise"],"picked":"A Thousand Cuts","floor":33},{"not_picked":["Deflect+1","Sucker Punch+1"],"picked":"Footwork","floor":35},{"not_picked":["Dodge and Roll","Flying Knee"],"picked":"Backstab","floor":36},{"not_picked":["HandOfGreed","Dark Shackles"],"picked":"Bandage Up","floor":37},{"not_picked":["Distraction","Backflip"],"picked":"Noxious Fumes","floor":38},{"not_picked":["Quick Slash","Blade Dance"],"picked":"Flechettes+1","floor":39},{"not_picked":["Dagger Spray","Sucker Punch"],"picked":"Bane","floor":41},{"not_picked":["Deadly Poison","Crippling Poison"],"picked":"Blur","floor":45},{"not_picked":["Acrobatics+1","Eviscerate"],"picked":"Riddle With Holes+1","floor":47}],"player_experience":1107276,"relics_obtained":[{"floor":7,"key":"Incense Burner"},{"floor":9,"key":"Ninja Scroll"},{"floor":13,"key":"Thread and Needle"},{"floor":19,"key":"Red Mask"},{"floor":26,"key":"Unceasing Top"},{"floor":29,"key":"FossilizedHelix"},{"floor":39,"key":"Old Coin"},{"floor":45,"key":"Snake Skull"}],"event_choices":[{"damage_healed":0,"gold_gain":0,"player_choice":"Success","damage_taken":7,"relics_obtained":["WingedGreaves"],"max_hp_gain":0,"max_hp_loss":0,"event_name":"Scrap Ooze","floor":2,"gold_loss":0},{"damage_healed":0,"gold_gain":0,"player_choice":"Grow","damage_taken":0,"max_hp_gain":0,"max_hp_loss":0,"event_name":"Living Wall","floor":4,"gold_loss":0,"cards_upgraded":["Noxious Fumes"]},{"damage_healed":0,"gold_gain":0,"player_choice":"2 cards matched","damage_taken":0,"max_hp_gain":0,"max_hp_loss":0,"event_name":"Match and Keep!","floor":8,"gold_loss":0,"cards_obtained":["Eviscerate","Neutralize"]},{"damage_healed":0,"gold_gain":0,"player_choice":"Fought Bandits","damage_taken":0,"max_hp_gain":0,"max_hp_loss":0,"event_name":"Masked Bandits","floor":19,"gold_loss":0},{"damage_healed":0,"gold_gain":0,"player_choice":"Opened","damage_taken":0,"relics_obtained":["Tiny Chest"],"max_hp_gain":0,"max_hp_loss":0,"event_name":"The Mausoleum","floor":20,"gold_loss":0,"cards_obtained":["Writhe"]},{"damage_healed":0,"gold_gain":0,"player_choice":"Memory 1","damage_taken":0,"max_hp_gain":0,"max_hp_loss":0,"event_name":"SensoryStone","floor":37,"gold_loss":0},{"damage_healed":0,"gold_gain":0,"player_choice":"Fight","damage_taken":0,"max_hp_gain":0,"max_hp_loss":0,"event_name":"MindBloom","floor":39,"gold_loss":0},{"damage_healed":0,"gold_gain":0,"player_choice":"Max HP","damage_taken":0,"max_hp_gain":0,"max_hp_loss":4,"event_name":"Winding Halls","floor":48,"gold_loss":0}],"is_beta":false,"boss_relics":[{"not_picked":["Calling Bell","Fusion Hammer"],"picked":"Runic Dome"},{"not_picked":["White Beast Statue","WristBlade"],"picked":"Philosopher\u0027s Stone"}],"items_purged_floors":[],"is_endless":false,"potions_floor_spawned":[7,13,16,21,30,31,33,39,41,45,47],"killed_by":"Time Eater","ascension_level":13}