{"gold_per_floor":[117,128,140,140,28,28,44,44,44,44,44,44,77,95,95,190,190,200,213,128,142,142,169,169,185,185,114,114,114,114,128,128,232,232,244,54,71,71,86,86,0,14,14,14,32,32,49,49,49,49],"floor_reached":50,"playtime":3649,"items_purged":[],"score":462,"play_id":"1e704d40-6aab-4ec2-9aaf-54433bb56683","local_time":"20190325124800","is_ascension_mode":false,"campfire_choices":[{"data":"Caltrops","floor":6.0,"key":"SMITH"},{"floor":8.0,"key":"REST"},{"data":"Leg Sweep","floor":11.0,"key":"SMITH"},{"data":"Neutralize","floor":15.0,"key":"SMITH"},{"data":"Crippling Poison","floor":24.0,"key":"SMITH"},{"floor":30.0,"key":"REST"},{"data":"Flechettes","floor":32.0,"key":"SMITH"},{"data":"Cloak And Dagger","floor":40,"key":"SMITH"},{"floor":44,"key":"REST"},{"floor":49,"key":"REST"}],"neow_cost":"NONE","seed_source_timestamp":0,"circlet_count":0,"master_deck":["Defend_G","Defend_G","Defend_G","Defend_G","Defend_G","Strike_G+1","Strike_G","Strike_G+1","Strike_G","Strike_G","Survivor","Neutralize+1","Deflect","Calculated Gamble","Flying Knee","Caltrops+1","Leg Sweep+1","Heel Hook","Acrobatics","Dagger Throw","Malaise","Flying Knee+1","Cloak And Dagger+1","Crippling Poison+1","Noxious Fumes+1","Flechettes+1","Wraith Form v2+1","Cloak And Dagger","Finisher+1","Writhe","Poisoned Stab+1","Quick Slash+1","Cloak And Dagger+1"],"special_seed":0,"relics":["Ring of the Serpent","NeowsBlessing","Tough Bandages","Mango","Busted Crown","Blood Vial","Frozen Egg 2","Whetstone","Boot","Red Mask","Bottled Lightning"],"potions_floor_usage":[45,50,50],"damage_taken":[{"damage":0.0,"enemies":"Small Slimes","floor":1.0,"turns":1.0},{"damage":0.0,"enemies":"2 Louse","floor":2.0,"turns":1.0},{"damage":0.0,"enemies":"Jaw Worm","floor":3.0,"turns":1.0},{"damage":7.0,"enemies":"3 Louse","floor":7.0,"turns":4.0},{"damage":16.0,"enemies":"3 Sentries","floor":13.0,"turns":13.0},{"damage":0.0,"enemies":"Large Slime","floor":14.0,"turns":6.0},{"damage":11.0,"enemies":"Hexaghost","floor":16.0,"turns":12.0},{"damage":9.0,"enemies":"Spheric Guardian","floor":18.0,"turns":5.0},{"damage":0.0,"enemies":"Shell Parasite","floor":19.0,"turns":6.0},{"damage":9.0,"enemies":"Snecko","floor":21.0,"turns":5.0},{"damage":6.0,"enemies":"Book of Stabbing","floor":23.0,"turns":6.0},{"damage":24.0,"enemies":"Sentry and Sphere","floor":25.0,"turns":7.0},{"damage":4.0,"enemies":"Cultist and Chosen","floor":31.0,"turns":7.0},{"damage":52.0,"enemies":"Collector","floor":33.0,"turns":10.0},{"damage":0,"enemies":"Orb Walker","floor":35,"turns":4},{"damage":27,"enemies":"3 Darklings","floor":37,"turns":4},{"damage":24,"enemies":"Sphere and 2 Shapes","floor":39,"turns":6},{"damage":25,"enemies":"Maw","floor":42,"turns":10},{"damage":33,"enemies":"Spire Growth","floor":45,"turns":6},{"damage":21,"enemies":"Sphere and 2 Shapes","floor":47,"turns":4},{"damage":47,"enemies":"Donu and Deca","floor":50,"turns":7}],"seed_played":"-5716491950703405700","potions_obtained":[{"floor":7.0,"key":"FearPotion"},{"floor":13.0,"key":"Ancient Potion"},{"floor":19.0,"key":"Explosive Potion"},{"floor":25.0,"key":"EssenceOfSteel"},{"floor":33.0,"key":"LiquidBronze"},{"floor":42,"key":"Block Potion"},{"floor":45,"key":"Ancient Potion"}],"is_trial":false,"path_per_floor":["M","M","M","?","$","R","M","R","T","$","R","?","E","M","R","B",null,"M","M","?","M","$","E","R","M","T","$","?","?","R","M","R","B",null,"M","$","M","?","M","R","?","M","T","R","M","$","M","?","R","B"],"character_chosen":"THE_SILENT","items_purchased":["Caltrops","Leg Sweep","Noxious Fumes+1","Boot","Cloak And Dagger"],"campfire_rested":4,"item_purchase_floors":[5,5,27,36,36],"current_hp_per_floor":[70,70,70,70,70,70,63,70,70,70,70,70,68,68,68,57,84,75,75,75,68,68,64,64,42,42,42,42,42,67,65,65,15,84,84,84,57,78,56,56,56,33,33,58,27,27,8,8,33,0],"gold":49,"neow_bonus":"THREE_ENEMY_KILL","is_prod":false,"is_daily":false,"chose_seed":false,"campfire_upgraded":6,"win_rate":0.0,"timestamp":1553532480,"path_taken":["M","M","M","?","$","R","M","R","T","$","R","?","E","M","R","BOSS","M","M","?","M","$","E","R","M","T","$","?","?","R","M","R","BOSS","M","$","M","?","M","R","?","M","T","R","M","$","M","?","R","BOSS"],"build_version":"2019-01-23","purchased_purges":0,"victory":false,"max_hp_per_floor":[70,70,70,70,70,70,70,70,70,70,70,70,84,84,84,84,84,84,84,84,84,84,84,84,84,84,84,84,84,84,84,84,84,84,84,84,84,84,84,84,84,84,84,84,84,84,84,84,84,84],"card_choices":[{"not_picked":["Bane","Dodge and Roll"],"picked":"Deflect","floor":1.0},{"not_picked":["Endless Agony","Outmaneuver"],"picked":"Calculated Gamble","floor":2.0},{"not_picked":["Masterful Stab","Dagger Throw"],"picked":"Flying Knee","floor":3.0},{"not_picked":["Reflex","Deflect"],"picked":"Heel Hook","floor":7.0},{"not_picked":["Outmaneuver","Flying Knee"],"picked":"Acrobatics","floor":13.0},{"not_picked":["Quick Slash","Skewer"],"picked":"Dagger Throw","floor":14.0},{"not_picked":["Tools of the Trade","Envenom"],"picked":"Malaise","floor":16.0},{"not_picked":[],"picked":"Flying Knee+1","floor":18.0},{"not_picked":[],"picked":"Cloak And Dagger","floor":19.0},{"not_picked":[],"picked":"Crippling Poison","floor":21.0},{"not_picked":["Deflect"],"picked":"SKIP","floor":23.0},{"not_picked":["Flying Knee+1"],"picked":"SKIP","floor":25.0},{"not_picked":["Cloak And Dagger"],"picked":"SKIP","floor":31.0},{"not_picked":[],"picked":"Wraith Form v2+1","floor":33.0},{"not_picked":["Bouncing Flask+1"],"picked":"SKIP","floor":35},{"not_picked":[],"picked":"Finisher+1","floor":37},{"not_picked":[],"picked":"Poisoned Stab+1","floor":39},{"not_picked":[],"picked":"Quick Slash+1","floor":42},{"not_picked":[],"picked":"Cloak And Dagger+1","floor":45},{"not_picked":["Finisher"],"picked":"SKIP","floor":47}],"player_experience":31373,"relics_obtained":[{"floor":9.0,"key":"Tough Bandages"},{"floor":13.0,"key":"Mango"},{"floor":23.0,"key":"Frozen Egg 2"},{"floor":26.0,"key":"Whetstone"},{"floor":43,"key":"Bottled Lightning"}],"event_choices":[{"damage_healed":0.0,"max_hp_gain":0.0,"max_hp_loss":0.0,"gold_gain":0.0,"event_name":"Golden Wing","player_choice":"Ignored","floor":4.0,"gold_loss":0.0,"damage_taken":0.0},{"damage_healed":0.0,"max_hp_gain":0.0,"max_hp_loss":0.0,"gold_gain":0.0,"event_name":"The Cleric","player_choice":"Leave","floor":12.0,"gold_loss":0.0,"damage_taken":0.0},{"damage_healed":0.0,"max_hp_gain":0.0,"max_hp_loss":0.0,"gold_gain":0.0,"event_name":"Addict","player_choice":"Obtained Relic","floor":20.0,"gold_loss":85.0,"damage_taken":0.0,"relics_obtained":["Blood Vial"]},{"damage_healed":0.0,"max_hp_gain":0.0,"max_hp_loss":0.0,"gold_gain":0.0,"event_name":"Ghosts","player_choice":"Ignored","floor":28.0,"gold_loss":0.0,"damage_taken":0.0},{"damage_healed":0.0,"max_hp_gain":0.0,"max_hp_loss":0.0,"gold_gain":0.0,"event_name":"The Library","player_choice":"Read","floor":29.0,"gold_loss":0.0,"damage_taken":0.0,"cards_obtained":["Flechettes"]},{"damage_healed":21,"gold_gain":0,"player_choice":"Writhe","damage_taken":0,"max_hp_gain":0,"max_hp_loss":0,"event_name":"Winding Halls","floor":38,"gold_loss":0,"cards_obtained":["Writhe"]},{"damage_healed":0,"gold_gain":0,"player_choice":"Paid","damage_taken":0,"relics_obtained":["Red Mask"],"max_hp_gain":0,"max_hp_loss":0,"event_name":"Tomb of Lord Red Mask","floor":41,"gold_loss":86},{"damage_healed":0,"gold_gain":0,"player_choice":"Ignored","damage_taken":0,"max_hp_gain":0,"max_hp_loss":0,"event_name":"Mysterious Sphere","floor":48,"gold_loss":0}],"is_beta":false,"boss_relics":[{"not_picked":["HoveringKite","White Beast Statue"],"picked":"Busted Crown"},{"not_picked":["Cursed Key","Eternal Feather"],"picked":"Ring of the Serpent"}],"items_purged_floors":[],"is_endless":false,"potions_floor_spawned":[7,13,19,25,33,35,42,45],"killed_by":"Donu and Deca","ascension_level":0}