{"gold_per_floor":[119,131,131,151,151,151,162,162,162,19,78,78,92,108,108,185,185,197,93,93,93,110,136,136,146,146,146,246,259,274,70,70,148,148,166,166,166,16,32,61,61,95,95,95],"floor_reached":44,"playtime":1479,"items_purged":["Normality"],"score":785,"play_id":"371aaea0-e872-4e89-8a27-1b867f2da0d4","local_time":"20190412022456","is_ascension_mode":true,"campfire_choices":[{"data":"1","floor":6,"key":"LIFT"},{"data":"2","floor":8,"key":"LIFT"},{"data":"3","floor":12,"key":"LIFT"},{"floor":15,"key":"REST"},{"floor":24,"key":"REST"},{"floor":27,"key":"REST"},{"floor":32,"key":"REST"},{"floor":41,"key":"REST"}],"neow_cost":"CURSE","seed_source_timestamp":44323003075691,"circlet_count":0,"master_deck":["AscendersBane","Defend_G+1","Defend_G","Defend_G","Defend_G","Defend_G","Strike_G","Strike_G","Strike_G+1","Strike_G","Survivor","Neutralize","Predator","Setup","Finisher","Phantasmal Killer","Terror","Dagger Spray","Backflip","After Image","Dash+1","Footwork","Finisher","Slice","Cloak And Dagger+1","Slice","Endless Agony","Footwork","Mayhem","Adrenaline","Blade Dance+1","Backstab","Slice"],"relics":["Ring of the Snake","Girya","Matryoshka","Lizard Tail","MutagenicStrength","Singing Bowl","Mummified Hand","Pear","Runic Pyramid","Oddly Smooth Stone","Art of War","Regal Pillow","Ancient Tea Set"],"potions_floor_usage":[14,16,23,25,33,40,40],"damage_taken":[{"damage":13,"enemies":"Jaw Worm","floor":1,"turns":5},{"damage":0,"enemies":"Cultist","floor":2,"turns":3},{"damage":3,"enemies":"2 Louse","floor":4,"turns":2},{"damage":1,"enemies":"2 Fungi Beasts","floor":7,"turns":4},{"damage":6,"enemies":"Large Slime","floor":13,"turns":5},{"damage":13,"enemies":"Gremlin Gang","floor":14,"turns":3},{"damage":29,"enemies":"The Guardian","floor":16,"turns":6},{"damage":14,"enemies":"Shell Parasite","floor":18,"turns":4},{"damage":3,"enemies":"Spheric Guardian","floor":22,"turns":3},{"damage":43,"enemies":"Slavers","floor":23,"turns":6},{"damage":5,"enemies":"3 Cultists","floor":25,"turns":6},{"damage":15,"enemies":"Centurion and Healer","floor":29,"turns":5},{"damage":15,"enemies":"Snake Plant","floor":30,"turns":4},{"damage":48,"enemies":"Collector","floor":33,"turns":7},{"damage":12,"enemies":"3 Shapes","floor":35,"turns":3},{"damage":15,"enemies":"3 Darklings","floor":39,"turns":6},{"damage":5,"enemies":"Giant Head","floor":40,"turns":6},{"damage":73,"enemies":"Nemesis","floor":42,"turns":7},{"damage":49,"enemies":"Giant Head","floor":44,"turns":7}],"seed_played":"-8251237876116238632","potions_obtained":[{"floor":2,"key":"Dexterity Potion"},{"floor":14,"key":"AttackPotion"},{"floor":16,"key":"Strength Potion"},{"floor":23,"key":"Block Potion"},{"floor":29,"key":"Strength Potion"},{"floor":30,"key":"GamblersBrew"},{"floor":39,"key":"Strength Potion"}],"is_trial":false,"path_per_floor":["M","M","?","M","?","R","M","R","T","$","?","R","M","M","R","B",null,"M","$","?","?","M","E","R","M","T","R","?","M","M","$","R","B",null,"M","$","?","$","M","E","R","E","T","E"],"character_chosen":"THE_SILENT","items_purchased":["Terror","Footwork","Finisher","Footwork","Mayhem","Oddly Smooth Stone"],"campfire_rested":5,"item_purchase_floors":[10,19,19,31,31,38],"current_hp_per_floor":[50,50,36,33,33,33,32,32,32,32,32,32,26,13,34,5,54,40,40,40,63,60,17,38,33,43,67,67,52,39,39,63,15,65,55,55,55,55,40,35,60,42,42,0],"gold":95,"neow_bonus":"ONE_RARE_RELIC","is_prod":false,"is_daily":false,"chose_seed":false,"campfire_upgraded":0,"win_rate":0,"timestamp":1555046696,"path_taken":["M","M","?","M","?","R","?","R","T","$","?","R","M","M","R","BOSS","M","$","?","?","M","E","R","M","T","R","?","?","M","?","R","BOSS","M","$","?","$","M","E","R","E","T","E"],"build_version":"2019-01-23","purchased_purges":1,"victory":false,"max_hp_per_floor":[70,70,70,70,70,70,70,70,70,70,70,70,70,70,70,70,70,70,70,70,70,70,70,70,70,80,80,80,80,82,82,82,82,82,84,84,84,84,84,84,84,84,84,84],"card_choices":[{"not_picked":["Slice","Acrobatics"],"picked":"Predator","floor":1},{"not_picked":["Underhanded Strike","Slice"],"picked":"Setup","floor":2},{"not_picked":["Prepared","Dodge and Roll"],"picked":"Finisher","floor":4},{"not_picked":["Setup","Dodge and Roll","Catalyst"],"picked":"SKIP","floor":7},{"not_picked":["Choke","Slice"],"picked":"Dagger Spray","floor":13},{"not_picked":["Slice","Deadly Poison"],"picked":"Backflip","floor":14},{"not_picked":["Envenom","Bullet Time"],"picked":"After Image","floor":16},{"not_picked":["Outmaneuver","Footwork"],"picked":"Dash+1","floor":18},{"not_picked":["Backflip","Quick Slash"],"picked":"Slice","floor":22},{"not_picked":["Backflip","Blade Dance"],"picked":"Cloak And Dagger+1","floor":23},{"not_picked":["Outmaneuver","Predator"],"picked":"Slice","floor":25},{"not_picked":["Concentrate","Sucker Punch"],"picked":"Endless Agony","floor":29},{"not_picked":["Cloak And Dagger","Venomology","Prepared"],"picked":"Singing Bowl","floor":30},{"not_picked":["After Image","Storm of Steel"],"picked":"Adrenaline","floor":33},{"not_picked":["Outmaneuver","Dagger Spray","Cloak And Dagger"],"picked":"Singing Bowl","floor":35},{"not_picked":["Quick Slash","Flying Knee"],"picked":"Blade Dance+1","floor":39},{"not_picked":["Sucker Punch","Eviscerate+1"],"picked":"Backstab","floor":40},{"not_picked":["Bane","Backflip"],"picked":"Slice","floor":42}],"player_experience":1084721,"relics_obtained":[{"floor":9,"key":"Matryoshka"},{"floor":23,"key":"Singing Bowl"},{"floor":26,"key":"Mummified Hand"},{"floor":26,"key":"Pear"},{"floor":40,"key":"Art of War"},{"floor":42,"key":"Regal Pillow"},{"floor":43,"key":"Ancient Tea Set"}],"event_choices":[{"damage_healed":0,"gold_gain":0,"player_choice":"Entered Light","damage_taken":14,"max_hp_gain":0,"max_hp_loss":0,"event_name":"Shining Light","floor":3,"gold_loss":0,"cards_upgraded":["Defend_G","Strike_G"]},{"damage_healed":0,"gold_gain":0,"cards_transformed":["Strike_G"],"player_choice":"Transformed","damage_taken":0,"max_hp_gain":0,"max_hp_loss":0,"event_name":"Transmorgrifier","floor":5,"gold_loss":0,"cards_obtained":["Phantasmal Killer"]},{"damage_healed":0,"gold_gain":59,"player_choice":"Gained Gold","damage_taken":0,"max_hp_gain":0,"max_hp_loss":0,"event_name":"Golden Wing","floor":11,"gold_loss":0},{"damage_healed":0,"gold_gain":0,"player_choice":"Inject Mutagens","damage_taken":0,"relics_obtained":["MutagenicStrength"],"max_hp_gain":0,"max_hp_loss":0,"event_name":"Drug Dealer","floor":20,"gold_loss":0},{"damage_healed":23,"gold_gain":0,"player_choice":"Heal","damage_taken":0,"max_hp_gain":0,"max_hp_loss":0,"event_name":"The Library","floor":21,"gold_loss":0},{"damage_healed":0,"gold_gain":100,"player_choice":"Pray","damage_taken":0,"max_hp_gain":0,"max_hp_loss":0,"event_name":"Golden Shrine","floor":28,"gold_loss":0},{"damage_healed":0,"gold_gain":0,"player_choice":"Ignored","damage_taken":0,"max_hp_gain":0,"max_hp_loss":0,"event_name":"Tomb of Lord Red Mask","floor":37,"gold_loss":0}],"is_beta":false,"boss_relics":[{"not_picked":["Philosopher\u0027s Stone","HoveringKite"],"picked":"Lizard Tail"},{"not_picked":["White Beast Statue","Orrery"],"picked":"Runic Pyramid"}],"items_purged_floors":[10],"is_endless":false,"potions_floor_spawned":[2,14,16,23,29,30,39],"killed_by":"Giant Head","ascension_level":13}