{"gold_per_floor":[118,41,41,54,7,7,32,45,45,71,86,86,101,136,136,136],"floor_reached":16,"playtime":747,"items_purged":[],"score":189,"play_id":"db55d844-0be8-4b01-98e8-690ecf481b26","local_time":"20190502202511","is_ascension_mode":true,"campfire_choices":[{"data":"Armaments","floor":6,"key":"SMITH"},{"floor":12,"key":"REST"},{"data":"Rage","floor":15,"key":"SMITH"}],"neow_cost":"NONE","seed_source_timestamp":1748013594362500,"circlet_count":0,"master_deck":["Strike_R","Strike_R","Strike_R","Strike_R","Strike_R","Defend_R","Defend_R","Defend_R","Defend_R","Bash","Flex","Rampage","Armaments+1","Shrug It Off","Rage+1","Pommel Strike","Sword Boomerang","Flex"],"relics":["Burning Blood","NeowsBlessing","Paper Frog","Anchor","Singing Bowl","Boot"],"potions_floor_usage":[11,13,14,16],"damage_taken":[{"damage":0,"enemies":"Cultist","floor":1,"turns":1},{"damage":0,"enemies":"2 Louse","floor":4,"turns":1},{"damage":0,"enemies":"Gremlin Nob","floor":7,"turns":1},{"damage":1,"enemies":"Small Slimes","floor":8,"turns":3},{"damage":57,"enemies":"Lagavulin","floor":10,"turns":10},{"damage":3,"enemies":"Blue Slaver","floor":11,"turns":3},{"damage":13,"enemies":"2 Fungi Beasts","floor":13,"turns":4},{"damage":32,"enemies":"Gremlin Nob","floor":14,"turns":4},{"damage":38,"enemies":"The Guardian","floor":16,"turns":8}],"seed_played":"-4868406585438754549","potions_obtained":[{"floor":4,"key":"BloodPotion"},{"floor":11,"key":"BloodPotion"},{"floor":13,"key":"SteroidPotion"},{"floor":14,"key":"FearPotion"}],"is_trial":false,"path_per_floor":["M","$","$","M","$","R","E","M","T","E","M","R","M","E","R","B"],"character_chosen":"IRONCLAD","items_purchased":["Rampage","Shrug It Off"],"campfire_rested":1,"item_purchase_floors":[2,5],"current_hp_per_floor":[78,78,78,80,80,80,80,80,80,29,42,66,67,43,43,5],"gold":136,"neow_bonus":"THREE_ENEMY_KILL","is_prod":false,"is_daily":false,"chose_seed":false,"campfire_upgraded":2,"win_rate":0,"timestamp":1556843111,"path_taken":["M","?","$","M","$","R","E","M","T","E","M","R","M","E","R","BOSS"],"build_version":"2019-01-23","purchased_purges":0,"victory":false,"max_hp_per_floor":[80,80,80,80,80,80,80,80,80,80,82,82,82,84,84,84],"card_choices":[{"not_picked":["Armaments","Pummel"],"picked":"Flex","floor":1},{"not_picked":["True Grit","Carnage"],"picked":"Armaments","floor":4},{"not_picked":["Feel No Pain","Brutality"],"picked":"Rage","floor":7},{"not_picked":["Clothesline","Power Through"],"picked":"Pommel Strike","floor":8},{"not_picked":["Warcry","Whirlwind"],"picked":"Sword Boomerang","floor":10},{"not_picked":["Perfected Strike","Reckless Charge","Sever Soul"],"picked":"Singing Bowl","floor":11},{"not_picked":["Iron Wave","Pommel Strike"],"picked":"Flex","floor":13},{"not_picked":["Burning Pact","True Grit","Juggernaut"],"picked":"Singing Bowl","floor":14}],"player_experience":137047,"relics_obtained":[{"floor":7,"key":"Paper Frog"},{"floor":9,"key":"Anchor"},{"floor":10,"key":"Singing Bowl"},{"floor":14,"key":"Boot"}],"event_choices":[],"is_beta":false,"boss_relics":[],"items_purged_floors":[],"is_endless":false,"potions_floor_spawned":[4,11,13,14],"killed_by":"The Guardian","ascension_level":6}