{"gold_per_floor":[111,126,126,142,142,142,171,171,171,200,200,226,238,254,254,358,358,371,381,381,392,406,435,451,451,451,451,464,464,481,512,512,610,660,676,676,694,743,755,782,782,795,846,875,875,910,910,924,924,924,924,924,13,41,41],"floor_reached":56,"playtime":3149,"items_purged":["Strike_B+1"],"score":1505,"play_id":"ff438720-debb-40a8-ab59-cd37ab79d717","local_time":"20190514045931","is_ascension_mode":true,"campfire_choices":[{"data":"Defragment","floor":6,"key":"SMITH"},{"data":"Defragment","floor":8,"key":"SMITH"},{"data":"Tempest","floor":11,"key":"SMITH"},{"data":"Zap","floor":15,"key":"SMITH"},{"data":"Rainbow","floor":29,"key":"SMITH"},{"data":"Capacitor","floor":32,"key":"SMITH"},{"floor":47,"key":"RECALL"},{"data":"Loop","floor":49,"key":"SMITH"},{"data":"Apotheosis","floor":52,"key":"SMITH"}],"neow_cost":"NONE","seed_source_timestamp":893522338019229,"circlet_count":0,"master_deck":["Strike_B+1","Strike_B+1","Defend_B+1","Defend_B+1","Defend_B+1","Defend_B+1","Zap+1","Dualcast","Cold Snap","Defragment+1","Tempest+1","Defragment+1","Capacitor+1","Steam Power","Auto Shields+1","Coolheaded","Rainbow+1","Ball Lightning","Darkness+1","Ghostly+1","Ghostly","Ghostly","Ghostly","Ghostly","Coolheaded+1","Chaos","Go for the Eyes","Hologram+1","Echo Form","Thinking Ahead","Apotheosis+1","Loop+1","Ghostly+1","Core Surge","Redo","Chill+1"],"relics":["Cracked Core","Ancient Tea Set","GremlinMask","Meat on the Bone","Omamori","Art of War","Busted Crown","Shuriken","Centennial Puzzle","War Paint","Tiny House","Happy Flower","Calipers","Dream Catcher","Strawberry","Nunchaku","Lantern","DollysMirror","Turnip","Gremlin Horn"],"potions_floor_usage":[16,22,23,31,55,55,55,55,55],"damage_taken":[{"damage":1,"enemies":"2 Louse","floor":1,"turns":2},{"damage":0,"enemies":"Cultist","floor":2,"turns":3},{"damage":3,"enemies":"Small Slimes","floor":4,"turns":3},{"damage":18,"enemies":"Gremlin Nob","floor":7,"turns":3},{"damage":16,"enemies":"3 Sentries","floor":10,"turns":5},{"damage":9,"enemies":"Lagavulin","floor":12,"turns":5},{"damage":6,"enemies":"Red Slaver","floor":13,"turns":3},{"damage":12,"enemies":"3 Louse","floor":14,"turns":3},{"damage":0,"enemies":"Slime Boss","floor":16,"turns":5},{"damage":0,"enemies":"Spheric Guardian","floor":18,"turns":3},{"damage":3,"enemies":"Chosen","floor":19,"turns":4},{"damage":9,"enemies":"Centurion and Healer","floor":21,"turns":4},{"damage":11,"enemies":"Snake Plant","floor":22,"turns":4},{"damage":17,"enemies":"Gremlin Leader","floor":23,"turns":6},{"damage":6,"enemies":"Chosen and Byrds","floor":24,"turns":5},{"damage":1,"enemies":"Cultist and Chosen","floor":28,"turns":7},{"damage":0,"enemies":"3 Cultists","floor":30,"turns":7},{"damage":0,"enemies":"Book of Stabbing","floor":31,"turns":5},{"damage":3,"enemies":"Automaton","floor":33,"turns":9},{"damage":1,"enemies":"3 Darklings","floor":35,"turns":6},{"damage":0,"enemies":"Orb Walker","floor":37,"turns":5},{"damage":0,"enemies":"4 Shapes","floor":39,"turns":8},{"damage":17,"enemies":"Nemesis","floor":40,"turns":7},{"damage":0,"enemies":"Maw","floor":42,"turns":7},{"damage":10,"enemies":"Reptomancer","floor":44,"turns":6},{"damage":0,"enemies":"Giant Head","floor":46,"turns":8},{"damage":0,"enemies":"Sphere and 2 Shapes","floor":48,"turns":6},{"damage":16,"enemies":"Time Eater","floor":50,"turns":10},{"damage":0,"enemies":"Shield and Spear","floor":54,"turns":8},{"damage":20,"enemies":"The Heart","floor":55,"turns":8}],"seed_played":"8970764858534259007","potions_obtained":[{"floor":2,"key":"GamblersBrew"},{"floor":7,"key":"Strength Potion"},{"floor":10,"key":"Regen Potion"},{"floor":14,"key":"EssenceOfSteel"},{"floor":16,"key":"AttackPotion"},{"floor":18,"key":"PowerPotion"},{"floor":28,"key":"SkillPotion"},{"floor":31,"key":"FearPotion"},{"floor":33,"key":"PowerPotion"},{"floor":34,"key":"LiquidBronze"},{"floor":40,"key":"EntropicBrew"}],"is_trial":false,"path_per_floor":["M","M","?","M","?","R","E","R","T","E","R","E","M","M","R","B",null,"M","M","?","M","M","E","M","?","T","?","M","R","M","E","R","B",null,"M","?","M","T","M","E","?","M","T","E","?","E","R","M","R","B",null,"R","$","E","B",null],"character_chosen":"DEFECT","items_purchased":["Lantern","DollysMirror","Turnip","Core Surge","Redo"],"campfire_rested":0,"item_purchase_floors":[53,53,53,53,53],"current_hp_per_floor":[74,74,74,71,71,71,53,53,53,49,49,40,46,46,46,46,75,75,72,72,63,64,47,41,37,37,37,36,36,36,36,36,33,42,41,41,41,41,41,24,35,35,35,32,22,34,34,34,34,30,49,49,49,49,29],"gold":41,"neow_bonus":"RANDOM_COMMON_RELIC","is_prod":false,"is_daily":false,"chose_seed":false,"campfire_upgraded":8,"win_rate":0,"timestamp":1557824371,"path_taken":["M","M","?","?","?","R","E","R","T","E","R","E","M","M","R","BOSS","M","M","?","M","M","E","M","?","T","?","?","R","?","E","R","BOSS","M","?","M","?","?","E","?","M","T","E","?","E","R","M","R","BOSS","R","$","E","BOSS"],"build_version":"2019-05-07","purchased_purges":1,"victory":true,"max_hp_per_floor":[75,75,75,75,75,75,75,75,75,75,75,75,75,75,75,75,75,75,75,75,75,75,75,75,37,37,37,37,37,37,37,37,37,42,42,42,42,42,42,42,42,42,42,49,49,49,49,49,49,49,49,49,49,49,49],"card_choices":[{"not_picked":["Rebound","Hello World"],"picked":"Cold Snap","floor":1},{"not_picked":["Steam Power","Hologram"],"picked":"Defragment","floor":2},{"not_picked":["Hologram","Scrape"],"picked":"Tempest","floor":4},{"not_picked":["Steam","Cold Snap"],"picked":"Defragment","floor":7},{"not_picked":["Consume","Coolheaded"],"picked":"Capacitor","floor":10},{"not_picked":["Rebound","Skim"],"picked":"Steam Power","floor":12},{"not_picked":["Doom and Gloom","Go for the Eyes"],"picked":"Auto Shields","floor":13},{"not_picked":["Hello World","Leap"],"picked":"Coolheaded","floor":14},{"not_picked":["Multi-Cast","Amplify"],"picked":"Rainbow","floor":16},{"not_picked":["Barrage"],"picked":"SKIP","floor":18},{"not_picked":["Turbo+1"],"picked":"SKIP","floor":19},{"not_picked":[],"picked":"Ball Lightning","floor":21},{"not_picked":["Compile Driver"],"picked":"SKIP","floor":22},{"not_picked":[],"picked":"Darkness","floor":23},{"not_picked":["Gash"],"picked":"SKIP","floor":24},{"not_picked":[],"picked":"Coolheaded+1","floor":28},{"not_picked":[],"picked":"Chaos","floor":30},{"not_picked":["Turbo"],"picked":"SKIP","floor":31},{"not_picked":[],"picked":"Go for the Eyes","floor":35},{"not_picked":["Tempest"],"picked":"SKIP","floor":37},{"not_picked":["Aggregate"],"picked":"SKIP","floor":39},{"not_picked":[],"picked":"Hologram+1","floor":40},{"not_picked":["Fusion"],"picked":"SKIP","floor":42},{"not_picked":[],"picked":"Echo Form","floor":44},{"not_picked":[],"picked":"Thinking Ahead","floor":45},{"not_picked":[],"picked":"Apotheosis","floor":45},{"not_picked":["Turbo+1"],"picked":"SKIP","floor":46},{"not_picked":[],"picked":"Loop","floor":48},{"not_picked":[],"picked":"Chill+1","floor":54}],"player_experience":5752348,"relics_obtained":[{"floor":7,"key":"Meat on the Bone"},{"floor":10,"key":"Omamori"},{"floor":12,"key":"Art of War"},{"floor":23,"key":"Shuriken"},{"floor":26,"key":"Centennial Puzzle"},{"floor":31,"key":"War Paint"},{"floor":38,"key":"Happy Flower"},{"floor":40,"key":"Calipers"},{"floor":43,"key":"Dream Catcher"},{"floor":44,"key":"Strawberry"},{"floor":46,"key":"Nunchaku"},{"floor":54,"key":"Gremlin Horn"}],"event_choices":[{"cards_removed":["Strike_B"],"damage_healed":0,"gold_gain":0,"player_choice":"Offered Basic","damage_taken":0,"max_hp_gain":0,"max_hp_loss":0,"event_name":"Bonfire Elementals","floor":3,"gold_loss":0},{"damage_healed":0,"gold_gain":0,"player_choice":"Trade","damage_taken":0,"relics_obtained":["GremlinMask"],"max_hp_gain":0,"max_hp_loss":0,"event_name":"FaceTrader","floor":5,"gold_loss":0},{"damage_healed":0,"gold_gain":0,"player_choice":"Ignored","damage_taken":0,"max_hp_gain":0,"max_hp_loss":0,"event_name":"Vampires","floor":20,"gold_loss":0},{"damage_healed":0,"gold_gain":0,"player_choice":"Became a Ghost","damage_taken":0,"max_hp_gain":0,"max_hp_loss":38,"event_name":"Ghosts","floor":25,"gold_loss":0,"cards_obtained":["Ghostly","Ghostly","Ghostly","Ghostly","Ghostly"]},{"damage_healed":0,"gold_gain":0,"player_choice":"Simplicity","damage_taken":0,"max_hp_gain":0,"max_hp_loss":0,"event_name":"Back to Basics","floor":27,"gold_loss":0,"cards_upgraded":["Strike_B","Strike_B","Strike_B","Defend_B","Defend_B","Defend_B","Defend_B"]},{"damage_healed":0,"gold_gain":0,"player_choice":"Ignored","damage_taken":0,"max_hp_gain":0,"max_hp_loss":0,"event_name":"Tomb of Lord Red Mask","floor":36,"gold_loss":0},{"damage_healed":11,"gold_gain":0,"player_choice":"Writhe","damage_taken":0,"max_hp_gain":0,"max_hp_loss":0,"event_name":"Winding Halls","floor":41,"gold_loss":0,"cards_obtained":["Writhe"]},{"damage_healed":0,"gold_gain":0,"player_choice":"Memory 3","damage_taken":10,"max_hp_gain":0,"max_hp_loss":0,"event_name":"SensoryStone","floor":45,"gold_loss":0}],"is_beta":true,"boss_relics":[{"not_picked":["Snecko Eye","Orrery"],"picked":"Busted Crown"},{"not_picked":["FrozenCore","Nuclear Battery"],"picked":"Tiny House"}],"items_purged_floors":[53],"is_endless":false,"potions_floor_spawned":[2,7,10,13,14,16,18,19,28,31,33,35,39,40,42],"ascension_level":1}