{"gold_per_floor":[117,117,67,67,67,67,80,80,104,120,160,178,191,15,15,108,108,132,132,147,72,96,96,96],"floor_reached":24,"playtime":738,"items_purged":["Strike_B"],"score":323,"play_id":"cae3b4d2-9888-4b7d-a8c9-4849da9b6255","local_time":"20190404002816","is_ascension_mode":true,"campfire_choices":[{"data":"Loop","floor":6,"key":"SMITH"},{"data":"Zap","floor":8,"key":"SMITH"},{"floor":15,"key":"REST"},{"floor":23,"key":"REST"}],"neow_cost":"TEN_PERCENT_HP_LOSS","seed_source_timestamp":217828905655013,"circlet_count":0,"master_deck":["AscendersBane","Defend_B","Defend_B","Defend_B","Zap+1","Dualcast","Loop+1","Ball Lightning","Coolheaded","Darkness","Defragment","Cold Snap","Echo Form","Steam","Leap+1"],"relics":["Cracked Core","Turnip","Golden Idol","Orichalcum","Bag of Marbles","Nuclear Battery"],"potions_floor_usage":[11,24],"damage_taken":[{"damage":2,"enemies":"Jaw Worm","floor":1,"turns":3},{"damage":2,"enemies":"2 Louse","floor":7,"turns":3},{"damage":4,"enemies":"Small Slimes","floor":10,"turns":2},{"damage":13,"enemies":"Lagavulin","floor":11,"turns":6},{"damage":12,"enemies":"Exordium Wildlife","floor":12,"turns":4},{"damage":18,"enemies":"Exordium Thugs","floor":13,"turns":4},{"damage":23,"enemies":"Hexaghost","floor":16,"turns":11},{"damage":13,"enemies":"Spheric Guardian","floor":18,"turns":4},{"damage":2,"enemies":"Chosen","floor":20,"turns":5},{"damage":8,"enemies":"Snake Plant","floor":22,"turns":4},{"damage":62,"enemies":"Cultist and Chosen","floor":24,"turns":6}],"seed_played":"-55933274551510173","potions_obtained":[{"floor":10,"key":"Regen Potion"},{"floor":12,"key":"SneckoOil"},{"floor":18,"key":"FairyPotion"}],"is_trial":false,"path_per_floor":["M","?","?","?","$","R","M","R","T","M","E","M","M","$","R","B",null,"M","?","M","?","M","R","M"],"character_chosen":"DEFECT","items_purchased":["Defragment","Cold Snap"],"campfire_rested":2,"item_purchase_floors":[14,14],"current_hp_per_floor":[66,59,59,59,59,59,57,57,57,53,52,40,22,22,40,17,52,39,39,37,37,29,47,0],"gold":96,"neow_bonus":"ONE_RARE_RELIC","is_prod":false,"is_daily":false,"chose_seed":false,"campfire_upgraded":2,"win_rate":0,"timestamp":1554348496,"path_taken":["M","?","?","?","$","R","M","R","T","M","E","M","?","$","R","BOSS","M","?","?","?","M","R","M"],"build_version":"2019-01-23","purchased_purges":1,"victory":false,"max_hp_per_floor":[68,68,68,63,63,63,63,63,63,63,63,63,63,63,63,63,63,63,63,63,63,63,63,63],"card_choices":[{"not_picked":["Barrage","Coolheaded"],"picked":"Loop","floor":1},{"not_picked":["Go for the Eyes","Multi-Cast"],"picked":"Ball Lightning","floor":7},{"not_picked":["Go for the Eyes","Beam Cell"],"picked":"Coolheaded","floor":10},{"not_picked":["Stack","Sweeping Beam","BootSequence"],"picked":"SKIP","floor":11},{"not_picked":["Cold Snap","Go for the Eyes"],"picked":"Darkness","floor":12},{"not_picked":["Stack","Fusion","Steam"],"picked":"SKIP","floor":13},{"not_picked":["Meteor Strike","Seek"],"picked":"Echo Form","floor":16},{"not_picked":["Consume","Sweeping Beam","Storm"],"picked":"SKIP","floor":18},{"not_picked":["Streamline","Turbo"],"picked":"Leap+1","floor":20},{"not_picked":["Turbo","Undo","Cold Snap"],"picked":"SKIP","floor":22}],"player_experience":1036226,"relics_obtained":[{"floor":9,"key":"Orichalcum"},{"floor":11,"key":"Bag of Marbles"}],"event_choices":[{"cards_removed":["Strike_B"],"damage_healed":0,"gold_gain":0,"player_choice":"Card Removal","damage_taken":7,"max_hp_gain":0,"max_hp_loss":0,"event_name":"Golden Wing","floor":2,"gold_loss":0},{"cards_removed":["Strike_B"],"damage_healed":0,"gold_gain":0,"player_choice":"Card Removal","damage_taken":0,"max_hp_gain":0,"max_hp_loss":0,"event_name":"The Cleric","floor":3,"gold_loss":50},{"damage_healed":0,"gold_gain":0,"player_choice":"Lose Max HP","damage_taken":0,"relics_obtained":["Golden Idol"],"max_hp_gain":0,"max_hp_loss":5,"event_name":"Golden Idol","floor":4,"gold_loss":0},{"damage_healed":0,"gold_gain":0,"cards_transformed":["Strike_B"],"player_choice":"Transformed","damage_taken":0,"max_hp_gain":0,"max_hp_loss":0,"event_name":"Transmorgrifier","floor":19,"gold_loss":0,"cards_obtained":["Steam"]},{"cards_removed":["Defend_B"],"damage_healed":0,"gold_gain":0,"player_choice":"Gave Gold","damage_taken":0,"max_hp_gain":0,"max_hp_loss":0,"event_name":"Beggar","floor":21,"gold_loss":75}],"is_beta":false,"boss_relics":[{"not_picked":["Velvet Choker","Snecko Eye"],"picked":"Nuclear Battery"}],"items_purged_floors":[14],"is_endless":false,"potions_floor_spawned":[10,12,18,20],"killed_by":"Cultist and Chosen","ascension_level":13}