{"gold_per_floor":[109,109,122,122,0,0,55,55,55,55,70,70,90,106,106,208,208,224,234,81,81,109,109,109,124,124,137,137,168,68,85,85,85],"floor_reached":33,"playtime":1542,"items_purged":["Defend_B","Defend_B"],"score":290,"play_id":"925dd9b6-435b-4295-8b34-023849e0255b","local_time":"20190320222926","is_ascension_mode":false,"campfire_choices":[{"data":"Chaos","floor":6,"key":"SMITH"},{"data":"Zap","floor":8,"key":"SMITH"},{"data":"Ball Lightning","floor":10,"key":"SMITH"},{"data":"Cold Snap","floor":12,"key":"SMITH"},{"floor":15,"key":"REST"},{"floor":24,"key":"REST"},{"floor":28,"key":"REST"},{"data":"Capacitor","floor":32,"key":"SMITH"}],"neow_cost":"PERCENT_DAMAGE","seed_source_timestamp":372991570939825,"circlet_count":0,"master_deck":["Strike_B","Strike_B","Strike_B","Strike_B","Defend_B","Defend_B","Zap+1","Dualcast","Chaos+1","Ball Lightning+1","Cold Snap+1","Capacitor+1","Genetic Algorithm","Chill","Machine Learning","Compile Driver","Force Field","Necronomicurse","Ghostly","Ghostly","Ghostly","Ghostly","Ghostly","Storm+1","FTL+1","Self Repair","Compile Driver"],"relics":["Cracked Core","Mummified Hand","Gambling Chip","Tiny Chest","Sundial","Runic Dome","Necronomicon","Red Mask","Shovel","Blue Candle"],"potions_floor_usage":[13,16,31,33,33],"damage_taken":[{"damage":2,"enemies":"Jaw Worm","floor":1,"turns":4},{"damage":4,"enemies":"2 Louse","floor":3,"turns":3},{"damage":20,"enemies":"3 Sentries","floor":7,"turns":6},{"damage":0,"enemies":"Cultist","floor":11,"turns":2},{"damage":7,"enemies":"Exordium Thugs","floor":13,"turns":4},{"damage":2,"enemies":"3 Louse","floor":14,"turns":2},{"damage":25,"enemies":"Hexaghost","floor":16,"turns":10},{"damage":13,"enemies":"Shell Parasite","floor":18,"turns":4},{"damage":28,"enemies":"3 Byrds","floor":19,"turns":5},{"damage":29,"enemies":"Masked Bandits","floor":22,"turns":5},{"damage":14,"enemies":"Cultist and Chosen","floor":25,"turns":7},{"damage":0,"enemies":"Snecko","floor":27,"turns":5},{"damage":1,"enemies":"Book of Stabbing","floor":29,"turns":6},{"damage":8,"enemies":"3 Cultists","floor":31,"turns":4},{"damage":35,"enemies":"Champ","floor":33,"turns":9}],"seed_played":"2724629749683237956","potions_obtained":[{"floor":1,"key":"Energy Potion"},{"floor":14,"key":"Block Potion"},{"floor":25,"key":"Dexterity Potion"},{"floor":29,"key":"SkillPotion"},{"floor":31,"key":"FearPotion"}],"is_trial":false,"path_per_floor":["M","?","M","?","?","R","E","R","T","R","M","R","M","M","R","B",null,"M","M","$","?","?","?","R","M","T","M","R","E","$","M","R","B"],"character_chosen":"DEFECT","items_purchased":["Force Field"],"campfire_rested":3,"item_purchase_floors":[20],"current_hp_per_floor":[66,71,67,49,49,49,29,29,29,29,29,29,22,20,48,23,94,81,53,53,37,8,8,22,8,8,8,22,21,21,20,20,0],"gold":85,"neow_bonus":"TWENTY_PERCENT_HP_BONUS","is_prod":false,"is_daily":false,"chose_seed":false,"campfire_upgraded":5,"win_rate":0,"timestamp":1553120966,"path_taken":["M","?","M","?","?","R","E","R","T","R","?","R","M","M","R","BOSS","M","M","$","?","?","?","R","?","T","M","R","E","$","M","R","BOSS"],"build_version":"2019-03-15","purchased_purges":2,"victory":false,"max_hp_per_floor":[89,94,94,94,94,94,94,94,94,94,94,94,94,94,94,94,94,94,94,94,94,94,47,47,47,47,47,47,47,47,47,47,47],"card_choices":[{"not_picked":["Aggregate","Barrage"],"picked":"Chaos","floor":1},{"not_picked":["Hologram","Streamline"],"picked":"Ball Lightning","floor":3},{"not_picked":["Tempest","Aggregate"],"picked":"Cold Snap","floor":7},{"not_picked":["Stack","Leap"],"picked":"Capacitor","floor":11},{"not_picked":["Sunder","Turbo"],"picked":"Genetic Algorithm","floor":13},{"not_picked":["Steam","Gash"],"picked":"Chill","floor":14},{"not_picked":["Buffer","Multi-Cast"],"picked":"Machine Learning","floor":16},{"not_picked":["Aggregate","Redo","Beam Cell"],"picked":"SKIP","floor":18},{"not_picked":["Steam","Gash"],"picked":"Compile Driver","floor":19},{"not_picked":["Conserve Battery+1","Gash"],"picked":"Storm+1","floor":25},{"not_picked":["Darkness+1","Lockon"],"picked":"FTL+1","floor":27},{"not_picked":["Rebound","Fusion+1"],"picked":"Self Repair","floor":29},{"not_picked":["Chill","Double Energy"],"picked":"Compile Driver","floor":31}],"player_experience":1120580,"relics_obtained":[{"floor":7,"key":"Tiny Chest"},{"floor":9,"key":"Sundial"},{"floor":21,"key":"Necronomicon"},{"floor":22,"key":"Red Mask"},{"floor":26,"key":"Shovel"},{"floor":29,"key":"Blue Candle"}],"event_choices":[{"damage_healed":0,"gold_gain":0,"player_choice":"Donut","damage_taken":0,"max_hp_gain":5,"max_hp_loss":0,"event_name":"Big Fish","floor":2,"gold_loss":0},{"damage_healed":0,"gold_gain":0,"player_choice":"Success","damage_taken":18,"relics_obtained":["Mummified Hand"],"max_hp_gain":0,"max_hp_loss":0,"event_name":"Scrap Ooze","floor":4,"gold_loss":0},{"damage_healed":0,"gold_gain":0,"player_choice":"Paid Gold","damage_taken":0,"relics_obtained":["Gambling Chip"],"max_hp_gain":0,"max_hp_loss":0,"event_name":"WeMeetAgain","floor":5,"gold_loss":122},{"damage_healed":0,"gold_gain":0,"player_choice":"Obtained Book","damage_taken":16,"max_hp_gain":0,"max_hp_loss":0,"event_name":"Cursed Tome","floor":21,"gold_loss":0},{"damage_healed":0,"gold_gain":0,"player_choice":"Fought Bandits","damage_taken":0,"max_hp_gain":0,"max_hp_loss":0,"event_name":"Masked Bandits","floor":22,"gold_loss":0},{"damage_healed":0,"gold_gain":0,"player_choice":"Became a Ghost","damage_taken":0,"max_hp_gain":0,"max_hp_loss":47,"event_name":"Ghosts","floor":23,"gold_loss":0,"cards_obtained":["Ghostly","Ghostly","Ghostly","Ghostly","Ghostly"]}],"is_beta":true,"boss_relics":[{"not_picked":["Orrery","Fusion Hammer"],"picked":"Runic Dome"}],"items_purged_floors":[20,30],"is_endless":false,"potions_floor_spawned":[1,14,25,29,31],"killed_by":"Champ","ascension_level":0}