{"gold_per_floor":[111,125,145,165,179,179,213,213,289,62,82,82,82,95,95,197,197,213,173,188,205,222,222,249,78,101,101,101,118,118,128,128,229,229,244,260,63,83,83,83,109,109,109,109,142,161,36,36,36,36,36,36,36,69,69],"floor_reached":55,"playtime":2412,"items_purged":["Strike_R","Anger","Regret"],"score":774,"play_id":"fc674525-3e44-496e-8e31-d5f88d655590","local_time":"20190506201309","is_ascension_mode":false,"campfire_choices":[{"data":"Whirlwind","floor":6,"key":"SMITH"},{"data":"Bash","floor":13,"key":"SMITH"},{"data":"Bludgeon","floor":15,"key":"SMITH"},{"data":"Shrug It Off","floor":23,"key":"SMITH"},{"data":"Bloodletting","floor":30,"key":"SMITH"},{"data":"Shrug It Off","floor":32,"key":"SMITH"},{"data":"Offering","floor":40,"key":"SMITH"},{"data":"Double Tap","floor":44,"key":"SMITH"},{"floor":49,"key":"RECALL"},{"data":"Flame Barrier","floor":52,"key":"SMITH"}],"neow_cost":"NONE","seed_source_timestamp":0,"circlet_count":0,"master_deck":["Defend_R+1","Defend_R","Defend_R","Bash+1","Shrug It Off+1","Thunderclap+1","Combust+1","Whirlwind+1","Bludgeon+1","Shrug It Off+1","Offering+1","Uppercut+1","Rupture+1","Entrench+1","Sword Boomerang+1","Bloodletting+1","Shrug It Off+1","Double Tap+1","Disarm+1","Pommel Strike+1","Flame Barrier+1","Madness","Madness","Heavy Blade+1"],"special_seed":0,"relics":["Burning Blood","FossilizedHelix","Mercury Hourglass","Whetstone","Astrolabe","Calipers","Art of War","Cursed Key","Bronze Scales","Dream Catcher","Unceasing Top","Ginger"],"potions_floor_usage":[7,16,16,24,45,50,55,55,55],"damage_taken":[{"damage":5.0,"enemies":"2 Louse","floor":1.0,"turns":3.0},{"damage":3.0,"enemies":"Small Slimes","floor":2.0,"turns":3.0},{"damage":6,"enemies":"Jaw Worm","floor":3,"turns":6},{"damage":5,"enemies":"Red Slaver","floor":4,"turns":4},{"damage":20,"enemies":"Exordium Wildlife","floor":5,"turns":5},{"damage":11,"enemies":"3 Sentries","floor":7,"turns":3},{"damage":0,"enemies":"Large Slime","floor":11,"turns":4},{"damage":5,"enemies":"Lots of Slimes","floor":14,"turns":2},{"damage":19,"enemies":"Hexaghost","floor":16,"turns":6},{"damage":0,"enemies":"3 Byrds","floor":18,"turns":3},{"damage":0,"enemies":"2 Thieves","floor":20,"turns":1},{"damage":5,"enemies":"Shelled Parasite and Fungi","floor":21,"turns":3},{"damage":0,"enemies":"Snecko","floor":22,"turns":3},{"damage":16,"enemies":"Gremlin Leader","floor":24,"turns":3},{"damage":3,"enemies":"Chosen and Byrds","floor":29,"turns":3},{"damage":3,"enemies":"3 Cultists","floor":31,"turns":2},{"damage":24,"enemies":"Champ","floor":33,"turns":9},{"damage":0,"enemies":"Orb Walker","floor":35,"turns":3},{"damage":0,"enemies":"3 Darklings","floor":36,"turns":3},{"damage":1,"enemies":"4 Shapes","floor":38,"turns":2},{"damage":9,"enemies":"Giant Head","floor":41,"turns":7},{"damage":15,"enemies":"Reptomancer","floor":45,"turns":6},{"damage":6,"enemies":"Writhing Mass","floor":46,"turns":3},{"damage":46,"enemies":"Time Eater","floor":50,"turns":9},{"damage":41,"enemies":"Shield and Spear","floor":54,"turns":4},{"damage":45,"enemies":"The Heart","floor":55,"turns":5}],"seed_played":"1911897820938258874","potions_obtained":[{"floor":2.0,"key":"EssenceOfSteel"},{"floor":3,"key":"FairyPotion"},{"floor":7,"key":"Strength Potion"},{"floor":14,"key":"LiquidBronze"},{"floor":20,"key":"AttackPotion"},{"floor":24,"key":"Swift Potion"},{"floor":36,"key":"Strength Potion"},{"floor":45,"key":"Fire Potion"},{"floor":46,"key":"SteroidPotion"},{"floor":54,"key":"Fire Potion"}],"is_trial":false,"path_per_floor":["M","M","M","M","M","R","E","?","T","$","M","?","R","M","R","B",null,"M","?","M","M","M","R","E","$","T","?","?","M","R","M","R","B",null,"M","M","$","M","T","R","E","$","T","R","E","M","$","?","R","B",null,"R","$","E","B"],"character_chosen":"IRONCLAD","items_purchased":["Whetstone","Bloodletting","Dexterity Potion","Bronze Scales"],"campfire_rested":0,"item_purchase_floors":[10,25,37,37],"current_hp_per_floor":[80,80,80,80,66,66,61,45,45,45,51,51,51,52,52,39,80,80,80,80,80,80,80,70,70,70,70,70,73,73,76,76,58,80,80,80,80,80,80,80,77,77,77,77,68,68,68,58,58,18,80,80,80,45,0],"gold":69,"neow_bonus":"REMOVE_CARD","is_prod":false,"is_daily":false,"chose_seed":false,"campfire_upgraded":9,"win_rate":0,"timestamp":1557169989,"path_taken":["M","M","M","M","M","R","E","?","T","$","M","?","R","M","R","BOSS","M","?","M","?","M","R","E","$","T","?","?","M","R","M","R","BOSS","M","?","$","M","?","R","E","$","T","R","E","M","$","?","R","BOSS","R","$","E","BOSS"],"build_version":"2019-04-23","purchased_purges":3,"victory":false,"max_hp_per_floor":[80,80,80,80,80,80,80,80,80,80,80,80,80,80,80,80,80,80,80,80,80,80,80,80,80,80,80,80,80,80,80,80,80,80,80,80,80,80,80,80,80,80,80,80,80,80,80,80,80,80,80,80,80,80,80],"card_choices":[{"not_picked":["Flex","Body Slam"],"picked":"Shrug It Off","floor":1.0},{"not_picked":["Dark Embrace","Dual Wield"],"picked":"Thunderclap","floor":2.0},{"not_picked":["Reckless Charge","Perfected Strike"],"picked":"Combust","floor":3},{"not_picked":["Body Slam","Havoc"],"picked":"Whirlwind","floor":4},{"not_picked":["Pommel Strike","Combust"],"picked":"Anger","floor":5},{"not_picked":["True Grit","Rampage"],"picked":"Bludgeon","floor":7},{"not_picked":["Havoc","Twin Strike","Iron Wave"],"picked":"SKIP","floor":11},{"not_picked":["True Grit","Shockwave"],"picked":"Shrug It Off","floor":14},{"not_picked":["Exhume","Impervious"],"picked":"Offering","floor":16},{"not_picked":["Cleave+1","Perfected Strike"],"picked":"Sword Boomerang+1","floor":18},{"not_picked":["Cleave","Armaments","Searing Blow+1"],"picked":"SKIP","floor":20},{"not_picked":["Uppercut","Perfected Strike","Sentinel"],"picked":"SKIP","floor":21},{"not_picked":["Second Wind","Warcry","Pommel Strike+1"],"picked":"SKIP","floor":22},{"not_picked":["Sever Soul","Berserk","Blood for Blood"],"picked":"SKIP","floor":24},{"not_picked":["Armaments","Cleave","Infernal Blade"],"picked":"SKIP","floor":29},{"not_picked":["Corruption","Iron Wave+1","Twin Strike"],"picked":"SKIP","floor":31},{"not_picked":["Fiend Fire","Dark Embrace"],"picked":"Double Tap","floor":33},{"not_picked":["Second Wind+1","Anger","Twin Strike+1"],"picked":"SKIP","floor":35},{"not_picked":["Thunderclap","Anger","Berserk"],"picked":"SKIP","floor":36},{"not_picked":["Sword Boomerang","Havoc"],"picked":"Disarm+1","floor":38},{"not_picked":["Shrug It Off","Sword Boomerang","Cleave+1"],"picked":"SKIP","floor":41},{"not_picked":["Armaments+1","Shockwave"],"picked":"Pommel Strike+1","floor":45},{"not_picked":["Anger+1","Infernal Blade"],"picked":"Flame Barrier","floor":46},{"not_picked":["Evolve","Wild Strike+1"],"picked":"Heavy Blade+1","floor":54}],"player_experience":1340547,"relics_obtained":[{"floor":7,"key":"FossilizedHelix"},{"floor":9,"key":"Mercury Hourglass"},{"floor":24,"key":"Calipers"},{"floor":26,"key":"Art of War"},{"floor":41,"key":"Dream Catcher"},{"floor":45,"key":"Unceasing Top"},{"floor":54,"key":"Ginger"}],"event_choices":[{"damage_healed":0,"gold_gain":0,"player_choice":"Entered Light","damage_taken":16,"max_hp_gain":0,"max_hp_loss":0,"event_name":"Shining Light","floor":8,"gold_loss":0,"cards_upgraded":["Defend_R","Strike_R"]},{"cards_removed":["Strike_R"],"damage_healed":0,"gold_gain":0,"player_choice":"Forget","damage_taken":0,"max_hp_gain":0,"max_hp_loss":0,"event_name":"Living Wall","floor":12,"gold_loss":0},{"damage_healed":0,"gold_gain":0,"player_choice":"Upgrade","damage_taken":0,"max_hp_gain":0,"max_hp_loss":0,"event_name":"Designer","floor":19,"gold_loss":40,"cards_upgraded":["Combust"]},{"damage_healed":0,"gold_gain":0,"player_choice":"Ignored","damage_taken":0,"max_hp_gain":0,"max_hp_loss":0,"event_name":"Ghosts","floor":27,"gold_loss":0},{"damage_healed":0,"gold_gain":0,"player_choice":"Copied","damage_taken":0,"max_hp_gain":0,"max_hp_loss":0,"event_name":"Duplicator","floor":28,"gold_loss":0,"cards_obtained":["Shrug It Off"]},{"damage_healed":0,"gold_gain":0,"player_choice":"Embrace Madness","damage_taken":10,"max_hp_gain":0,"max_hp_loss":0,"event_name":"Winding Halls","floor":48,"gold_loss":0,"cards_obtained":["Madness","Madness"]}],"is_beta":true,"boss_relics":[{"not_picked":["Fusion Hammer","Busted Crown"],"picked":"Astrolabe"},{"not_picked":["Runic Cube","White Beast Statue"],"picked":"Cursed Key"}],"items_purged_floors":[10,25,47],"is_endless":false,"potions_floor_spawned":[2,3,7,14,20,24,36,45,46,54],"killed_by":"The Heart","ascension_level":0}