{"gold_per_floor":[112,45,45,45,56,56,10,39,39,58,93,93,119,135,135,135],"floor_reached":16,"playtime":348,"items_purged":[],"score":243,"play_id":"e196aa6d-e0b4-4162-9e3f-3386858ee9eb","local_time":"20190411140418","is_ascension_mode":true,"campfire_choices":[{"data":"Seeing Red","floor":6,"key":"SMITH"},{"floor":12,"key":"REST"},{"floor":15,"key":"REST"}],"neow_cost":"NONE","seed_source_timestamp":1016724571600,"circlet_count":0,"master_deck":["AscendersBane","Strike_R","Strike_R","Strike_R","Strike_R","Strike_R","Defend_R","Defend_R","Defend_R","Defend_R","Bash","Spot Weakness+1","Seeing Red+1","Pommel Strike","True Grit","Bloodletting","Rupture","Clothesline","Brutality"],"relics":["Burning Blood","NeowsBlessing","Mummified Hand","Mercury Hourglass","Vajra","Bottled Tornado"],"potions_floor_usage":[11,13,16],"damage_taken":[{"damage":0,"enemies":"Cultist","floor":1,"turns":1},{"damage":0,"enemies":"Small Slimes","floor":5,"turns":1},{"damage":0,"enemies":"3 Sentries","floor":8,"turns":2},{"damage":16,"enemies":"Jaw Worm","floor":10,"turns":4},{"damage":63,"enemies":"Gremlin Nob","floor":11,"turns":5},{"damage":21,"enemies":"Lagavulin","floor":13,"turns":5},{"damage":14,"enemies":"Blue Slaver","floor":14,"turns":3},{"damage":35,"enemies":"Slime Boss","floor":16,"turns":5}],"seed_played":"5163661050799722319","potions_obtained":[{"floor":5,"key":"Swift Potion"},{"floor":10,"key":"Strength Potion"},{"floor":13,"key":"SteroidPotion"}],"is_trial":false,"path_per_floor":["M","$","?","$","M","R","$","E","T","M","E","R","E","M","R","B"],"character_chosen":"IRONCLAD","items_purchased":["Seeing Red","True Grit"],"campfire_rested":2,"item_purchase_floors":[2,7],"current_hp_per_floor":[74,74,74,74,75,75,75,75,75,65,8,30,15,7,29,0],"gold":135,"neow_bonus":"THREE_ENEMY_KILL","is_prod":false,"is_daily":false,"chose_seed":false,"campfire_upgraded":1,"win_rate":0,"timestamp":1555002258,"path_taken":["M","$","?","?","?","R","$","E","T","M","E","R","E","M","R","BOSS"],"build_version":"2019-01-23","purchased_purges":0,"victory":false,"max_hp_per_floor":[75,75,75,75,75,75,75,75,75,75,75,75,75,75,75,75],"card_choices":[{"not_picked":["Clash","Sword Boomerang"],"picked":"Spot Weakness","floor":1},{"not_picked":["Clothesline","Rage"],"picked":"Pommel Strike","floor":5},{"not_picked":["Anger","Flex"],"picked":"Bloodletting","floor":8},{"not_picked":["Inflame","Seeing Red"],"picked":"Rupture","floor":10},{"not_picked":["Second Wind","Havoc"],"picked":"Clothesline","floor":11},{"not_picked":["Dual Wield","Sword Boomerang"],"picked":"Brutality","floor":13},{"not_picked":["Cleave","Anger","Wild Strike"],"picked":"SKIP","floor":14}],"player_experience":1075119,"relics_obtained":[{"floor":8,"key":"Mummified Hand"},{"floor":9,"key":"Mercury Hourglass"},{"floor":11,"key":"Vajra"},{"floor":13,"key":"Bottled Tornado"}],"event_choices":[{"damage_healed":0,"gold_gain":0,"player_choice":"Upgraded","damage_taken":0,"max_hp_gain":0,"max_hp_loss":0,"event_name":"Upgrade Shrine","floor":3,"gold_loss":0,"cards_upgraded":["Spot Weakness"]}],"is_beta":false,"boss_relics":[],"items_purged_floors":[],"is_endless":false,"potions_floor_spawned":[5,10,13],"killed_by":"Slime Boss","ascension_level":14}