{"gold_per_floor":[109,37,37,37,37,80,80,120,168,193,212,212,225,225,225,225],"floor_reached":16,"playtime":487,"items_purged":[],"score":124,"play_id":"33db21a5-3b08-499d-b1f6-b49ce227c70a","local_time":"20190426121218","is_ascension_mode":true,"campfire_choices":[{"data":"Whirlwind","floor":7,"key":"SMITH"},{"floor":15,"key":"REST"}],"neow_cost":"NONE","seed_source_timestamp":1200282110236900,"circlet_count":0,"master_deck":["Strike_R","Strike_R","Strike_R","Defend_R","Defend_R","Defend_R","Defend_R","Bash","Whirlwind+1","Rampage","Flex","Thunderclap","Disarm","Power Through"],"relics":["Burning Blood","Golden Idol","Darkstone Periapt","Calipers","Anchor","Ornamental Fan"],"potions_floor_usage":[6,16,16],"damage_taken":[{"damage":9,"enemies":"Jaw Worm","floor":1,"turns":5},{"damage":35,"enemies":"3 Sentries","floor":6,"turns":8},{"damage":29,"enemies":"Gremlin Nob","floor":8,"turns":4},{"damage":1,"enemies":"2 Louse","floor":10,"turns":3},{"damage":0,"enemies":"Cultist","floor":11,"turns":2},{"damage":16,"enemies":"Large Slime","floor":13,"turns":5},{"damage":59,"enemies":"Slime Boss","floor":16,"turns":9}],"seed_played":"8693905081515459071","potions_obtained":[{"floor":1,"key":"Energy Potion"},{"floor":8,"key":"PowerPotion"},{"floor":13,"key":"EssenceOfSteel"}],"is_trial":false,"path_per_floor":["M","$","?","?","$","E","R","E","T","M","M","?","M","T","R","B"],"character_chosen":"IRONCLAD","items_purchased":["Rampage"],"campfire_rested":1,"item_purchase_floors":[2],"current_hp_per_floor":[85,85,81,81,81,52,52,29,29,34,40,40,30,30,54,0],"gold":225,"neow_bonus":"TEN_PERCENT_HP_BONUS","is_prod":false,"is_daily":false,"chose_seed":false,"campfire_upgraded":1,"win_rate":0,"timestamp":1556295138,"path_taken":["M","$","?","?","$","E","R","E","T","M","?","?","?","?","R","BOSS"],"build_version":"2019-01-23","purchased_purges":0,"victory":false,"max_hp_per_floor":[88,88,81,81,81,81,81,81,81,81,81,81,81,81,81,81],"card_choices":[{"not_picked":["Burning Pact","Reckless Charge"],"picked":"Whirlwind","floor":1},{"not_picked":["Sentinel","Reckless Charge"],"picked":"Flex","floor":6},{"not_picked":["Combust","Armaments"],"picked":"Thunderclap","floor":8},{"not_picked":["Warcry","Clash","Clothesline"],"picked":"SKIP","floor":10},{"not_picked":["Clash","Shrug It Off"],"picked":"Disarm","floor":11},{"not_picked":["Warcry","True Grit"],"picked":"Power Through","floor":13}],"player_experience":117736,"relics_obtained":[{"floor":6,"key":"Darkstone Periapt"},{"floor":8,"key":"Calipers"},{"floor":9,"key":"Anchor"},{"floor":14,"key":"Ornamental Fan"}],"event_choices":[{"damage_healed":0,"gold_gain":0,"player_choice":"Lose Max HP","damage_taken":0,"relics_obtained":["Golden Idol"],"max_hp_gain":0,"max_hp_loss":7,"event_name":"Golden Idol","floor":3,"gold_loss":0},{"cards_removed":["Strike_R"],"damage_healed":0,"gold_gain":0,"player_choice":"Offered Basic","damage_taken":0,"max_hp_gain":0,"max_hp_loss":0,"event_name":"Bonfire Elementals","floor":4,"gold_loss":0},{"cards_removed":["Strike_R"],"damage_healed":0,"gold_gain":0,"player_choice":"Purged","damage_taken":0,"max_hp_gain":0,"max_hp_loss":0,"event_name":"Purifier","floor":12,"gold_loss":0}],"is_beta":false,"boss_relics":[],"items_purged_floors":[],"is_endless":false,"potions_floor_spawned":[1,8,13],"killed_by":"Slime Boss","ascension_level":3}