{"gold_per_floor":[119,119,119,119,133,164,164,191,191,201,236,236,248,248,248,248],"floor_reached":16,"playtime":1261,"items_purged":[],"score":118,"play_id":"b85ffbd0-a380-406c-b6bd-73045a42910d","local_time":"20190328081253","is_ascension_mode":false,"campfire_choices":[{"data":"Neutralize","floor":7,"key":"SMITH"},{"floor":12,"key":"REST"},{"data":"PiercingWail","floor":15,"key":"SMITH"}],"neow_cost":"NONE","seed_source_timestamp":425926659186000,"circlet_count":0,"master_deck":["Defend_G","Defend_G","Defend_G","Defend_G","Defend_G","Strike_G","Strike_G","Strike_G","Strike_G","Survivor","Neutralize+1","Quick Slash+1","Well Laid Plans","Acrobatics","PiercingWail+1","Infinite Blades","Adrenaline","Blade Dance"],"relics":["Ring of the Snake","Happy Flower","Potion Belt","Regal Pillow","Bag of Preparation","Pear","Oddly Smooth Stone"],"potions_floor_usage":[8,11,11,13],"damage_taken":[{"damage":0,"enemies":"2 Louse","floor":1,"turns":4},{"damage":0,"enemies":"Cultist","floor":5,"turns":3},{"damage":19,"enemies":"3 Sentries","floor":6,"turns":12},{"damage":26,"enemies":"Lagavulin","floor":8,"turns":12},{"damage":5,"enemies":"Small Slimes","floor":10,"turns":3},{"damage":1,"enemies":"3 Sentries","floor":11,"turns":6},{"damage":0,"enemies":"Exordium Wildlife","floor":13,"turns":5},{"damage":63,"enemies":"Hexaghost","floor":16,"turns":16}],"seed_played":"2820525134573530488","potions_obtained":[{"floor":6,"key":"Explosive Potion"},{"floor":8,"key":"PowerPotion"},{"floor":10,"key":"Dexterity Potion"},{"floor":11,"key":"Fire Potion"}],"is_trial":false,"path_per_floor":["M","?","?","?","M","E","R","E","T","M","E","R","M","?","R","B"],"character_chosen":"THE_SILENT","items_purchased":[],"campfire_rested":1,"item_purchase_floors":[],"current_hp_per_floor":[70,63,60,60,60,41,41,15,25,20,19,58,58,58,58,0],"gold":248,"neow_bonus":"RANDOM_COMMON_RELIC","is_prod":false,"is_daily":false,"chose_seed":false,"campfire_upgraded":2,"win_rate":0.0,"timestamp":1553775173,"path_taken":["M","?","?","?","?","E","R","E","T","M","E","R","M","?","R","BOSS"],"build_version":"2019-01-23","purchased_purges":0,"victory":false,"max_hp_per_floor":[70,70,70,70,70,70,70,70,80,80,80,80,80,80,80,80],"card_choices":[{"not_picked":["PiercingWail","Escape Plan"],"picked":"Quick Slash","floor":1},{"not_picked":["Dagger Throw","Deflect"],"picked":"Well Laid Plans","floor":5},{"not_picked":["Deflect","Slice"],"picked":"Acrobatics","floor":6},{"not_picked":["Leg Sweep","Crippling Poison"],"picked":"PiercingWail","floor":8},{"not_picked":["Skewer","Quick Slash"],"picked":"Infinite Blades","floor":10},{"not_picked":["Flechettes","Underhanded Strike"],"picked":"Adrenaline","floor":11},{"not_picked":["Dagger Spray","Sucker Punch"],"picked":"Blade Dance","floor":13}],"player_experience":16966,"relics_obtained":[{"floor":6,"key":"Regal Pillow"},{"floor":8,"key":"Bag of Preparation"},{"floor":9,"key":"Pear"},{"floor":11,"key":"Oddly Smooth Stone"}],"event_choices":[{"cards_removed":["Strike_G"],"damage_healed":0,"gold_gain":0,"player_choice":"Card Removal","damage_taken":7,"max_hp_gain":0,"max_hp_loss":0,"event_name":"Golden Wing","floor":2,"gold_loss":0},{"damage_healed":0,"gold_gain":0,"player_choice":"Success","damage_taken":3,"relics_obtained":["Potion Belt"],"max_hp_gain":0,"max_hp_loss":0,"event_name":"Scrap Ooze","floor":3,"gold_loss":0},{"damage_healed":0,"gold_gain":0,"player_choice":"Upgraded","damage_taken":0,"max_hp_gain":0,"max_hp_loss":0,"event_name":"Upgrade Shrine","floor":4,"gold_loss":0,"cards_upgraded":["Quick Slash"]},{"damage_healed":0,"gold_gain":0,"player_choice":"Ignored","damage_taken":0,"max_hp_gain":0,"max_hp_loss":0,"event_name":"Golden Idol","floor":14,"gold_loss":0}],"is_beta":false,"boss_relics":[],"items_purged_floors":[],"is_endless":false,"potions_floor_spawned":[6,8,10,11],"killed_by":"Hexaghost","ascension_level":0}