{"gold_per_floor":[117,137,137,156,182,182,196,229,307,334,352,352,366,379,379,379],"floor_reached":16,"playtime":637,"items_purged":[],"score":211,"play_id":"848b9fe1-10a4-4a11-9192-09a4346e0768","local_time":"20190420213737","is_ascension_mode":true,"campfire_choices":[{"data":"Dark Embrace","floor":6,"key":"SMITH"},{"floor":15,"key":"REST"}],"neow_cost":"TEN_PERCENT_HP_LOSS","seed_source_timestamp":805557241491183,"circlet_count":0,"master_deck":["AscendersBane","Strike_R","Strike_R","Strike_R","Strike_R","Defend_R","Defend_R","Defend_R","Bash","Dark Embrace+1","Double Tap","Reckless Charge","Flex","Impervious","Bash","Rage","Metallicize","Armaments","Pummel","Feel No Pain","Havoc","Sword Boomerang"],"relics":["Burning Blood","Regal Pillow","Bottled Tornado","Ornamental Fan","Shuriken"],"potions_floor_usage":[10,13],"damage_taken":[{"damage":9,"enemies":"Small Slimes","floor":1,"turns":4},{"damage":0,"enemies":"Cultist","floor":2,"turns":2},{"damage":8,"enemies":"2 Louse","floor":4,"turns":2},{"damage":0,"enemies":"Large Slime","floor":7,"turns":7},{"damage":38,"enemies":"3 Sentries","floor":8,"turns":10},{"damage":23,"enemies":"Gremlin Nob","floor":10,"turns":5},{"damage":10,"enemies":"2 Fungi Beasts","floor":11,"turns":4},{"damage":11,"enemies":"Exordium Thugs","floor":13,"turns":6},{"damage":9,"enemies":"Looter","floor":14,"turns":5},{"damage":42,"enemies":"The Guardian","floor":16,"turns":10}],"seed_played":"-5244896733832712298","potions_obtained":[{"floor":2,"key":"Fire Potion"},{"floor":4,"key":"LiquidBronze"},{"floor":11,"key":"AttackPotion"},{"floor":13,"key":"Strength Potion"}],"is_trial":false,"path_per_floor":["M","M","?","M","T","R","M","E","T","E","M","?","M","M","R","B"],"character_chosen":"IRONCLAD","items_purchased":[],"campfire_rested":1,"item_purchase_floors":[],"current_hp_per_floor":[65,68,68,66,66,66,68,36,36,19,15,15,10,7,42,0],"gold":379,"neow_bonus":"TRANSFORM_TWO_CARDS","is_prod":false,"is_daily":false,"chose_seed":false,"campfire_upgraded":1,"win_rate":0,"timestamp":1555807057,"path_taken":["M","M","?","?","?","R","M","E","T","E","?","?","M","M","R","BOSS"],"build_version":"2019-01-23","purchased_purges":0,"victory":false,"max_hp_per_floor":[68,68,68,68,68,68,68,68,68,68,68,68,68,68,68,68],"card_choices":[{"not_picked":["Heavy Blade","Twin Strike"],"picked":"Reckless Charge","floor":1},{"not_picked":["Clash","Sentinel"],"picked":"Flex","floor":2},{"not_picked":["Clothesline","Twin Strike"],"picked":"Rage","floor":4},{"not_picked":["Fire Breathing","Headbutt"],"picked":"Metallicize","floor":7},{"not_picked":["Flex","Impervious"],"picked":"Armaments","floor":8},{"not_picked":["Pommel Strike","Evolve"],"picked":"Pummel","floor":10},{"not_picked":["Havoc","Rampage"],"picked":"Feel No Pain","floor":11},{"not_picked":["Cleave","Anger"],"picked":"Havoc","floor":13},{"not_picked":["Thunderclap","Anger"],"picked":"Sword Boomerang","floor":14}],"player_experience":1172112,"relics_obtained":[{"floor":5,"key":"Regal Pillow"},{"floor":8,"key":"Bottled Tornado"},{"floor":9,"key":"Ornamental Fan"},{"floor":10,"key":"Shuriken"}],"event_choices":[{"damage_healed":0,"gold_gain":0,"player_choice":"2 cards matched","damage_taken":0,"max_hp_gain":0,"max_hp_loss":0,"event_name":"Match and Keep!","floor":3,"gold_loss":0,"cards_obtained":["Impervious","Bash"]},{"damage_healed":0,"gold_gain":0,"player_choice":"Ignored","damage_taken":0,"max_hp_gain":0,"max_hp_loss":0,"event_name":"Golden Wing","floor":12,"gold_loss":0}],"is_beta":false,"boss_relics":[],"items_purged_floors":[],"is_endless":false,"potions_floor_spawned":[2,4,11,13,14],"killed_by":"The Guardian","ascension_level":17}