{"gold_per_floor":[117,132,132,151,151,182,192,192,192,267,267,283,311,325,325,427,427,446,29,39,53,68,96,96,110,135,164,37,37,53,53,53,151,201,217,217,122,141,78,103,129,129,184,230,250,250,250,281,281,281,281,281,82,108,108],"floor_reached":56,"playtime":3136,"items_purged":["Strike_R","Strike_R","Strike_R","Strike_R"],"score":1410,"play_id":"a4f4b043-62db-4a8b-986d-2ff897fc268e","local_time":"20190215172531","is_ascension_mode":false,"campfire_choices":[{"data":"Anger","floor":8,"key":"SMITH"},{"data":"Bash","floor":11,"key":"SMITH"},{"data":"Combust","floor":15,"key":"SMITH"},{"data":"Demon Form","floor":32,"key":"SMITH"},{"data":"True Grit","floor":42,"key":"SMITH"},{"floor":47,"key":"RECALL"},{"data":"Flame Barrier","floor":49,"key":"SMITH"},{"data":"Barricade","floor":52,"key":"SMITH"}],"neow_cost":"NONE","seed_source_timestamp":193247136504202,"circlet_count":0,"master_deck":["Defend_R","Defend_R+1","Defend_R","Defend_R","Bash+1","Clothesline+1","Iron Wave+1","Anger+1","Pummel","Demon Form+1","Burning Pact+1","Shockwave+1","True Grit+1","Twin Strike+1","Flame Barrier+1","Seeing Red","Warcry+1","Disarm+1","Barricade+1","Heavy Blade+1","Pommel Strike+1","Feel No Pain+1","Shrug It Off+1"],"relics":["Burning Blood","Self Forming Clay","Meat on the Bone","Centennial Puzzle","Velvet Choker","Membership Card","Gambling Chip","Incense Burner","Art of War","Bottled Tornado","Thread and Needle","WingedGreaves","Tiny House","Tiny Chest","Ice Cream","Happy Flower","War Paint","Nunchaku","Paper Frog","Lee\u0027s Waffle","Champion Belt"],"potions_floor_usage":[6,13,22,23,44,48,48,55,55,55],"damage_taken":[{"damage":6,"enemies":"Jaw Worm","floor":1,"turns":5},{"damage":4,"enemies":"Cultist","floor":2,"turns":3},{"damage":0,"enemies":"Small Slimes","floor":4,"turns":4},{"damage":43,"enemies":"Lagavulin","floor":6,"turns":10},{"damage":4,"enemies":"3 Louse","floor":7,"turns":4},{"damage":1,"enemies":"Exordium Thugs","floor":12,"turns":3},{"damage":18,"enemies":"3 Sentries","floor":13,"turns":7},{"damage":5,"enemies":"2 Fungi Beasts","floor":14,"turns":2},{"damage":17,"enemies":"Hexaghost","floor":16,"turns":9},{"damage":3,"enemies":"3 Byrds","floor":18,"turns":4},{"damage":7,"enemies":"Spheric Guardian","floor":20,"turns":3},{"damage":18,"enemies":"Snake Plant","floor":21,"turns":4},{"damage":15,"enemies":"Sentry and Sphere","floor":22,"turns":4},{"damage":22,"enemies":"Gremlin Leader","floor":23,"turns":5},{"damage":21,"enemies":"Shelled Parasite and Fungi","floor":25,"turns":5},{"damage":15,"enemies":"Slavers","floor":27,"turns":4},{"damage":4,"enemies":"Centurion and Healer","floor":30,"turns":4},{"damage":23,"enemies":"Automaton","floor":33,"turns":7},{"damage":3,"enemies":"Orb Walker","floor":35,"turns":4},{"damage":10,"enemies":"3 Darklings","floor":38,"turns":4},{"damage":14,"enemies":"Nemesis","floor":40,"turns":5},{"damage":0,"enemies":"Giant Head","floor":41,"turns":7},{"damage":13,"enemies":"2 Orb Walkers","floor":44,"turns":3},{"damage":12,"enemies":"Maw","floor":45,"turns":6},{"damage":16,"enemies":"Reptomancer","floor":48,"turns":7},{"damage":16,"enemies":"Donu and Deca","floor":50,"turns":8},{"damage":15,"enemies":"Shield and Spear","floor":54,"turns":6},{"damage":5,"enemies":"The Heart","floor":55,"turns":9}],"seed_played":"-1360430908733712672","potions_obtained":[{"floor":2,"key":"GamblersBrew"},{"floor":6,"key":"Fruit Juice"},{"floor":7,"key":"SkillPotion"},{"floor":18,"key":"Swift Potion"},{"floor":23,"key":"Regen Potion"},{"floor":27,"key":"Energy Potion"},{"floor":30,"key":"Energy Potion"},{"floor":35,"key":"Swift Potion"},{"floor":45,"key":"Strength Potion"},{"floor":48,"key":"Ancient Potion"}],"is_trial":false,"path_per_floor":["M","M","?","M","?","E","M","R","T","?","R","M","E","M","R","B",null,"M","$","M","M","M","E","?","M","T","E","$","?","M","T","R","B",null,"M","?","$","M","$","E","E","R","T","?","M","?","R","E","R","B",null,"R","$","E","B",null],"character_chosen":"IRONCLAD","items_purchased":["Membership Card","Burning Pact","Gambling Chip","Bottled Tornado","Tiny Chest","Dexterity Potion","Lee\u0027s Waffle"],"campfire_rested":0,"item_purchase_floors":[19,19,19,28,37,53,53],"current_hp_per_floor":[80,80,80,80,80,48,50,50,50,39,39,56,56,57,57,58,85,85,85,84,72,63,59,59,56,56,59,59,59,61,61,61,56,90,90,90,90,86,86,78,84,84,84,77,71,71,71,76,76,66,90,90,97,88,89],"gold":108,"neow_bonus":"REMOVE_CARD","is_prod":false,"is_daily":false,"chose_seed":false,"campfire_upgraded":7,"win_rate":0,"timestamp":1550251531,"path_taken":["M","M","?","M","?","E","?","R","T","?","R","M","E","M","R","BOSS","M","$","M","M","M","E","?","M","T","E","?","?","M","?","R","BOSS","M","?","$","M","$","E","E","R","T","?","M","?","R","E","R","BOSS","R","$","E","BOSS"],"build_version":"2019-02-06","purchased_purges":4,"victory":true,"max_hp_per_floor":[80,80,80,80,80,85,85,85,85,85,85,85,85,85,85,85,85,85,85,85,85,85,85,85,85,85,85,85,85,85,85,85,85,90,90,90,90,90,90,90,90,90,90,90,90,90,90,90,90,90,90,90,97,97,97],"card_choices":[{"not_picked":["Headbutt","Flame Barrier"],"picked":"Clothesline","floor":1},{"not_picked":["Rupture","Havoc"],"picked":"Iron Wave","floor":2},{"not_picked":["Sword Boomerang","Heavy Blade","Clash"],"picked":"SKIP","floor":4},{"not_picked":["Clash","Sentinel","Havoc"],"picked":"SKIP","floor":6},{"not_picked":["Twin Strike","Wild Strike"],"picked":"Anger","floor":7},{"not_picked":["Armaments","Entrench"],"picked":"Pummel","floor":12},{"not_picked":["Shrug It Off","Evolve"],"picked":"Combust","floor":13},{"not_picked":["Havoc","Fire Breathing","Sword Boomerang"],"picked":"SKIP","floor":14},{"not_picked":["Juggernaut","Immolate"],"picked":"Demon Form","floor":16},{"not_picked":["Armaments+1","Twin Strike","Body Slam+1"],"picked":"SKIP","floor":18},{"not_picked":["Rampage","Fire Breathing+1"],"picked":"Shockwave","floor":20},{"not_picked":["Heavy Blade+1","Thunderclap+1"],"picked":"True Grit","floor":21},{"not_picked":["Shockwave","Havoc"],"picked":"Twin Strike+1","floor":22},{"not_picked":["Body Slam","Dual Wield"],"picked":"Flame Barrier","floor":23},{"not_picked":["Armaments","Searing Blow","Entrench+1"],"picked":"SKIP","floor":25},{"not_picked":["Spot Weakness","Bludgeon"],"picked":"Warcry+1","floor":27},{"not_picked":["Rupture","Anger"],"picked":"Disarm+1","floor":30},{"not_picked":["Fiend Fire","Berserk"],"picked":"Barricade","floor":33},{"not_picked":["True Grit","Dropkick"],"picked":"Heavy Blade+1","floor":35},{"not_picked":["Warcry+1","Reckless Charge+1"],"picked":"Pommel Strike+1","floor":38},{"not_picked":["Headbutt","Flex","Clothesline"],"picked":"SKIP","floor":40},{"not_picked":["Warcry","Evolve+1","Perfected Strike+1"],"picked":"SKIP","floor":41},{"not_picked":["Heavy Blade","Headbutt+1"],"picked":"Feel No Pain+1","floor":45},{"not_picked":["Havoc+1","Armaments","Wild Strike+1"],"picked":"SKIP","floor":48},{"not_picked":["Cleave+1","Feed"],"picked":"Shrug It Off+1","floor":54}],"player_experience":913327,"relics_obtained":[{"floor":6,"key":"Self Forming Clay"},{"floor":9,"key":"Meat on the Bone"},{"floor":13,"key":"Centennial Puzzle"},{"floor":23,"key":"Incense Burner"},{"floor":27,"key":"Art of War"},{"floor":31,"key":"WingedGreaves"},{"floor":40,"key":"Ice Cream"},{"floor":41,"key":"Happy Flower"},{"floor":43,"key":"War Paint"},{"floor":44,"key":"Nunchaku"},{"floor":48,"key":"Paper Frog"},{"floor":54,"key":"Champion Belt"}],"event_choices":[{"damage_healed":0,"gold_gain":0,"player_choice":"Grow","damage_taken":0,"max_hp_gain":0,"max_hp_loss":0,"event_name":"Living Wall","floor":3,"gold_loss":0,"cards_upgraded":["Clothesline"]},{"damage_healed":0,"gold_gain":0,"player_choice":"Forge","damage_taken":0,"max_hp_gain":0,"max_hp_loss":0,"event_name":"Accursed Blacksmith","floor":5,"gold_loss":0,"cards_upgraded":["Iron Wave"]},{"damage_healed":0,"gold_gain":75,"player_choice":"Gather Gold","damage_taken":11,"max_hp_gain":0,"max_hp_loss":0,"event_name":"World of Goop","floor":10,"gold_loss":0},{"damage_healed":0,"gold_gain":0,"player_choice":"Read","damage_taken":0,"max_hp_gain":0,"max_hp_loss":0,"event_name":"The Library","floor":24,"gold_loss":0,"cards_obtained":["Seeing Red"]},{"damage_healed":0,"gold_gain":0,"player_choice":"Opened","damage_taken":0,"relics_obtained":["Thread and Needle"],"max_hp_gain":0,"max_hp_loss":0,"event_name":"The Mausoleum","floor":29,"gold_loss":0},{"damage_healed":0,"gold_gain":0,"player_choice":"Ignored","damage_taken":0,"max_hp_gain":0,"max_hp_loss":0,"event_name":"Tomb of Lord Red Mask","floor":36,"gold_loss":0},{"damage_healed":0,"gold_gain":0,"player_choice":"Fight","damage_taken":0,"max_hp_gain":0,"max_hp_loss":0,"event_name":"Mysterious Sphere","floor":44,"gold_loss":0},{"cards_removed":["Combust"],"damage_healed":0,"gold_gain":0,"player_choice":"Removed Power","damage_taken":0,"max_hp_gain":0,"max_hp_loss":0,"event_name":"Falling","floor":46,"gold_loss":0}],"is_beta":true,"boss_relics":[{"not_picked":["Busted Crown","Eternal Feather"],"picked":"Velvet Choker"},{"not_picked":["Mark of Pain","Lizard Tail"],"picked":"Tiny House"}],"items_purged_floors":[19,37,39,53],"is_endless":false,"potions_floor_spawned":[2,6,7,18,23,27,30,35,40,45,48],"ascension_level":0}