{"gold_per_floor":[109,36,48,60,84,84,10,10,10,10,40,40,60,86,86,191,491,503,453,80,92,42,42],"floor_reached":23,"playtime":858,"items_purged":["Injury"],"score":227,"play_id":"d147973b-de5e-49d0-80a0-275bdef65d34","local_time":"20190509152915","is_ascension_mode":true,"campfire_choices":[{"data":"Zap","floor":6,"key":"SMITH"},{"data":"White Noise","floor":10,"key":"SMITH"},{"floor":15,"key":"REST"}],"neow_cost":"NONE","seed_source_timestamp":312712666217200,"circlet_count":0,"master_deck":["Strike_B","Strike_B","Strike_B","Strike_B","Defend_B","Defend_B","Defend_B","Defend_B","Zap+1","Dualcast","Gash","Gash","Consume","White Noise+1","BootSequence","Chill","Coolheaded","Rainbow","Clumsy","Clumsy","Storm+1","Rebound+1","Conserve Battery"],"relics":["Cracked Core","NeowsBlessing","Tiny Chest","Vajra","Bag of Marbles","Strawberry","Blue Candle","StoneCalendar","Calling Bell","Blood Vial","Dodecahedron","Old Coin","Dead Branch"],"potions_floor_usage":[23],"damage_taken":[{"damage":0,"enemies":"Jaw Worm","floor":1,"turns":1},{"damage":0,"enemies":"Cultist","floor":3,"turns":1},{"damage":0,"enemies":"Small Slimes","floor":4,"turns":1},{"damage":37,"enemies":"Gremlin Nob","floor":11,"turns":4},{"damage":6,"enemies":"Exordium Thugs","floor":13,"turns":4},{"damage":5,"enemies":"3 Sentries","floor":14,"turns":8},{"damage":14,"enemies":"The Guardian","floor":16,"turns":9},{"damage":36,"enemies":"2 Thieves","floor":18,"turns":5},{"damage":0,"enemies":"Chosen","floor":21,"turns":4},{"damage":54,"enemies":"Gremlin Leader","floor":23,"turns":4}],"seed_played":"851211245254918032","potions_obtained":[{"floor":4,"key":"Dexterity Potion"},{"floor":11,"key":"Energy Potion"},{"floor":14,"key":"Fire Potion"}],"is_trial":false,"path_per_floor":["M","?","M","M","T","R","$","?","T","R","E","?","M","E","R","B",null,"M","?","$","M","$","E"],"character_chosen":"DEFECT","items_purchased":["White Noise","Dead Branch","Conserve Battery"],"campfire_rested":1,"item_purchase_floors":[7,20,22],"current_hp_per_floor":[75,75,75,75,75,75,75,75,75,75,45,42,36,31,55,41,82,46,46,46,48,48,0],"gold":42,"neow_bonus":"THREE_ENEMY_KILL","is_prod":false,"is_daily":false,"chose_seed":false,"campfire_upgraded":2,"win_rate":0,"timestamp":1557430155,"path_taken":["M","?","M","?","?","R","$","?","T","R","E","?","?","E","R","BOSS","M","?","$","?","?","E"],"build_version":"2019-01-23","purchased_purges":1,"victory":false,"max_hp_per_floor":[75,75,75,75,75,75,75,75,75,75,82,82,82,82,82,82,82,82,82,82,82,82,82],"card_choices":[{"not_picked":["Force Field","Loop"],"picked":"Gash","floor":1},{"not_picked":["Double Energy","Skim"],"picked":"Gash","floor":3},{"not_picked":["Self Repair","Lockon"],"picked":"Consume","floor":4},{"not_picked":["Blizzard","Leap"],"picked":"BootSequence","floor":11},{"not_picked":["Sweeping Beam","Darkness"],"picked":"Chill","floor":13},{"not_picked":["Force Field","Consume"],"picked":"Coolheaded","floor":14},{"not_picked":["Meteor Strike","Creative AI"],"picked":"Rainbow","floor":16},{"not_picked":["Force Field","Consume"],"picked":"Storm+1","floor":18},{"not_picked":["Sweeping Beam","Tempest"],"picked":"Rebound+1","floor":21}],"player_experience":165765,"relics_obtained":[{"floor":5,"key":"Vajra"},{"floor":9,"key":"Bag of Marbles"},{"floor":11,"key":"Strawberry"},{"floor":14,"key":"StoneCalendar"},{"floor":17,"key":"Blood Vial"},{"floor":17,"key":"Dodecahedron"},{"floor":17,"key":"Old Coin"}],"event_choices":[{"damage_healed":0,"gold_gain":0,"player_choice":"Paid Gold","damage_taken":0,"relics_obtained":["Tiny Chest"],"max_hp_gain":0,"max_hp_loss":0,"event_name":"WeMeetAgain","floor":2,"gold_loss":103},{"damage_healed":0,"gold_gain":0,"player_choice":"Ignored","damage_taken":0,"max_hp_gain":0,"max_hp_loss":0,"event_name":"Liars Game","floor":8,"gold_loss":0},{"damage_healed":0,"gold_gain":0,"player_choice":"Success","damage_taken":3,"relics_obtained":["Blue Candle"],"max_hp_gain":0,"max_hp_loss":0,"event_name":"Scrap Ooze","floor":12,"gold_loss":0},{"damage_healed":0,"gold_gain":0,"player_choice":"Bet on Owner","damage_taken":0,"max_hp_gain":0,"max_hp_loss":0,"event_name":"The Joust","floor":19,"gold_loss":50}],"is_beta":false,"boss_relics":[{"not_picked":["Philosopher\u0027s Stone","FrozenCore"],"picked":"Calling Bell"}],"items_purged_floors":[20],"is_endless":false,"potions_floor_spawned":[4,11,14,18,21],"killed_by":"Gremlin Leader","ascension_level":3}