{"gold_per_floor":[114,129,129,159,22,22,37,37,37,52,52,67,146,161,161,261,311,326,29,129,129],"floor_reached":21,"playtime":616,"items_purged":[],"score":169,"play_id":"b384c542-79c4-42f7-a937-c824f8bfd4fe","local_time":"20190502201228","daily_mods":["Draft","Vintage","Night Terrors"],"is_ascension_mode":false,"campfire_choices":[{"data":"Body Slam","floor":6.0,"key":"SMITH"},{"data":"Shrug It Off","floor":8.0,"key":"SMITH"},{"data":"Infernal Blade","floor":15.0,"key":"SMITH"}],"neow_cost":"","seed_source_timestamp":0,"circlet_count":0,"master_deck":["Body Slam+1","Shrug It Off+1","Sword Boomerang","Rampage","Twin Strike","Sever Soul","Disarm","Iron Wave","Shrug It Off+1","Anger","Whirlwind","Iron Wave+1","Ghostly Armor+1","Shrug It Off","Infernal Blade+1","Flex","Dramatic Entrance","Exhume","Ghostly Armor","Enlightenment","Anger+1"],"special_seed":18017,"relics":["Burning Blood","Gremlin Horn","Omamori","Tiny Chest","Darkstone Periapt","Kunai","Matryoshka","War Paint","Bronze Scales","Tiny House","Shuriken","Chemical X","Ginger","Bottled Lightning"],"potions_floor_usage":[],"damage_taken":[{"damage":4.0,"enemies":"Jaw Worm","floor":1.0,"turns":3.0},{"damage":0.0,"enemies":"2 Louse","floor":2.0,"turns":1.0},{"damage":0.0,"enemies":"Small Slimes","floor":7.0,"turns":2.0},{"damage":2.0,"enemies":"Exordium Wildlife","floor":10.0,"turns":2.0},{"damage":0.0,"enemies":"Looter","floor":12.0,"turns":2.0},{"damage":0.0,"enemies":"Lots of Slimes","floor":14.0,"turns":1.0},{"damage":18.0,"enemies":"Hexaghost","floor":16.0,"turns":8.0},{"damage":0.0,"enemies":"Spheric Guardian","floor":18.0,"turns":3.0},{"damage":20.0,"enemies":"Colosseum Slavers","floor":20.0,"turns":2.0},{"damage":10.0,"enemies":"Colosseum Nobs","floor":20.0,"turns":3.0},{"damage":0,"enemies":"3 Byrds","floor":21,"turns":1}],"seed_played":"-5970224170056604862","potions_obtained":[{"floor":1.0,"key":"SteroidPotion"},{"floor":2.0,"key":"LiquidBronze"},{"floor":7.0,"key":"SpeedPotion"},{"floor":17.0,"key":"Dexterity Potion"}],"is_trial":false,"path_per_floor":["M","M","?","T","$","R","M","R","T","M","$","M","?","M","R","B",null,"M","$","?","M"],"character_chosen":"IRONCLAD","items_purchased":["Flex","Dramatic Entrance","Chemical X","Enlightenment"],"campfire_rested":0,"item_purchase_floors":[5,5,19,19],"current_hp_per_floor":[80,80,80,80,80,80,80,80,80,80,80,80,80,80,80,68,85,85,85,67,67],"gold":129,"neow_bonus":"","is_prod":false,"is_daily":true,"chose_seed":false,"campfire_upgraded":3,"win_rate":0,"timestamp":1556842348,"path_taken":["M","M","?","?","$","R","M","R","T","M","$","M","?","M","R","BOSS","M","$","?","M"],"build_version":"2019-01-23","purchased_purges":0,"victory":false,"max_hp_per_floor":[80,80,80,80,80,80,80,80,80,80,80,80,80,80,80,80,85,85,85,85,85],"card_choices":[{"not_picked":["Seeing Red","Thunderclap"],"picked":"Body Slam","floor":0.0},{"not_picked":["Flex","Reckless Charge"],"picked":"Shrug It Off","floor":0.0},{"not_picked":["Blood for Blood","Body Slam"],"picked":"Sword Boomerang","floor":0.0},{"not_picked":["Heavy Blade","Shrug It Off"],"picked":"Rampage","floor":0.0},{"not_picked":["Shockwave","Wild Strike"],"picked":"Twin Strike","floor":0.0},{"not_picked":["Twin Strike","Carnage"],"picked":"Sever Soul","floor":0.0},{"not_picked":["True Grit","Flex"],"picked":"Disarm","floor":0.0},{"not_picked":["Clash","Thunderclap"],"picked":"Iron Wave","floor":0.0},{"not_picked":["Twin Strike","Clash"],"picked":"Shrug It Off","floor":0.0},{"not_picked":["Twin Strike","Feel No Pain"],"picked":"Anger","floor":0.0},{"not_picked":["Sever Soul","Warcry"],"picked":"Whirlwind","floor":0.0},{"not_picked":["Metallicize","Searing Blow"],"picked":"Iron Wave","floor":0.0},{"not_picked":["Perfected Strike","Whirlwind"],"picked":"Ghostly Armor","floor":0.0},{"not_picked":["Headbutt","Sever Soul"],"picked":"Shrug It Off","floor":0.0},{"not_picked":["Perfected Strike","Clothesline"],"picked":"Infernal Blade","floor":0.0},{"not_picked":["Limit Break","Demon Form"],"picked":"Exhume","floor":16.0},{"not_picked":["Havoc","Iron Wave"],"picked":"Ghostly Armor","floor":17.0},{"not_picked":["Infernal Blade","Bloodletting"],"picked":"Anger+1","floor":20.0}],"player_experience":136431,"relics_obtained":[{"floor":1.0,"key":"Gremlin Horn"},{"floor":2.0,"key":"Omamori"},{"floor":4.0,"key":"Tiny Chest"},{"floor":7.0,"key":"Darkstone Periapt"},{"floor":9.0,"key":"Kunai"},{"floor":10.0,"key":"Matryoshka"},{"floor":12.0,"key":"War Paint"},{"floor":14.0,"key":"Bronze Scales"},{"floor":18.0,"key":"Shuriken"},{"floor":20.0,"key":"Ginger"},{"floor":20.0,"key":"Bottled Lightning"}],"event_choices":[{"damage_healed":0.0,"max_hp_gain":0.0,"max_hp_loss":0.0,"gold_gain":0.0,"event_name":"Liars Game","player_choice":"Ignored","floor":3.0,"gold_loss":0.0,"damage_taken":0.0},{"damage_healed":0.0,"max_hp_gain":0.0,"max_hp_loss":0.0,"gold_gain":79.0,"event_name":"Golden Wing","player_choice":"Gained Gold","floor":13.0,"gold_loss":0.0,"damage_taken":0.0},{"damage_healed":0.0,"max_hp_gain":0.0,"max_hp_loss":0.0,"gold_gain":0.0,"event_name":"Colosseum","player_choice":"Fight","floor":20.0,"gold_loss":0.0,"damage_taken":0.0},{"damage_healed":0.0,"max_hp_gain":0.0,"max_hp_loss":0.0,"gold_gain":0.0,"event_name":"Colosseum","player_choice":"Fought Nobs","floor":20.0,"gold_loss":0.0,"damage_taken":0.0}],"is_beta":false,"boss_relics":[{"not_picked":["Empty Cage","Busted Crown"],"picked":"Tiny House"}],"items_purged_floors":[],"is_endless":false,"potions_floor_spawned":[1,2,7,14],"killed_by":"3 Byrds","ascension_level":0}