{"gold_per_floor":[113,113,133,149,149,149,189,208,208,208,228,271,284,359,359,455,455,480,9,33,33,33,64,64,82,82,82,96,111,33,71,71,162,162,187,49,72,85,98,98,98,154,154,170,201,215,235,278,278,278,278,278,54,54],"floor_reached":54,"playtime":2584,"items_purged":["Strike_R"],"score":1461,"play_id":"9fa36792-100f-46ea-8203-e983fba31d35","local_time":"20190417003700","is_ascension_mode":true,"campfire_choices":[{"data":"Wild Strike","floor":6,"key":"SMITH"},{"data":"Metallicize","floor":10,"key":"SMITH"},{"data":"Uppercut","floor":15,"key":"SMITH"},{"floor":32,"key":"RECALL"},{"floor":40,"key":"REST"},{"floor":49,"key":"REST"},{"floor":52,"key":"REST"}],"neow_cost":"NONE","seed_source_timestamp":468770093230320,"circlet_count":0,"master_deck":["AscendersBane","Strike_R+1","Strike_R+1","Strike_R+1","Strike_R+1","Defend_R+1","Defend_R+1","Defend_R+1","Defend_R+1","Bash+1","Headbutt","Wild Strike+1","Ghostly Armor","Metallicize+1","Thunderclap","Uppercut+1","Immolate","Battle Trance","Barricade+1","Iron Wave","True Grit+1","Ghostly+1","Ghostly+1","Ghostly+1","Iron Wave+1","Feel No Pain+1","Immolate","Offering+1","Juggernaut+1","True Grit+1","Metallicize+1","Power Through+1","Magnetism+1","Feed+1","Parasite","Metallicize+1","Metallicize+1","Immolate+1","Metallicize+1","Panache+1"],"relics":["Burning Blood","Golden Idol","Meat on the Bone","Mummified Hand","Frozen Egg 2","Potion Belt","Fusion Hammer","Membership Card","Toxic Egg 2","Bag of Preparation","Blue Candle","Singing Bowl","Molten Egg 2","Sozu","Pantograph","Mercury Hourglass","Kunai","Happy Flower","ClockworkSouvenir"],"potions_floor_usage":[7,16,33,46],"damage_taken":[{"damage":8,"enemies":"Small Slimes","floor":1,"turns":4},{"damage":1,"enemies":"2 Louse","floor":3,"turns":3},{"damage":2,"enemies":"Jaw Worm","floor":4,"turns":3},{"damage":16,"enemies":"Gremlin Nob","floor":7,"turns":4},{"damage":7,"enemies":"Exordium Thugs","floor":8,"turns":6},{"damage":4,"enemies":"Red Slaver","floor":11,"turns":3},{"damage":27,"enemies":"Lagavulin","floor":12,"turns":5},{"damage":8,"enemies":"Blue Slaver","floor":13,"turns":4},{"damage":27,"enemies":"The Guardian","floor":16,"turns":14},{"damage":0,"enemies":"Chosen","floor":18,"turns":4},{"damage":1,"enemies":"Spheric Guardian","floor":20,"turns":4},{"damage":31,"enemies":"Slavers","floor":23,"turns":4},{"damage":0,"enemies":"Shelled Parasite and Fungi","floor":25,"turns":5},{"damage":0,"enemies":"Snecko","floor":28,"turns":6},{"damage":0,"enemies":"Cultist and Chosen","floor":29,"turns":7},{"damage":6,"enemies":"Book of Stabbing","floor":31,"turns":7},{"damage":11,"enemies":"Automaton","floor":33,"turns":14},{"damage":6,"enemies":"3 Darklings","floor":35,"turns":3},{"damage":0,"enemies":"3 Shapes","floor":37,"turns":3},{"damage":0,"enemies":"Jaw Worm Horde","floor":38,"turns":2},{"damage":7,"enemies":"Writhing Mass","floor":39,"turns":6},{"damage":2,"enemies":"Giant Head","floor":42,"turns":10},{"damage":0,"enemies":"4 Shapes","floor":44,"turns":4},{"damage":18,"enemies":"Reptomancer","floor":45,"turns":6},{"damage":2,"enemies":"Transient","floor":46,"turns":5},{"damage":9,"enemies":"3 Darklings","floor":47,"turns":3},{"damage":1,"enemies":"Nemesis","floor":48,"turns":7},{"damage":24,"enemies":"Donu and Deca","floor":50,"turns":9},{"damage":84,"enemies":"Shield and Spear","floor":54,"turns":3}],"seed_played":"9062658285468184009","potions_obtained":[{"floor":4,"key":"Block Potion"},{"floor":8,"key":"BloodPotion"},{"floor":12,"key":"LiquidBronze"},{"floor":13,"key":"Swift Potion"},{"floor":16,"key":"Block Potion"},{"floor":20,"key":"Fire Potion"},{"floor":23,"key":"PowerPotion"},{"floor":33,"key":"Dexterity Potion"}],"is_trial":false,"path_per_floor":["M","?","M","M","?","R","E","M","T","R","M","E","M","?","R","B",null,"M","$","M","?","?","E","?","M","T","T","M","M","$","E","R","B",null,"M","$","M","M","M","R","?","E","T","M","E","M","M","E","R","B",null,"R","$","E"],"character_chosen":"IRONCLAD","items_purchased":["Membership Card","Iron Wave","Toxic Egg 2","Bag of Preparation","Feel No Pain+1","Immolate","Metallicize+1","Power Through+1","Magnetism+1","Metallicize+1","ClockworkSouvenir","Panache+1"],"campfire_rested":3,"item_purchase_floors":[19,19,19,19,30,30,36,36,36,53,53,53],"current_hp_per_floor":[66,40,45,49,44,44,46,45,45,45,47,38,48,37,37,35,65,71,71,75,75,75,50,37,37,37,37,39,39,39,39,39,34,38,38,38,39,41,42,43,41,43,43,49,37,41,40,45,51,33,47,51,51,0],"gold":54,"neow_bonus":"UPGRADE_CARD","is_prod":false,"is_daily":false,"chose_seed":false,"campfire_upgraded":3,"win_rate":0,"timestamp":1555472220,"path_taken":["M","?","M","M","?","R","E","M","T","R","M","E","M","?","R","BOSS","M","$","M","?","?","E","?","M","T","?","?","M","?","E","R","BOSS","M","?","M","M","M","R","?","E","T","M","E","M","M","E","R","BOSS","R","$","E"],"build_version":"2019-01-23","purchased_purges":1,"victory":false,"max_hp_per_floor":[75,75,75,75,75,75,75,75,75,75,75,75,75,75,75,75,75,75,75,75,75,75,75,37,37,37,37,39,39,39,39,39,39,39,39,39,39,41,43,43,41,43,43,49,49,49,51,51,51,51,51,51,51,51],"card_choices":[{"not_picked":["Pommel Strike","Rage"],"picked":"Headbutt","floor":1},{"not_picked":["True Grit","Body Slam"],"picked":"Wild Strike","floor":3},{"not_picked":["Warcry","Havoc"],"picked":"Ghostly Armor","floor":4},{"not_picked":["Anger","Carnage"],"picked":"Metallicize","floor":7},{"not_picked":["Rupture","Body Slam"],"picked":"Thunderclap","floor":8},{"not_picked":["True Grit","Perfected Strike"],"picked":"Uppercut","floor":11},{"not_picked":["Wild Strike","Warcry"],"picked":"Immolate","floor":12},{"not_picked":["Pummel","Perfected Strike"],"picked":"Battle Trance","floor":13},{"not_picked":["Reaper","Feed"],"picked":"Barricade+1","floor":16},{"not_picked":["True Grit","Clothesline","Perfected Strike"],"picked":"SKIP","floor":18},{"not_picked":["Flex+1","Sword Boomerang+1","Dual Wield+1"],"picked":"SKIP","floor":20},{"not_picked":["Havoc+1","Iron Wave","Twin Strike"],"picked":"SKIP","floor":23},{"not_picked":["Dual Wield+1","Flex+1","Hemokinesis+1"],"picked":"SKIP","floor":25},{"not_picked":["Pommel Strike+1","Pummel","Thunderclap"],"picked":"Singing Bowl","floor":28},{"not_picked":["Uppercut+1","Wild Strike"],"picked":"Iron Wave+1","floor":29},{"not_picked":["Body Slam+1","True Grit+1"],"picked":"Offering+1","floor":31},{"not_picked":["Fiend Fire+1","Barricade+1"],"picked":"Juggernaut+1","floor":33},{"not_picked":["Cleave+1","Corruption+1"],"picked":"True Grit+1","floor":35},{"not_picked":["Shockwave+1","Warcry+1"],"picked":"Feed+1","floor":37},{"not_picked":["Pommel Strike+1","Hemokinesis+1","Intimidate+1"],"picked":"Singing Bowl","floor":38},{"not_picked":["Anger+1","Havoc+1","Sever Soul+1"],"picked":"Singing Bowl","floor":39},{"not_picked":["True Grit+1","Wild Strike+1","Thunderclap+1"],"picked":"Singing Bowl","floor":42},{"not_picked":["Ghostly Armor+1","Perfected Strike+1","Anger+1"],"picked":"Singing Bowl","floor":44},{"not_picked":["Iron Wave+1","Pummel+1"],"picked":"Metallicize+1","floor":45},{"not_picked":["Warcry+1","Disarm+1"],"picked":"Metallicize+1","floor":46},{"not_picked":["Intimidate+1","Warcry+1","Cleave+1"],"picked":"Singing Bowl","floor":47},{"not_picked":["Wild Strike+1","Battle Trance+1"],"picked":"Immolate+1","floor":48}],"player_experience":1145403,"relics_obtained":[{"floor":7,"key":"Mummified Hand"},{"floor":9,"key":"Frozen Egg 2"},{"floor":12,"key":"Potion Belt"},{"floor":23,"key":"Blue Candle"},{"floor":27,"key":"Singing Bowl"},{"floor":31,"key":"Molten Egg 2"},{"floor":42,"key":"Pantograph"},{"floor":43,"key":"Mercury Hourglass"},{"floor":45,"key":"Kunai"},{"floor":48,"key":"Happy Flower"}],"event_choices":[{"damage_healed":0,"gold_gain":0,"player_choice":"Take Damage","damage_taken":26,"relics_obtained":["Golden Idol"],"max_hp_gain":0,"max_hp_loss":0,"event_name":"Golden Idol","floor":2,"gold_loss":0},{"damage_healed":0,"gold_gain":0,"player_choice":"Success","damage_taken":5,"relics_obtained":["Meat on the Bone"],"max_hp_gain":0,"max_hp_loss":0,"event_name":"Scrap Ooze","floor":5,"gold_loss":0},{"damage_healed":0,"gold_gain":75,"player_choice":"Gather Gold","damage_taken":11,"max_hp_gain":0,"max_hp_loss":0,"event_name":"World of Goop","floor":14,"gold_loss":0},{"damage_healed":0,"gold_gain":0,"player_choice":"Simplicity","damage_taken":0,"max_hp_gain":0,"max_hp_loss":0,"event_name":"Back to Basics","floor":21,"gold_loss":0,"cards_upgraded":["Strike_R","Strike_R","Strike_R","Strike_R","Defend_R","Defend_R","Defend_R","Defend_R"]},{"damage_healed":0,"gold_gain":0,"player_choice":"Read","damage_taken":0,"max_hp_gain":0,"max_hp_loss":0,"event_name":"The Library","floor":22,"gold_loss":0,"cards_obtained":["True Grit"]},{"damage_healed":0,"gold_gain":0,"player_choice":"Became a Ghost","damage_taken":0,"max_hp_gain":0,"max_hp_loss":38,"event_name":"Ghosts","floor":24,"gold_loss":0,"cards_obtained":["Ghostly","Ghostly","Ghostly"]},{"damage_healed":0,"gold_gain":0,"player_choice":"Max HP","damage_taken":0,"max_hp_gain":0,"max_hp_loss":2,"event_name":"Winding Halls","floor":41,"gold_loss":0}],"is_beta":false,"boss_relics":[{"not_picked":["Empty Cage","Runic Dome"],"picked":"Fusion Hammer"},{"not_picked":["Calling Bell","Pandora\u0027s Box"],"picked":"Sozu"}],"items_purged_floors":[19],"is_endless":false,"potions_floor_spawned":[4,8,12,13,16,20,23,33,35,39,45,48],"killed_by":"Shield and Spear","ascension_level":15}