{"gold_per_floor":[360,360,39,49,65,98,98,129,129,162,162,162,187,217,217,343,343,359,359,284,297,317,358,52,83,83,116,134,149,149,163,163,293,293,318,334,55,78,203,237,237,268,268,268,283,283,301,332,332,332,332,332,49,82,82],"floor_reached":56,"playtime":4830,"items_purged":["Regret","Defend_R","Defend_R"],"score":1493,"play_id":"16622ee8-b180-486e-83be-7cac7bc7bcb9","local_time":"20190405180944","is_ascension_mode":true,"campfire_choices":[{"data":"Metallicize","floor":7,"key":"SMITH"},{"data":"Metallicize","floor":11,"key":"SMITH"},{"data":"Immolate","floor":15,"key":"SMITH"},{"data":"Armaments","floor":32,"key":"SMITH"},{"floor":41,"key":"RECALL"},{"data":"Barricade","floor":49,"key":"SMITH"},{"data":"Berserk","floor":52,"key":"SMITH"}],"neow_cost":"PERCENT_DAMAGE","seed_source_timestamp":2153505077678885,"circlet_count":0,"master_deck":["Strike_R+1","Strike_R+1","Defend_R+1","Defend_R","Bash","Clothesline","Metallicize+1","Metallicize+1","Havoc+1","Headbutt","Shockwave","Immolate+1","Demon Form","Armaments+1","Berserk+1","Feel No Pain","Sword Boomerang","Anger+1","Evolve","Battle Trance","True Grit","Disarm+1","Sword Boomerang","Metallicize","Battle Trance","Barricade+1","Shrug It Off","Power Through","Second Wind+1","Armaments+1","Master of Strategy","Dark Shackles","Dark Shackles","Shrug It Off+1","Metallicize+1","Sword Boomerang","True Grit","Body Slam"],"relics":["Burning Blood","Bag of Preparation","Gremlin Horn","Meat on the Bone","War Paint","Whetstone","Question Card","Golden Idol","Odd Mushroom","Velvet Choker","StoneCalendar","Orichalcum","Kunai","Singing Bowl","Champion Belt","Mark of Pain","Membership Card","Mango","Mercury Hourglass","Dream Catcher","Regal Pillow","Shuriken","Letter Opener"],"potions_floor_usage":[8,25,36,55,55],"damage_taken":[{"damage":3,"enemies":"Small Slimes","floor":1,"turns":4},{"damage":2,"enemies":"2 Louse","floor":4,"turns":2},{"damage":3,"enemies":"Jaw Worm","floor":5,"turns":4},{"damage":18,"enemies":"Lagavulin","floor":6,"turns":10},{"damage":0,"enemies":"Gremlin Nob","floor":8,"turns":5},{"damage":9,"enemies":"3 Sentries","floor":10,"turns":9},{"damage":3,"enemies":"Looter","floor":13,"turns":3},{"damage":12,"enemies":"The Mushroom Lair","floor":14,"turns":4},{"damage":42,"enemies":"Hexaghost","floor":16,"turns":12},{"damage":0,"enemies":"3 Byrds","floor":18,"turns":3},{"damage":1,"enemies":"Shell Parasite","floor":21,"turns":4},{"damage":12,"enemies":"Snake Plant","floor":22,"turns":5},{"damage":16,"enemies":"Gremlin Leader","floor":23,"turns":5},{"damage":13,"enemies":"Slavers","floor":25,"turns":4},{"damage":0,"enemies":"Gremlin Leader","floor":27,"turns":5},{"damage":0,"enemies":"Snecko","floor":28,"turns":6},{"damage":0,"enemies":"Chosen and Byrds","floor":29,"turns":2},{"damage":1,"enemies":"Shelled Parasite and Fungi","floor":31,"turns":7},{"damage":22,"enemies":"Collector","floor":33,"turns":6},{"damage":24,"enemies":"3 Darklings","floor":35,"turns":5},{"damage":12,"enemies":"3 Shapes","floor":36,"turns":5},{"damage":12,"enemies":"3 Darklings","floor":38,"turns":5},{"damage":1,"enemies":"Mind Bloom Boss Battle","floor":39,"turns":7},{"damage":14,"enemies":"Reptomancer","floor":40,"turns":7},{"damage":24,"enemies":"Nemesis","floor":42,"turns":9},{"damage":0,"enemies":"Writhing Mass","floor":45,"turns":8},{"damage":3,"enemies":"Sphere and 2 Shapes","floor":47,"turns":6},{"damage":0,"enemies":"Reptomancer","floor":48,"turns":7},{"damage":13,"enemies":"Awakened One","floor":50,"turns":13},{"damage":32,"enemies":"Shield and Spear","floor":54,"turns":8},{"damage":37,"enemies":"The Heart","floor":55,"turns":11}],"seed_played":"-4936611593169369364","potions_obtained":[{"floor":1,"key":"FairyPotion"},{"floor":4,"key":"PowerPotion"},{"floor":16,"key":"GamblersBrew"},{"floor":22,"key":"FairyPotion"},{"floor":25,"key":"Fruit Juice"},{"floor":33,"key":"EssenceOfSteel"},{"floor":36,"key":"Strength Potion"},{"floor":42,"key":"Ancient Potion"},{"floor":47,"key":"SpeedPotion"}],"is_trial":false,"path_per_floor":["M","?","$","M","M","E","R","E","T","E","R","?","M","?","R","B",null,"M","?","?","M","M","E","$","E","T","E","M","M","?","M","R","B",null,"M","M","$","M","?","E","R","E","T","?","M","?","M","E","R","B",null,"R","$","E","B",null],"character_chosen":"IRONCLAD","items_purchased":["Gremlin Horn","Evolve","Battle Trance","Orichalcum","True Grit","Membership Card","Power Through","Sword Boomerang","True Grit","Shuriken","LiquidBronze"],"campfire_rested":0,"item_purchase_floors":[3,24,24,24,24,37,37,53,53,53,53],"current_hp_per_floor":[59,59,59,63,66,54,54,60,60,57,57,37,52,58,58,34,80,80,80,80,80,74,64,64,62,62,68,74,82,82,89,89,73,89,73,67,67,61,82,76,76,70,70,60,66,66,69,77,77,70,111,111,111,85,66],"gold":82,"neow_bonus":"TWO_FIFTY_GOLD","is_prod":false,"is_daily":false,"chose_seed":false,"campfire_upgraded":6,"win_rate":0,"timestamp":1554502184,"path_taken":["M","?","$","M","M","E","R","E","T","E","R","?","M","?","R","BOSS","M","?","?","M","M","E","$","E","T","E","M","M","?","M","R","BOSS","M","?","$","M","?","E","R","E","T","?","M","?","M","E","R","BOSS","R","$","E","BOSS"],"build_version":"2019-04-04","purchased_purges":3,"victory":true,"max_hp_per_floor":[80,80,80,80,80,80,80,80,80,80,80,80,80,80,80,80,80,80,80,80,80,80,80,80,85,85,85,85,87,87,89,89,89,89,91,91,91,91,107,109,109,109,109,109,109,109,109,111,111,111,111,111,111,111,111],"card_choices":[{"not_picked":["Searing Blow","Heavy Blade"],"picked":"Clothesline","floor":1},{"not_picked":["Uppercut","Wild Strike"],"picked":"Metallicize","floor":4},{"not_picked":["Sword Boomerang","Wild Strike"],"picked":"Metallicize","floor":5},{"not_picked":["Heavy Blade","Wild Strike"],"picked":"Havoc","floor":6},{"not_picked":["Iron Wave","Corruption"],"picked":"Headbutt","floor":8},{"not_picked":["Sentinel","Headbutt","Wild Strike"],"picked":"SKIP","floor":10},{"not_picked":["Perfected Strike","Second Wind","Thunderclap"],"picked":"Shockwave","floor":13},{"not_picked":["Heavy Blade","Flex","Sword Boomerang"],"picked":"Immolate","floor":14},{"not_picked":["Brutality","Fiend Fire","Limit Break"],"picked":"Demon Form","floor":16},{"not_picked":["Sever Soul","Clothesline","Infernal Blade"],"picked":"Armaments","floor":18},{"not_picked":["Sever Soul","True Grit+1","Clash"],"picked":"Feel No Pain","floor":21},{"not_picked":["Sentinel","Hemokinesis","Twin Strike"],"picked":"Sword Boomerang","floor":22},{"not_picked":["Sword Boomerang","True Grit","Cleave"],"picked":"Anger+1","floor":23},{"not_picked":["Clash+1","Flex","Headbutt+1"],"picked":"Disarm+1","floor":25},{"not_picked":["Clothesline","Twin Strike","Brutality"],"picked":"Sword Boomerang","floor":27},{"not_picked":["Reckless Charge","Havoc","Thunderclap"],"picked":"Metallicize","floor":28},{"not_picked":["Anger+1","Headbutt+1","Entrench+1","Combust+1"],"picked":"Singing Bowl","floor":29},{"not_picked":["Wild Strike","Rampage","Pommel Strike","Searing Blow"],"picked":"Singing Bowl","floor":31},{"not_picked":["Fiend Fire","Immolate","Berserk"],"picked":"Barricade","floor":33},{"not_picked":["Feel No Pain","Evolve","Headbutt+1","Sever Soul"],"picked":"Singing Bowl","floor":35},{"not_picked":["Headbutt","Clash","Juggernaut"],"picked":"Shrug It Off","floor":36},{"not_picked":["Havoc+1","Clash+1","Flame Barrier+1"],"picked":"Second Wind+1","floor":38},{"not_picked":["Disarm","Headbutt+1","Havoc","True Grit"],"picked":"Singing Bowl","floor":39},{"not_picked":["Rupture+1","Dark Embrace","Perfected Strike","Clothesline"],"picked":"Singing Bowl","floor":40},{"not_picked":["Inflame+1","Clothesline","True Grit"],"picked":"Armaments+1","floor":42},{"not_picked":["Impatience","Mind Blast","The Bomb"],"picked":"Master of Strategy","floor":44},{"not_picked":["Sadistic Nature","HandOfGreed","Madness"],"picked":"Dark Shackles","floor":44},{"not_picked":["Secret Technique","Deep Breath","Thinking Ahead"],"picked":"Dark Shackles","floor":44},{"not_picked":["Twin Strike","Pommel Strike","Cleave+1"],"picked":"Shrug It Off+1","floor":45},{"not_picked":["Wild Strike+1","Heavy Blade","Shrug It Off"],"picked":"Metallicize+1","floor":47},{"not_picked":["Demon Form","Wild Strike+1","Combust","Flame Barrier+1"],"picked":"Singing Bowl","floor":48},{"not_picked":["Rupture","Pommel Strike","Double Tap"],"picked":"Body Slam","floor":54}],"player_experience":5162723,"relics_obtained":[{"floor":6,"key":"Meat on the Bone"},{"floor":8,"key":"War Paint"},{"floor":9,"key":"Whetstone"},{"floor":10,"key":"Question Card"},{"floor":14,"key":"Odd Mushroom"},{"floor":23,"key":"StoneCalendar"},{"floor":25,"key":"Kunai"},{"floor":26,"key":"Singing Bowl"},{"floor":27,"key":"Champion Belt"},{"floor":39,"key":"Mango"},{"floor":40,"key":"Mercury Hourglass"},{"floor":42,"key":"Dream Catcher"},{"floor":48,"key":"Regal Pillow"},{"floor":54,"key":"Letter Opener"}],"event_choices":[{"damage_healed":0,"gold_gain":0,"player_choice":"Box","damage_taken":0,"relics_obtained":["Bag of Preparation"],"max_hp_gain":0,"max_hp_loss":0,"event_name":"Big Fish","floor":2,"gold_loss":0,"cards_obtained":["Regret"]},{"damage_healed":0,"gold_gain":0,"player_choice":"Take Damage","damage_taken":20,"relics_obtained":["Golden Idol"],"max_hp_gain":0,"max_hp_loss":0,"event_name":"Golden Idol","floor":12,"gold_loss":0},{"damage_healed":0,"gold_gain":0,"player_choice":"Fought Mushrooms","damage_taken":0,"max_hp_gain":0,"max_hp_loss":0,"event_name":"Mushrooms","floor":14,"gold_loss":0},{"damage_healed":0,"gold_gain":0,"cards_transformed":["Strike_R","Strike_R"],"player_choice":"Became Test Subject","damage_taken":0,"max_hp_gain":0,"max_hp_loss":0,"event_name":"Drug Dealer","floor":19,"gold_loss":0,"cards_obtained":["Clash","Berserk"]},{"cards_removed":["Strike_R"],"damage_healed":0,"gold_gain":0,"player_choice":"Gave Gold","damage_taken":0,"max_hp_gain":0,"max_hp_loss":0,"event_name":"Beggar","floor":20,"gold_loss":75},{"damage_healed":0,"gold_gain":0,"cards_transformed":["Clash"],"player_choice":"Transformed","damage_taken":0,"max_hp_gain":0,"max_hp_loss":0,"event_name":"Transmorgrifier","floor":30,"gold_loss":0,"cards_obtained":["Battle Trance"]},{"damage_healed":0,"gold_gain":0,"player_choice":"Fight","damage_taken":0,"max_hp_gain":0,"max_hp_loss":0,"event_name":"MindBloom","floor":39,"gold_loss":0},{"damage_healed":0,"gold_gain":0,"player_choice":"Memory 3","damage_taken":10,"max_hp_gain":0,"max_hp_loss":0,"event_name":"SensoryStone","floor":44,"gold_loss":0},{"damage_healed":0,"gold_gain":0,"player_choice":"Ignored","damage_taken":0,"max_hp_gain":0,"max_hp_loss":0,"event_name":"Mysterious Sphere","floor":46,"gold_loss":0}],"is_beta":true,"boss_relics":[{"not_picked":["Runic Cube","Orrery"],"picked":"Velvet Choker"},{"not_picked":["Calling Bell","Runic Dome"],"picked":"Mark of Pain"}],"items_purged_floors":[3,37,53],"is_endless":false,"potions_floor_spawned":[1,4,16,22,25,33,36,42,47,48],"ascension_level":1}