{"gold_per_floor":[14,26,42,57,69,69,95,95,125,150,41,2,2,57,57,157,157,172,172,189,204,230,230,65,65,65,78,78,78,107,121,121,121],"floor_reached":33,"playtime":1111,"items_purged":["Strike_R"],"score":410,"play_id":"aefab614-4679-4404-a80d-a47dbde73a01","local_time":"20190130174009","is_ascension_mode":true,"campfire_choices":[{"data":"Immolate","floor":6,"key":"SMITH"},{"data":"Flame Barrier","floor":8,"key":"SMITH"},{"floor":15,"key":"REST"},{"data":"Body Slam","floor":23,"key":"SMITH"},{"data":"Barricade","floor":25,"key":"SMITH"},{"data":"True Grit","floor":28,"key":"SMITH"},{"floor":32,"key":"REST"}],"neow_cost":"NO_GOLD","seed_source_timestamp":524798139967500,"circlet_count":0,"master_deck":["Defend_R","Defend_R","Defend_R","Defend_R","Bash","Immolate+1","Carnage","Iron Wave","Sword Boomerang","Flame Barrier+1","Double Tap","Uppercut","Sword Boomerang","Barricade+1","Body Slam+1","Bite","Bite","Bite","Bite","Bite","True Grit+1","Flame Barrier","Panacea","Writhe","Feel No Pain+1"],"relics":["Burning Blood","Sundial","Tiny Chest","Pen Nib","Mummified Hand","Philosopher\u0027s Stone","Oddly Smooth Stone","The Courier","Regal Pillow","Anchor"],"potions_floor_usage":[10,30,30,33],"damage_taken":[{"damage":1,"enemies":"Cultist","floor":1,"turns":4},{"damage":0,"enemies":"2 Louse","floor":2,"turns":1},{"damage":9,"enemies":"Jaw Worm","floor":3,"turns":3},{"damage":5,"enemies":"3 Louse","floor":4,"turns":3},{"damage":7,"enemies":"Exordium Wildlife","floor":5,"turns":3},{"damage":27,"enemies":"Gremlin Nob","floor":7,"turns":4},{"damage":26,"enemies":"Lagavulin","floor":10,"turns":9},{"damage":13,"enemies":"Gremlin Nob","floor":14,"turns":4},{"damage":8,"enemies":"Slime Boss","floor":16,"turns":5},{"damage":4,"enemies":"3 Byrds","floor":18,"turns":3},{"damage":0,"enemies":"Spheric Guardian","floor":20,"turns":2},{"damage":8,"enemies":"Centurion and Healer","floor":21,"turns":6},{"damage":8,"enemies":"Shelled Parasite and Fungi","floor":27,"turns":3},{"damage":42,"enemies":"Gremlin Leader","floor":30,"turns":5},{"damage":19,"enemies":"Chosen and Byrds","floor":31,"turns":6},{"damage":81,"enemies":"Champ","floor":33,"turns":10}],"seed_played":"-9065189984922202983","potions_obtained":[{"floor":4,"key":"Poison Potion"},{"floor":5,"key":"GamblersBrew"},{"floor":7,"key":"Swift Potion"},{"floor":10,"key":"Block Potion"},{"floor":21,"key":"Energy Potion"}],"is_trial":false,"path_per_floor":["M","M","M","M","M","R","E","R","T","E","$","?","$","?","R","B",null,"M","?","M","M","T","R","$","R","T","M","R","?","E","M","R","B"],"character_chosen":"IRONCLAD","items_purchased":["Uppercut","Flame Barrier","Panacea"],"campfire_rested":2,"item_purchase_floors":[11,24,24],"current_hp_per_floor":[77,80,77,78,77,77,56,56,56,36,36,36,36,29,53,51,73,75,56,56,56,56,56,56,56,56,54,54,54,24,19,50,0],"gold":121,"neow_bonus":"THREE_RARE_CARDS","is_prod":false,"is_daily":false,"chose_seed":false,"campfire_upgraded":5,"win_rate":0,"timestamp":1548866409,"path_taken":["M","M","?","M","M","R","E","R","T","E","$","?","?","?","R","BOSS","M","?","M","M","?","R","$","R","T","?","R","?","E","M","R","BOSS"],"build_version":"2019-01-23","purchased_purges":1,"victory":false,"max_hp_per_floor":[80,80,80,80,80,80,80,80,80,80,80,80,80,80,80,80,80,80,56,56,56,56,56,56,56,56,56,56,56,56,56,56,56],"card_choices":[{"not_picked":["Reaper","Demon Form"],"picked":"Immolate","floor":0},{"not_picked":["Heavy Blade","Anger"],"picked":"Carnage","floor":1},{"not_picked":["Warcry","Corruption","Dual Wield"],"picked":"SKIP","floor":2},{"not_picked":["Entrench","Pommel Strike"],"picked":"Iron Wave","floor":3},{"not_picked":["Sentinel","Cleave","Corruption"],"picked":"SKIP","floor":4},{"not_picked":["Pommel Strike","Hemokinesis"],"picked":"Sword Boomerang","floor":5},{"not_picked":["Havoc","Warcry"],"picked":"Flame Barrier","floor":7},{"not_picked":["Wild Strike","Sword Boomerang"],"picked":"Double Tap","floor":10},{"not_picked":["Thunderclap","Pommel Strike"],"picked":"Sword Boomerang","floor":14},{"not_picked":["Exhume","Reaper"],"picked":"Barricade","floor":16},{"not_picked":["Anger+1","Thunderclap"],"picked":"Body Slam","floor":18},{"not_picked":["Spot Weakness","Combust"],"picked":"True Grit","floor":20},{"not_picked":["Flex","Clothesline+1","Searing Blow"],"picked":"SKIP","floor":21},{"not_picked":["Warcry+1","Second Wind+1","True Grit"],"picked":"SKIP","floor":27},{"not_picked":["Uppercut","Flame Barrier","Disarm"],"picked":"SKIP","floor":30},{"not_picked":["Twin Strike","Thunderclap"],"picked":"Feel No Pain+1","floor":31}],"player_experience":414037,"relics_obtained":[{"floor":7,"key":"Sundial"},{"floor":9,"key":"Tiny Chest"},{"floor":10,"key":"Pen Nib"},{"floor":22,"key":"Oddly Smooth Stone"},{"floor":26,"key":"The Courier"},{"floor":30,"key":"Anchor"}],"event_choices":[{"damage_healed":0,"gold_gain":0,"player_choice":"Left Gold","damage_taken":0,"max_hp_gain":0,"max_hp_loss":0,"event_name":"World of Goop","floor":12,"gold_loss":39},{"damage_healed":0,"gold_gain":0,"player_choice":"Searched \u00273\u0027 times","damage_taken":0,"relics_obtained":["Mummified Hand"],"max_hp_gain":0,"max_hp_loss":0,"event_name":"Dead Adventurer","floor":14,"gold_loss":0},{"damage_healed":0,"gold_gain":0,"player_choice":"Became a vampire","damage_taken":0,"max_hp_gain":0,"max_hp_loss":24,"event_name":"Vampires","floor":19,"gold_loss":0,"cards_obtained":["Bite","Bite","Bite","Bite","Bite"]},{"damage_healed":0,"gold_gain":0,"player_choice":"Opened","damage_taken":0,"relics_obtained":["Regal Pillow"],"max_hp_gain":0,"max_hp_loss":0,"event_name":"The Mausoleum","floor":29,"gold_loss":0,"cards_obtained":["Writhe"]}],"is_beta":false,"boss_relics":[{"not_picked":["Runic Cube","Busted Crown"],"picked":"Philosopher\u0027s Stone"}],"items_purged_floors":[11],"is_endless":false,"potions_floor_spawned":[4,5,7,10,21,27],"killed_by":"Champ","ascension_level":8}