{"gold_per_floor":[114,129,129,159,22,22,37,37,37,52,52,67,146,161,161,261,311,326,29,129,144,144,174,189,219,231,93,93,123,138,153,153,253,253,268,283,283,83,98,98,113,113,113,48,63,78,93,123,123,123],"floor_reached":51,"playtime":2049,"items_purged":[],"score":856,"play_id":"acb184e0-df52-4cd2-b9f9-15b1f8ddb1bf","local_time":"20190502133254","daily_mods":["Draft","Vintage","Night Terrors"],"is_ascension_mode":false,"campfire_choices":[{"data":"Body Slam","floor":6.0,"key":"SMITH"},{"data":"Shrug It Off","floor":8.0,"key":"SMITH"},{"data":"Infernal Blade","floor":15.0,"key":"SMITH"},{"data":"Whirlwind","floor":28,"key":"SMITH"},{"data":"Whirlwind","floor":32,"key":"SMITH"},{"floor":40,"key":"DIG"},{"floor":42,"key":"DIG"},{"floor":49,"key":"DIG"}],"neow_cost":"","seed_source_timestamp":0,"circlet_count":0,"master_deck":["Body Slam+1","Shrug It Off+1","Sword Boomerang","Rampage","Twin Strike","Disarm","Iron Wave","Shrug It Off+1","Anger","Whirlwind+1","Iron Wave+1","Ghostly Armor+1","Shrug It Off","Infernal Blade+1","Flex","Dramatic Entrance","Exhume","Ghostly Armor","Enlightenment","Anger+1","Whirlwind+1","Limit Break","Twin Strike+1","Cleave+1","Disarm+1","Flex","Flash of Steel+1"],"special_seed":18017,"relics":["Burning Blood","Gremlin Horn","Omamori","Tiny Chest","Darkstone Periapt","Kunai","Matryoshka","War Paint","Bronze Scales","Tiny House","Shuriken","Chemical X","Ginger","Bottled Lightning","Vajra","Nilry\u0027s Codex","Pantograph","Bag of Marbles","MawBank","Potion Belt","Smiling Mask","Oddly Smooth Stone","Blood Vial","Ornamental Fan","Happy Flower","Orrery","Shovel","Question Card","Strange Spoon","Blue Candle","The Courier","Pear","Toxic Egg 2","Dodecahedron","Centennial Puzzle","Dead Branch","Frozen Egg 2","Champion Belt","Whetstone","Pen Nib"],"potions_floor_usage":[23,39],"damage_taken":[{"damage":4.0,"enemies":"Jaw Worm","floor":1.0,"turns":3.0},{"damage":0.0,"enemies":"2 Louse","floor":2.0,"turns":1.0},{"damage":0.0,"enemies":"Small Slimes","floor":7.0,"turns":2.0},{"damage":2.0,"enemies":"Exordium Wildlife","floor":10.0,"turns":2.0},{"damage":0.0,"enemies":"Looter","floor":12.0,"turns":2.0},{"damage":0.0,"enemies":"Lots of Slimes","floor":14.0,"turns":1.0},{"damage":18.0,"enemies":"Hexaghost","floor":16.0,"turns":8.0},{"damage":0.0,"enemies":"Spheric Guardian","floor":18.0,"turns":3.0},{"damage":20.0,"enemies":"Colosseum Slavers","floor":20.0,"turns":2.0},{"damage":10.0,"enemies":"Colosseum Nobs","floor":20.0,"turns":3.0},{"damage":5,"enemies":"3 Byrds","floor":21,"turns":2},{"damage":0,"enemies":"Gremlin Leader","floor":23,"turns":5},{"damage":0,"enemies":"Snake Plant","floor":24,"turns":2},{"damage":12,"enemies":"Book of Stabbing","floor":25,"turns":4},{"damage":0,"enemies":"Gremlin Leader","floor":29,"turns":1},{"damage":0,"enemies":"Snecko","floor":30,"turns":3},{"damage":0,"enemies":"3 Cultists","floor":31,"turns":2},{"damage":6,"enemies":"Automaton","floor":33,"turns":6},{"damage":2,"enemies":"3 Shapes","floor":35,"turns":1},{"damage":0,"enemies":"Orb Walker","floor":36,"turns":1},{"damage":24,"enemies":"Transient","floor":39,"turns":5},{"damage":3,"enemies":"4 Shapes","floor":41,"turns":2},{"damage":0,"enemies":"Sphere and 2 Shapes","floor":45,"turns":2},{"damage":4,"enemies":"3 Darklings","floor":46,"turns":2},{"damage":0,"enemies":"Transient","floor":47,"turns":5},{"damage":13,"enemies":"Giant Head","floor":48,"turns":6},{"damage":58,"enemies":"Time Eater","floor":50,"turns":8}],"seed_played":"-5970224170056604862","potions_obtained":[{"floor":1.0,"key":"SteroidPotion"},{"floor":2.0,"key":"LiquidBronze"},{"floor":7.0,"key":"SpeedPotion"},{"floor":17.0,"key":"Dexterity Potion"},{"floor":21,"key":"Energy Potion"},{"floor":29,"key":"AttackPotion"},{"floor":30,"key":"Dexterity Potion"},{"floor":31,"key":"SkillPotion"},{"floor":35,"key":"SmokeBomb"},{"floor":47,"key":"Dexterity Potion"},{"floor":48,"key":"LiquidBronze"}],"is_trial":false,"path_per_floor":["M","M","?","T","$","R","M","R","T","M","$","M","?","M","R","B",null,"M","$","?","M","?","E","M","E","T","$","R","E","M","M","R","B",null,"M","M","?","$","M","R","M","R","T","$","M","M","M","E","R","B",null],"character_chosen":"IRONCLAD","items_purchased":["Flex","Dramatic Entrance","Chemical X","Enlightenment","Oddly Smooth Stone","Strange Spoon","Flash of Steel"],"campfire_rested":0,"item_purchase_floors":[5,5,19,19,27,38,44],"current_hp_per_floor":[80,80,80,80,80,80,80,80,80,80,80,80,80,80,80,68,85,85,85,67,68,52,58,64,58,58,58,58,64,72,80,80,85,85,85,85,85,85,67,67,82,82,82,82,90,94,95,88,88,43],"gold":123,"neow_bonus":"","is_prod":false,"is_daily":true,"chose_seed":false,"campfire_upgraded":5,"win_rate":0,"timestamp":1556818374,"path_taken":["M","M","?","?","$","R","M","R","T","M","$","M","?","M","R","BOSS","M","$","?","M","?","E","M","E","T","?","R","E","M","M","R","BOSS","M","M","?","$","M","R","?","R","T","$","M","M","M","E","R","BOSS"],"build_version":"2019-01-23","purchased_purges":0,"victory":true,"max_hp_per_floor":[80,80,80,80,80,80,80,80,80,80,80,80,80,80,80,80,85,85,85,85,85,85,85,85,85,85,85,85,85,85,85,85,85,85,85,85,85,85,85,85,95,95,95,95,95,95,95,95,95,95],"card_choices":[{"not_picked":["Seeing Red","Thunderclap"],"picked":"Body Slam","floor":0.0},{"not_picked":["Flex","Reckless Charge"],"picked":"Shrug It Off","floor":0.0},{"not_picked":["Blood for Blood","Body Slam"],"picked":"Sword Boomerang","floor":0.0},{"not_picked":["Heavy Blade","Shrug It Off"],"picked":"Rampage","floor":0.0},{"not_picked":["Shockwave","Wild Strike"],"picked":"Twin Strike","floor":0.0},{"not_picked":["Twin Strike","Carnage"],"picked":"Sever Soul","floor":0.0},{"not_picked":["True Grit","Flex"],"picked":"Disarm","floor":0.0},{"not_picked":["Clash","Thunderclap"],"picked":"Iron Wave","floor":0.0},{"not_picked":["Twin Strike","Clash"],"picked":"Shrug It Off","floor":0.0},{"not_picked":["Twin Strike","Feel No Pain"],"picked":"Anger","floor":0.0},{"not_picked":["Sever Soul","Warcry"],"picked":"Whirlwind","floor":0.0},{"not_picked":["Metallicize","Searing Blow"],"picked":"Iron Wave","floor":0.0},{"not_picked":["Perfected Strike","Whirlwind"],"picked":"Ghostly Armor","floor":0.0},{"not_picked":["Headbutt","Sever Soul"],"picked":"Shrug It Off","floor":0.0},{"not_picked":["Perfected Strike","Clothesline"],"picked":"Infernal Blade","floor":0.0},{"not_picked":["Limit Break","Demon Form"],"picked":"Exhume","floor":16.0},{"not_picked":["Havoc","Iron Wave"],"picked":"Ghostly Armor","floor":17.0},{"not_picked":["Infernal Blade","Bloodletting"],"picked":"Anger+1","floor":20.0},{"not_picked":["Rampage","Perfected Strike","Anger+1"],"picked":"SKIP","floor":23},{"not_picked":["Battle Trance","Power Through"],"picked":"Whirlwind","floor":25},{"not_picked":["Intimidate","Fiend Fire","True Grit+1"],"picked":"SKIP","floor":29},{"not_picked":["Berserk","Reaper"],"picked":"Limit Break","floor":33},{"not_picked":["Rupture","Sword Boomerang"],"picked":"Twin Strike","floor":34},{"not_picked":["Headbutt","Armaments"],"picked":"Cleave+1","floor":34},{"not_picked":["Feed","Fire Breathing"],"picked":"Disarm+1","floor":34},{"not_picked":["Clothesline","Infernal Blade"],"picked":"Flex","floor":34},{"not_picked":["Clash+1","Feel No Pain+1","Sentinel+1","True Grit+1"],"picked":"SKIP","floor":48}],"player_experience":131612,"relics_obtained":[{"floor":1.0,"key":"Gremlin Horn"},{"floor":2.0,"key":"Omamori"},{"floor":4.0,"key":"Tiny Chest"},{"floor":7.0,"key":"Darkstone Periapt"},{"floor":9.0,"key":"Kunai"},{"floor":10.0,"key":"Matryoshka"},{"floor":12.0,"key":"War Paint"},{"floor":14.0,"key":"Bronze Scales"},{"floor":18.0,"key":"Shuriken"},{"floor":20.0,"key":"Ginger"},{"floor":20.0,"key":"Bottled Lightning"},{"floor":21,"key":"Vajra"},{"floor":22,"key":"Nilry\u0027s Codex"},{"floor":23,"key":"Pantograph"},{"floor":24,"key":"Bag of Marbles"},{"floor":25,"key":"MawBank"},{"floor":26,"key":"Potion Belt"},{"floor":26,"key":"Smiling Mask"},{"floor":29,"key":"Blood Vial"},{"floor":30,"key":"Ornamental Fan"},{"floor":31,"key":"Happy Flower"},{"floor":35,"key":"Shovel"},{"floor":36,"key":"Question Card"},{"floor":39,"key":"Blue Candle"},{"floor":40,"key":"The Courier"},{"floor":41,"key":"Pear"},{"floor":42,"key":"Toxic Egg 2"},{"floor":43,"key":"Dodecahedron"},{"floor":43,"key":"Centennial Puzzle"},{"floor":45,"key":"Dead Branch"},{"floor":46,"key":"Frozen Egg 2"},{"floor":47,"key":"Champion Belt"},{"floor":48,"key":"Whetstone"},{"floor":49,"key":"Pen Nib"}],"event_choices":[{"damage_healed":0.0,"max_hp_gain":0.0,"max_hp_loss":0.0,"gold_gain":0.0,"event_name":"Liars Game","player_choice":"Ignored","floor":3.0,"gold_loss":0.0,"damage_taken":0.0},{"damage_healed":0.0,"max_hp_gain":0.0,"max_hp_loss":0.0,"gold_gain":79.0,"event_name":"Golden Wing","player_choice":"Gained Gold","floor":13.0,"gold_loss":0.0,"damage_taken":0.0},{"damage_healed":0.0,"max_hp_gain":0.0,"max_hp_loss":0.0,"gold_gain":0.0,"event_name":"Colosseum","player_choice":"Fight","floor":20.0,"gold_loss":0.0,"damage_taken":0.0},{"damage_healed":0.0,"max_hp_gain":0.0,"max_hp_loss":0.0,"gold_gain":0.0,"event_name":"Colosseum","player_choice":"Fought Nobs","floor":20.0,"gold_loss":0.0,"damage_taken":0.0},{"damage_healed":0,"gold_gain":0,"player_choice":"Obtained Book","damage_taken":16,"max_hp_gain":0,"max_hp_loss":0,"event_name":"Cursed Tome","floor":22,"gold_loss":0},{"cards_removed":["Sever Soul"],"damage_healed":0,"gold_gain":0,"player_choice":"Purged","damage_taken":0,"max_hp_gain":0,"max_hp_loss":0,"event_name":"Purifier","floor":37,"gold_loss":0}],"is_beta":false,"boss_relics":[{"not_picked":["Empty Cage","Busted Crown"],"picked":"Tiny House"},{"not_picked":["Runic Cube","White Beast Statue"],"picked":"Orrery"}],"items_purged_floors":[],"is_endless":false,"potions_floor_spawned":[1,2,7,14,21,29,30,31,35,47,48],"ascension_level":0}