{"gold_per_floor":[111,111,125,50,68,68,97,97,146,96,124,124,199,218,218,317,317,332,332,15,30,30,56,56,88,88,88,88,107,119,131,131,229,229,244,244,244,261,309,309,326,344,344,344,444,461,461,461,461,461],"floor_reached":50,"playtime":2130,"items_purged":["Pain","Regret"],"score":795,"play_id":"ae3151a8-bfcb-499e-bbb9-2387001d6c74","local_time":"20190222235915","is_ascension_mode":true,"campfire_choices":[{"data":"Dash","floor":6,"key":"SMITH"},{"data":"Leg Sweep","floor":12,"key":"SMITH"},{"floor":15,"key":"REST"},{"floor":24,"key":"REST"},{"data":"Noxious Fumes","floor":27,"key":"SMITH"},{"floor":32,"key":"REST"},{"floor":40,"key":"RECALL"},{"floor":44,"key":"REST"},{"floor":47,"key":"REST"},{"floor":49,"key":"REST"}],"neow_cost":"NONE","seed_source_timestamp":726951107500029,"circlet_count":0,"master_deck":["AscendersBane","Defend_G","Defend_G","Defend_G","Defend_G","Defend_G","Strike_G","Strike_G","Strike_G","Strike_G","Survivor+1","Neutralize","Dash+1","Escape Plan+1","Venomology","Leg Sweep+1","Predator","Unload","Crippling Poison+1","Noxious Fumes+1","Escape Plan+1","Caltrops","Catalyst+1","Bouncing Flask+1","Unload+1","Deadly Poison+1","Escape Plan+1","Terror+1","Dash+1","Catalyst+1","Noxious Fumes+1"],"relics":["Ring of the Snake","NeowsBlessing","WarpedTongs","Smiling Mask","Dream Catcher","War Paint","Pen Nib","Velvet Choker","Molten Egg 2","Snake Skull","Kunai","Meat on the Bone","Fusion Hammer","The Specimen","Boot","Dead Branch"],"potions_floor_usage":[11,16,16,18,18,18,18,18,23,25,29,29,30,31,33,33,33,39,39,45,50,50,50],"damage_taken":[{"damage":0,"enemies":"2 Louse","floor":1,"turns":1},{"damage":1,"enemies":"Cultist","floor":3,"turns":1},{"damage":0,"enemies":"Small Slimes","floor":5,"turns":1},{"damage":19,"enemies":"3 Sentries","floor":7,"turns":12},{"damage":12,"enemies":"Lagavulin","floor":11,"turns":6},{"damage":0,"enemies":"Looter","floor":14,"turns":4},{"damage":14,"enemies":"Slime Boss","floor":16,"turns":14},{"damage":0,"enemies":"3 Byrds","floor":18,"turns":8},{"damage":10,"enemies":"Shell Parasite","floor":21,"turns":6},{"damage":12,"enemies":"Slavers","floor":23,"turns":6},{"damage":22,"enemies":"Book of Stabbing","floor":25,"turns":5},{"damage":19,"enemies":"Snecko","floor":29,"turns":5},{"damage":0,"enemies":"Sentry and Sphere","floor":30,"turns":5},{"damage":19,"enemies":"Centurion and Healer","floor":31,"turns":4},{"damage":8,"enemies":"Champ","floor":33,"turns":9},{"damage":15,"enemies":"3 Shapes","floor":35,"turns":4},{"damage":5,"enemies":"Orb Walker","floor":38,"turns":4},{"damage":40,"enemies":"2 Orb Walkers","floor":39,"turns":5},{"damage":7,"enemies":"Maw","floor":41,"turns":4},{"damage":0,"enemies":"Transient","floor":42,"turns":5},{"damage":10,"enemies":"Mind Bloom Boss Battle","floor":45,"turns":3},{"damage":0,"enemies":"Spire Growth","floor":46,"turns":4},{"damage":80,"enemies":"Awakened One","floor":50,"turns":7}],"seed_played":"8120218084818619936","potions_obtained":[{"floor":1,"key":"GhostInAJar"},{"floor":7,"key":"PowerPotion"},{"floor":16,"key":"EntropicBrew"},{"floor":21,"key":"Fire Potion"},{"floor":25,"key":"Weak Potion"},{"floor":29,"key":"Ancient Potion"},{"floor":31,"key":"EssenceOfSteel"},{"floor":38,"key":"AttackPotion"},{"floor":41,"key":"Explosive Potion"},{"floor":45,"key":"Energy Potion"},{"floor":46,"key":"LiquidBronze"}],"is_trial":false,"path_per_floor":["M","?","M","$","M","R","E","?","T","$","E","R","?","M","R","B",null,"M","?","$","M","?","E","R","E","T","R","$","M","M","M","R","B",null,"M","?","$","M","?","R","M","M","T","R","?","M","R","?","R","B"],"character_chosen":"THE_SILENT","items_purchased":["Noxious Fumes","Molten Egg 2"],"campfire_rested":6,"item_purchase_floors":[20,20],"current_hp_per_floor":[63,63,62,62,62,62,43,43,43,43,31,31,20,20,41,27,59,59,59,59,49,49,37,58,36,36,36,36,29,41,34,55,62,68,53,53,53,48,20,20,25,37,37,58,48,48,69,69,70,0],"gold":461,"neow_bonus":"THREE_ENEMY_KILL","is_prod":false,"is_daily":false,"chose_seed":false,"campfire_upgraded":3,"win_rate":0,"timestamp":1550890755,"path_taken":["M","?","?","$","M","R","E","?","T","$","E","R","?","M","R","BOSS","M","?","$","M","?","E","R","E","T","R","?","M","?","M","R","BOSS","M","?","$","M","?","R","?","M","T","R","?","M","R","?","R","BOSS"],"build_version":"2019-01-23","purchased_purges":2,"victory":false,"max_hp_per_floor":[70,70,70,70,70,70,70,70,70,70,70,70,70,70,70,70,70,70,70,70,70,70,70,70,70,70,70,70,70,70,70,70,70,70,70,70,70,70,70,70,70,70,70,70,70,70,70,70,70,70],"card_choices":[{"not_picked":["Flechettes","Calculated Gamble"],"picked":"Dash","floor":1},{"not_picked":["Outmaneuver","Dagger Throw","Bane"],"picked":"SKIP","floor":3},{"not_picked":["Deadly Poison","Underhanded Strike"],"picked":"Escape Plan","floor":5},{"not_picked":["Backflip","Outmaneuver"],"picked":"Venomology","floor":7},{"not_picked":["Dagger Throw","Acrobatics"],"picked":"Leg Sweep","floor":11},{"not_picked":["Backflip","Underhanded Strike","Prepared"],"picked":"SKIP","floor":14},{"not_picked":["Blade Dance","All Out Attack"],"picked":"Predator","floor":15},{"not_picked":["Doppelganger","Tools of the Trade"],"picked":"Unload","floor":16},{"not_picked":["Poisoned Stab+1","Heel Hook"],"picked":"Crippling Poison+1","floor":18},{"not_picked":["Blade Dance","Concentrate+1","Acrobatics"],"picked":"SKIP","floor":21},{"not_picked":["Night Terror","Dodge and Roll","Blur"],"picked":"SKIP","floor":23},{"not_picked":["Cloak And Dagger","Quick Slash+1"],"picked":"Escape Plan+1","floor":24},{"not_picked":["Escape Plan","Well Laid Plans"],"picked":"Caltrops","floor":25},{"not_picked":["Bouncing Flask","Distraction+1","Slice+1"],"picked":"SKIP","floor":29},{"not_picked":["Flying Knee+1","Cloak And Dagger+1","Dagger Throw+1"],"picked":"SKIP","floor":30},{"not_picked":["Deadly Poison","Burst"],"picked":"Catalyst+1","floor":31},{"not_picked":["Backflip","Skewer+1"],"picked":"Bouncing Flask+1","floor":32},{"not_picked":["Doppelganger","Storm of Steel"],"picked":"Unload+1","floor":33},{"not_picked":["Dodge and Roll","Sucker Punch+1","Deflect"],"picked":"SKIP","floor":35},{"not_picked":["Flechettes+1","Heel Hook+1"],"picked":"Deadly Poison+1","floor":38},{"not_picked":["Concentrate","Slice+1","Skewer+1"],"picked":"SKIP","floor":41},{"not_picked":["Backstab+1","Infinite Blades"],"picked":"Escape Plan+1","floor":42},{"not_picked":["Prepared","Distraction"],"picked":"Terror+1","floor":46},{"not_picked":["PiercingWail+1","Poisoned Stab+1"],"picked":"Dash+1","floor":47},{"not_picked":["Dagger Spray+1","All Out Attack+1"],"picked":"Noxious Fumes+1","floor":49}],"player_experience":824686,"relics_obtained":[{"floor":7,"key":"Smiling Mask"},{"floor":9,"key":"War Paint"},{"floor":11,"key":"Pen Nib"},{"floor":23,"key":"Snake Skull"},{"floor":25,"key":"Kunai"},{"floor":26,"key":"Meat on the Bone"},{"floor":39,"key":"The Specimen"},{"floor":43,"key":"Boot"},{"floor":45,"key":"Dead Branch"}],"event_choices":[{"damage_healed":0,"gold_gain":0,"player_choice":"Rummage","damage_taken":0,"relics_obtained":["WarpedTongs"],"max_hp_gain":0,"max_hp_loss":0,"event_name":"Accursed Blacksmith","floor":2,"gold_loss":0,"cards_obtained":["Pain"]},{"damage_healed":0,"gold_gain":0,"player_choice":"Box","damage_taken":0,"relics_obtained":["Dream Catcher"],"max_hp_gain":0,"max_hp_loss":0,"event_name":"Big Fish","floor":8,"gold_loss":0,"cards_obtained":["Regret"]},{"damage_healed":0,"gold_gain":75,"player_choice":"Gather Gold","damage_taken":11,"max_hp_gain":0,"max_hp_loss":0,"event_name":"World of Goop","floor":13,"gold_loss":0},{"damage_healed":0,"gold_gain":0,"player_choice":"Ignored","damage_taken":0,"max_hp_gain":0,"max_hp_loss":0,"event_name":"Ghosts","floor":19,"gold_loss":0},{"damage_healed":0,"gold_gain":0,"player_choice":"Ignored","damage_taken":0,"max_hp_gain":0,"max_hp_loss":0,"event_name":"Beggar","floor":22,"gold_loss":0},{"cards_removed":["Strike_G"],"damage_healed":0,"gold_gain":0,"player_choice":"Removed Attack","damage_taken":0,"max_hp_gain":0,"max_hp_loss":0,"event_name":"Falling","floor":36,"gold_loss":0},{"damage_healed":0,"gold_gain":0,"player_choice":"Fight","damage_taken":0,"max_hp_gain":0,"max_hp_loss":0,"event_name":"Mysterious Sphere","floor":39,"gold_loss":0},{"damage_healed":0,"gold_gain":0,"player_choice":"Fight","damage_taken":0,"max_hp_gain":0,"max_hp_loss":0,"event_name":"MindBloom","floor":45,"gold_loss":0},{"damage_healed":0,"gold_gain":0,"player_choice":"Copied","damage_taken":0,"max_hp_gain":0,"max_hp_loss":0,"event_name":"Duplicator","floor":48,"gold_loss":0,"cards_obtained":["Catalyst"]}],"is_beta":false,"boss_relics":[{"not_picked":["Calling Bell","White Beast Statue"],"picked":"Velvet Choker"},{"not_picked":["Busted Crown","Coffee Dripper"],"picked":"Fusion Hammer"}],"items_purged_floors":[4,10],"is_endless":false,"potions_floor_spawned":[1,7,11,16,21,25,29,31,38,41,45,46],"killed_by":"Awakened One","ascension_level":11}