{"gold_per_floor":[112,131,131,131,6,6,36,36,110,110,122,76,92,125,125,220,220,237,252,283,283,297,323,323,323,323,352,368,378,378,408,408,511,511,529,540,128,128,228,228,260,260,260,290,306,306,336,336,336,336,336,336,22,57,57],"floor_reached":56,"playtime":4138,"items_purged":["Strike_B","Strike_B"],"score":1743,"play_id":"7ba7375e-a010-4c44-9daf-384b97da58ca","local_time":"20190504040637","is_ascension_mode":true,"campfire_choices":[{"data":"Defragment","floor":6,"key":"SMITH"},{"data":"Zap","floor":8,"key":"SMITH"},{"data":"Capacitor","floor":10,"key":"SMITH"},{"data":"Go for the Eyes","floor":15,"key":"SMITH"},{"floor":24,"key":"REST"},{"floor":30,"key":"RECALL"},{"floor":32,"key":"REST"},{"floor":40,"key":"REST"},{"floor":42,"key":"REST"},{"floor":46,"key":"REST"},{"floor":49,"key":"REST"},{"floor":52,"key":"REST"}],"neow_cost":"NONE","seed_source_timestamp":25345094471222,"circlet_count":0,"master_deck":["Defend_B","Defend_B","Defend_B","Zap+1","Dualcast","Reinforced Body","Stack","Defragment+1","Rebound","Capacitor+1","Ball Lightning","Steam","Echo Form","Go for the Eyes+1","Buffer","Sweeping Beam","Darkness","Sunder+1","Ghostly","Ghostly","Ghostly","Ghostly","Ghostly","Chaos+1","Coolheaded+1","Redo","Hologram","Auto Shields+1","Core Surge","Machine Learning","Coolheaded","Stack+1","Thinking Ahead","Bandage Up","Good Instincts","Chill+1","Defragment+1","Conserve Battery+1","Coolheaded","BootSequence","Steam Power","Barrage+1"],"relics":["Cracked Core","NeowsBlessing","Oddly Smooth Stone","Pocketwatch","Gremlin Horn","Potion Belt","Fusion Hammer","Red Mask","Regal Pillow","WarpedTongs","StoneCalendar","PreservedInsect","Thread and Needle","Empty Cage","Ice Cream","Incense Burner","Nunchaku","Ornamental Fan","Bird Faced Urn","ClockworkSouvenir","Unceasing Top"],"potions_floor_usage":[18,22,23,55,55,55,55],"damage_taken":[{"damage":0,"enemies":"Cultist","floor":1,"turns":1},{"damage":0,"enemies":"2 Louse","floor":2,"turns":1},{"damage":0,"enemies":"Gremlin Nob","floor":7,"turns":1},{"damage":0,"enemies":"Small Slimes","floor":11,"turns":2},{"damage":0,"enemies":"Exordium Thugs","floor":13,"turns":3},{"damage":0,"enemies":"Lagavulin","floor":14,"turns":6},{"damage":24,"enemies":"Hexaghost","floor":16,"turns":9},{"damage":11,"enemies":"2 Thieves","floor":18,"turns":4},{"damage":1,"enemies":"Shell Parasite","floor":19,"turns":4},{"damage":14,"enemies":"Masked Bandits","floor":20,"turns":4},{"damage":0,"enemies":"Snake Plant","floor":22,"turns":5},{"damage":19,"enemies":"Slavers","floor":23,"turns":6},{"damage":0,"enemies":"Gremlin Leader","floor":27,"turns":6},{"damage":0,"enemies":"3 Cultists","floor":28,"turns":6},{"damage":2,"enemies":"Shelled Parasite and Fungi","floor":29,"turns":6},{"damage":1,"enemies":"Book of Stabbing","floor":31,"turns":7},{"damage":6,"enemies":"Collector","floor":33,"turns":10},{"damage":0,"enemies":"3 Darklings","floor":35,"turns":6},{"damage":0,"enemies":"3 Shapes","floor":36,"turns":4},{"damage":0,"enemies":"Mind Bloom Boss Battle","floor":39,"turns":7},{"damage":0,"enemies":"Reptomancer","floor":41,"turns":7},{"damage":0,"enemies":"Nemesis","floor":44,"turns":7},{"damage":0,"enemies":"Sphere and 2 Shapes","floor":45,"turns":5},{"damage":0,"enemies":"Giant Head","floor":47,"turns":8},{"damage":0,"enemies":"Donu and Deca","floor":50,"turns":9},{"damage":0,"enemies":"Shield and Spear","floor":54,"turns":6},{"damage":0,"enemies":"The Heart","floor":55,"turns":15}],"seed_played":"4344329529114063995","potions_obtained":[{"floor":14,"key":"FearPotion"},{"floor":16,"key":"Strength Potion"},{"floor":18,"key":"GamblersBrew"},{"floor":27,"key":"Poison Potion"},{"floor":28,"key":"FairyPotion"},{"floor":33,"key":"SkillPotion"},{"floor":36,"key":"SkillPotion"},{"floor":45,"key":"Weak Potion"}],"is_trial":false,"path_per_floor":["M","M","?","?","$","R","E","R","T","R","M","$","M","E","R","B",null,"M","M","?","?","M","E","R","?","T","E","M","M","R","E","R","B",null,"M","M","$","?","?","R","E","R","T","E","M","R","E","?","R","B",null,"R","$","E","B",null],"character_chosen":"DEFECT","items_purchased":["Rebound","Steam","Ice Cream","ClockworkSouvenir","BootSequence","Steam Power"],"campfire_rested":7,"item_purchase_floors":[5,12,37,53,53,53],"current_hp_per_floor":[75,75,72,72,72,72,72,72,72,72,72,72,72,72,72,48,75,64,63,49,37,37,18,37,37,37,37,37,35,35,34,37,31,37,37,37,37,27,31,37,37,37,37,37,37,37,37,37,37,37,37,37,37,37,37],"gold":57,"neow_bonus":"THREE_ENEMY_KILL","is_prod":false,"is_daily":false,"chose_seed":false,"campfire_upgraded":4,"win_rate":0,"timestamp":1556957197,"path_taken":["M","?","?","?","$","R","E","R","T","R","?","?","M","E","R","BOSS","M","M","?","?","M","E","R","?","T","E","M","M","R","E","R","BOSS","M","?","$","?","?","R","E","R","T","E","M","R","E","?","R","BOSS","R","$","E","BOSS"],"build_version":"2019-04-23","purchased_purges":2,"victory":true,"max_hp_per_floor":[75,75,75,75,75,75,75,75,75,75,75,75,75,75,75,75,75,75,75,75,37,37,37,37,37,37,37,37,37,37,37,37,37,37,37,37,37,37,37,37,37,37,37,37,37,37,37,37,37,37,37,37,37,37,37],"card_choices":[{"not_picked":["Stack","Rebound"],"picked":"Reinforced Body","floor":1},{"not_picked":["Beam Cell","Turbo"],"picked":"Stack","floor":2},{"not_picked":["Redo","Beam Cell"],"picked":"Capacitor","floor":7},{"not_picked":["Conserve Battery","Barrage"],"picked":"Ball Lightning","floor":11},{"not_picked":["Streamline","Blizzard"],"picked":"Echo Form","floor":13},{"not_picked":["Steam","Hologram"],"picked":"Go for the Eyes","floor":14},{"not_picked":["All For One","Fission"],"picked":"Buffer","floor":16},{"not_picked":["Lockon+1","Streamline"],"picked":"Sweeping Beam","floor":18},{"not_picked":["Rebound","Redo"],"picked":"Darkness","floor":19},{"not_picked":["Blizzard","Rebound"],"picked":"Sunder+1","floor":20},{"not_picked":["Tempest","Hologram"],"picked":"Chaos+1","floor":22},{"not_picked":["Leap","Beam Cell"],"picked":"Coolheaded+1","floor":23},{"not_picked":["Multi-Cast","Scrape+1"],"picked":"Redo","floor":27},{"not_picked":["Compile Driver","Aggregate"],"picked":"Hologram","floor":28},{"not_picked":["Compile Driver","Steam+1"],"picked":"Auto Shields+1","floor":29},{"not_picked":["Genetic Algorithm","Heatsinks"],"picked":"Core Surge","floor":31},{"not_picked":["Rainbow","Thunder Strike"],"picked":"Machine Learning","floor":33},{"not_picked":["Aggregate","Redo"],"picked":"Coolheaded","floor":35},{"not_picked":["Steam","Go for the Eyes+1"],"picked":"Stack+1","floor":36},{"not_picked":["Bandage Up","PanicButton"],"picked":"Thinking Ahead","floor":38},{"not_picked":["Mind Blast","Purity"],"picked":"Bandage Up","floor":38},{"not_picked":["Jack Of All Trades","Magnetism"],"picked":"Good Instincts","floor":38},{"not_picked":["Steam+1","Storm"],"picked":"Chill+1","floor":39},{"not_picked":["Gash","Redo+1","Streamline+1"],"picked":"SKIP","floor":41},{"not_picked":["Fusion+1","Coolheaded"],"picked":"Defragment+1","floor":44},{"not_picked":["Hello World","Ball Lightning+1"],"picked":"Conserve Battery+1","floor":45},{"not_picked":["Genetic Algorithm","Sweeping Beam","Coolheaded"],"picked":"SKIP","floor":47},{"not_picked":["Genetic Algorithm","Sweeping Beam"],"picked":"Coolheaded","floor":47},{"not_picked":["Redo","Core Surge"],"picked":"Barrage+1","floor":54}],"player_experience":5623847,"relics_obtained":[{"floor":7,"key":"Pocketwatch"},{"floor":9,"key":"Gremlin Horn"},{"floor":14,"key":"Potion Belt"},{"floor":20,"key":"Red Mask"},{"floor":23,"key":"Regal Pillow"},{"floor":26,"key":"StoneCalendar"},{"floor":27,"key":"PreservedInsect"},{"floor":31,"key":"Thread and Needle"},{"floor":39,"key":"Incense Burner"},{"floor":41,"key":"Nunchaku"},{"floor":44,"key":"Ornamental Fan"},{"floor":47,"key":"Bird Faced Urn"},{"floor":54,"key":"Unceasing Top"}],"event_choices":[{"damage_healed":0,"gold_gain":0,"player_choice":"Success","damage_taken":3,"relics_obtained":["Oddly Smooth Stone"],"max_hp_gain":0,"max_hp_loss":0,"event_name":"Scrap Ooze","floor":3,"gold_loss":0},{"damage_healed":0,"gold_gain":0,"cards_transformed":["Defend_B"],"player_choice":"Transformed","damage_taken":0,"max_hp_gain":0,"max_hp_loss":0,"event_name":"Transmorgrifier","floor":4,"gold_loss":0,"cards_obtained":["Defragment"]},{"damage_healed":0,"gold_gain":0,"player_choice":"Fought Bandits","damage_taken":0,"max_hp_gain":0,"max_hp_loss":0,"event_name":"Masked Bandits","floor":20,"gold_loss":0},{"damage_healed":0,"gold_gain":0,"player_choice":"Became a Ghost","damage_taken":0,"max_hp_gain":0,"max_hp_loss":38,"event_name":"Ghosts","floor":21,"gold_loss":0,"cards_obtained":["Ghostly","Ghostly","Ghostly","Ghostly","Ghostly"]},{"damage_healed":0,"gold_gain":0,"player_choice":"Rummage","damage_taken":0,"relics_obtained":["WarpedTongs"],"max_hp_gain":0,"max_hp_loss":0,"event_name":"Accursed Blacksmith","floor":25,"gold_loss":0,"cards_obtained":["Pain"]},{"damage_healed":0,"gold_gain":0,"player_choice":"Memory 3","damage_taken":10,"max_hp_gain":0,"max_hp_loss":0,"event_name":"SensoryStone","floor":38,"gold_loss":0},{"damage_healed":0,"gold_gain":0,"player_choice":"Fight","damage_taken":0,"max_hp_gain":0,"max_hp_loss":0,"event_name":"MindBloom","floor":39,"gold_loss":0},{"cards_removed":["Strike_B"],"damage_healed":0,"gold_gain":0,"player_choice":"Removed Attack","damage_taken":0,"max_hp_gain":0,"max_hp_loss":0,"event_name":"Falling","floor":48,"gold_loss":0}],"is_beta":true,"boss_relics":[{"not_picked":["Snecko Eye","Busted Crown"],"picked":"Fusion Hammer"},{"not_picked":["Astrolabe","Coffee Dripper"],"picked":"Empty Cage"}],"items_purged_floors":[5,37],"is_endless":false,"potions_floor_spawned":[14,16,18,27,28,33,36,45,54],"ascension_level":1}