{"gold_per_floor":[19,29,29,46,221,221,251,251,276,276,294,305,369,143,143,239,239,253,253,283,127,127,158,158,188,214,242,262,262,280,104,104,202,252,265,13,29,29,39,72,72,72],"floor_reached":42,"playtime":1260,"items_purged":[],"score":684,"play_id":"f80993ae-01d3-43df-8c2a-8457c263f48b","local_time":"20190202195018","is_ascension_mode":true,"campfire_choices":[{"data":"Dash","floor":6,"key":"SMITH"},{"data":"Poisoned Stab","floor":8,"key":"SMITH"},{"floor":15,"key":"REST"},{"floor":24,"key":"REST"},{"floor":29,"key":"REST"},{"floor":32,"key":"REST"},{"data":"Catalyst","floor":41,"key":"SMITH"}],"neow_cost":"NO_GOLD","seed_source_timestamp":327253364176000,"circlet_count":0,"master_deck":["Defend_G+1","Defend_G+1","Defend_G+1","Defend_G+1","Defend_G+1","Strike_G+1","Strike_G+1","Strike_G+1","Strike_G+1","Strike_G+1","Survivor","Neutralize","Dash+1","Poisoned Stab+1","All Out Attack+1","Backflip","Catalyst+1","Infinite Blades","Masterful Stab","Footwork","Corpse Explosion","Sucker Punch+1","Backflip","Deadly Poison+1","Deflect","Mayhem+1","Escape Plan+1","Dodge and Roll+1","Slice+1"],"relics":["Ring of the Snake","Whetstone","Potion Belt","Strawberry","Busted Crown","Red Mask","Art of War","MutagenicStrength","Pen Nib","Mummified Hand","Blood Vial","Juzu Bracelet","Tiny House","Letter Opener","Nunchaku"],"potions_floor_usage":[7,7,13,18,23,27,39,40,40,42,42],"damage_taken":[{"damage":9,"enemies":"Cultist","floor":1,"turns":5},{"damage":0,"enemies":"2 Louse","floor":2,"turns":3},{"damage":0,"enemies":"Jaw Worm","floor":4,"turns":3},{"damage":9,"enemies":"Lagavulin","floor":7,"turns":6},{"damage":0,"enemies":"2 Fungi Beasts","floor":11,"turns":2},{"damage":1,"enemies":"Looter","floor":12,"turns":3},{"damage":12,"enemies":"3 Sentries","floor":13,"turns":6},{"damage":59,"enemies":"Hexaghost","floor":16,"turns":13},{"damage":11,"enemies":"Shell Parasite","floor":18,"turns":5},{"damage":12,"enemies":"Masked Bandits","floor":20,"turns":3},{"damage":8,"enemies":"Slavers","floor":23,"turns":4},{"damage":64,"enemies":"Gremlin Leader","floor":25,"turns":7},{"damage":11,"enemies":"Slavers","floor":27,"turns":3},{"damage":0,"enemies":"2 Thieves","floor":28,"turns":2},{"damage":1,"enemies":"Sentry and Sphere","floor":30,"turns":3},{"damage":29,"enemies":"Collector","floor":33,"turns":10},{"damage":0,"enemies":"Orb Walker","floor":35,"turns":3},{"damage":7,"enemies":"3 Shapes","floor":37,"turns":3},{"damage":0,"enemies":"Sphere and 2 Shapes","floor":39,"turns":3},{"damage":12,"enemies":"Nemesis","floor":40,"turns":7},{"damage":91,"enemies":"Reptomancer","floor":42,"turns":3}],"seed_played":"-5620454834984366327","potions_obtained":[{"floor":1,"key":"SkillPotion"},{"floor":2,"key":"Block Potion"},{"floor":12,"key":"LiquidBronze"},{"floor":16,"key":"Regen Potion"},{"floor":18,"key":"GhostInAJar"},{"floor":20,"key":"GamblersBrew"},{"floor":25,"key":"PowerPotion"},{"floor":30,"key":"Swift Potion"},{"floor":34,"key":"EssenceOfSteel"},{"floor":37,"key":"Poison Potion"},{"floor":40,"key":"SkillPotion"}],"is_trial":false,"path_per_floor":["M","M","$","M","?","R","E","R","T","?","M","M","?","$","R","B",null,"M","?","?","$","?","E","R","E","T","E","M","R","M","$","R","B",null,"M","$","M","?","M","E","R","E"],"character_chosen":"THE_SILENT","items_purchased":["Footwork","Strawberry","Art of War","Mayhem","Letter Opener"],"campfire_rested":4,"item_purchase_floors":[14,14,21,31,36],"current_hp_per_floor":[68,68,68,68,68,68,59,59,59,52,52,51,39,46,73,14,72,76,76,64,64,64,56,83,19,19,10,12,39,40,40,67,40,83,85,85,80,80,82,72,72,0],"gold":72,"neow_bonus":"TWENTY_PERCENT_HP_BONUS","is_prod":false,"is_daily":false,"chose_seed":false,"campfire_upgraded":3,"win_rate":0,"timestamp":1549147818,"path_taken":["M","M","?","M","?","R","E","R","T","?","M","M","?","?","R","BOSS","M","?","?","$","?","E","R","E","T","E","M","R","M","?","R","BOSS","M","$","M","?","M","E","R","E"],"build_version":"2019-01-23","purchased_purges":0,"victory":false,"max_hp_per_floor":[84,84,84,84,84,84,84,84,84,84,84,84,84,91,91,91,91,91,91,91,91,91,91,91,91,91,91,91,91,91,91,91,91,96,96,96,96,96,96,96,96,96],"card_choices":[{"not_picked":["Choke","Predator"],"picked":"Dash","floor":1},{"not_picked":["Quick Slash","Heel Hook"],"picked":"Poisoned Stab","floor":2},{"not_picked":["Sucker Punch","Underhanded Strike"],"picked":"All Out Attack","floor":4},{"not_picked":["Blade Dance","Acrobatics"],"picked":"Backflip","floor":7},{"not_picked":["Deadly Poison","Setup"],"picked":"Catalyst","floor":11},{"not_picked":["Blur","Eviscerate"],"picked":"Infinite Blades","floor":12},{"not_picked":["Doppelganger","Sucker Punch"],"picked":"Masterful Stab","floor":13},{"not_picked":["Grand Finale","Storm of Steel"],"picked":"Corpse Explosion","floor":16},{"not_picked":["Prepared"],"picked":"SKIP","floor":18},{"not_picked":[],"picked":"Sucker Punch+1","floor":20},{"not_picked":[],"picked":"Backflip","floor":23},{"not_picked":[],"picked":"Deadly Poison+1","floor":25},{"not_picked":[],"picked":"Deflect","floor":27},{"not_picked":["Dagger Throw"],"picked":"SKIP","floor":28},{"not_picked":["Reflex"],"picked":"SKIP","floor":30},{"not_picked":[],"picked":"Escape Plan+1","floor":34},{"not_picked":["Outmaneuver"],"picked":"SKIP","floor":35},{"not_picked":[],"picked":"Dodge and Roll+1","floor":37},{"not_picked":[],"picked":"Slice+1","floor":39},{"not_picked":["Blade Dance"],"picked":"SKIP","floor":40}],"player_experience":707196,"relics_obtained":[{"floor":7,"key":"Whetstone"},{"floor":13,"key":"Potion Belt"},{"floor":20,"key":"Red Mask"},{"floor":23,"key":"Pen Nib"},{"floor":25,"key":"Mummified Hand"},{"floor":26,"key":"Blood Vial"},{"floor":27,"key":"Juzu Bracelet"},{"floor":40,"key":"Nunchaku"}],"event_choices":[{"damage_healed":0,"gold_gain":175,"player_choice":"AGREE","damage_taken":0,"max_hp_gain":0,"max_hp_loss":0,"event_name":"Liars Game","floor":5,"gold_loss":0,"cards_obtained":["Doubt"]},{"cards_removed":["Doubt"],"damage_healed":0,"gold_gain":0,"player_choice":"Card Removal","damage_taken":7,"max_hp_gain":0,"max_hp_loss":0,"event_name":"Golden Wing","floor":10,"gold_loss":0},{"damage_healed":0,"gold_gain":30,"player_choice":"Searched \u00273\u0027 times","damage_taken":0,"max_hp_gain":0,"max_hp_loss":0,"event_name":"Dead Adventurer","floor":13,"gold_loss":0},{"damage_healed":0,"gold_gain":0,"player_choice":"Simplicity","damage_taken":0,"max_hp_gain":0,"max_hp_loss":0,"event_name":"Back to Basics","floor":19,"gold_loss":0,"cards_upgraded":["Defend_G","Defend_G","Defend_G","Defend_G","Defend_G","Strike_G","Strike_G","Strike_G","Strike_G"]},{"damage_healed":0,"gold_gain":0,"player_choice":"Fought Bandits","damage_taken":0,"max_hp_gain":0,"max_hp_loss":0,"event_name":"Masked Bandits","floor":20,"gold_loss":0},{"damage_healed":0,"gold_gain":0,"player_choice":"Inject Mutagens","damage_taken":0,"relics_obtained":["MutagenicStrength"],"max_hp_gain":0,"max_hp_loss":0,"event_name":"Drug Dealer","floor":22,"gold_loss":0},{"damage_healed":0,"gold_gain":0,"player_choice":"Ignored","damage_taken":0,"max_hp_gain":0,"max_hp_loss":0,"event_name":"Tomb of Lord Red Mask","floor":38,"gold_loss":0}],"is_beta":false,"boss_relics":[{"not_picked":["Empty Cage","Velvet Choker"],"picked":"Busted Crown"},{"not_picked":["Calling Bell","Orrery"],"picked":"Tiny House"}],"items_purged_floors":[],"is_endless":false,"potions_floor_spawned":[1,2,12,16,18,20,25,30,37,40],"killed_by":"Reptomancer","ascension_level":6}