{"gold_per_floor":[117,133,133,147,74,139,139,174,211,223],"floor_reached":10,"playtime":258,"items_purged":[],"score":122,"play_id":"c4b6978e-80a0-4cb7-9fbc-6ebac22dbc51","local_time":"20190322013030","is_ascension_mode":true,"campfire_choices":[{"data":"Immolate","floor":7,"key":"SMITH"}],"neow_cost":"NONE","seed_source_timestamp":91982024731076,"circlet_count":0,"master_deck":["AscendersBane","Strike_R","Strike_R","Strike_R","Strike_R","Strike_R","Defend_R","Defend_R","Defend_R","Defend_R","Bash","Shockwave","True Grit","Shrug It Off","Immolate+1","Brutality","Bludgeon"],"relics":["Burning Blood","NeowsBlessing","GremlinMask","Tiny Chest","MawBank","Smiling Mask"],"potions_floor_usage":[6,6],"damage_taken":[{"damage":0,"enemies":"Cultist","floor":1,"turns":1},{"damage":0,"enemies":"Jaw Worm","floor":2,"turns":1},{"damage":0,"enemies":"Small Slimes","floor":4,"turns":1},{"damage":33,"enemies":"Gremlin Nob","floor":6,"turns":5},{"damage":38,"enemies":"3 Sentries","floor":8,"turns":7},{"damage":37,"enemies":"Lagavulin","floor":10,"turns":5}],"seed_played":"8826039250825447496","potions_obtained":[{"floor":1,"key":"FearPotion"},{"floor":4,"key":"Swift Potion"},{"floor":8,"key":"SmokeBomb"}],"is_trial":false,"path_per_floor":["M","M","?","M","$","E","R","E","T","E"],"character_chosen":"IRONCLAD","items_purchased":["Immolate"],"campfire_rested":0,"item_purchase_floors":[5],"current_hp_per_floor":[78,80,80,80,80,53,53,21,21,0],"gold":223,"neow_bonus":"THREE_ENEMY_KILL","is_prod":false,"is_daily":false,"chose_seed":false,"campfire_upgraded":1,"win_rate":0,"timestamp":1553229030,"path_taken":["M","?","?","?","$","E","R","E","T","E"],"build_version":"2019-01-23","purchased_purges":0,"victory":false,"max_hp_per_floor":[80,80,80,80,80,80,80,80,80,80],"card_choices":[{"not_picked":["Iron Wave","Heavy Blade"],"picked":"Shockwave","floor":1},{"not_picked":["Perfected Strike","Clash"],"picked":"True Grit","floor":2},{"not_picked":["Sword Boomerang","Warcry"],"picked":"Shrug It Off","floor":4},{"not_picked":["Thunderclap","Twin Strike"],"picked":"Brutality","floor":6},{"not_picked":["Armaments","Headbutt"],"picked":"Bludgeon","floor":8}],"player_experience":984802,"relics_obtained":[{"floor":6,"key":"Tiny Chest"},{"floor":8,"key":"MawBank"},{"floor":9,"key":"Smiling Mask"}],"event_choices":[{"damage_healed":0,"gold_gain":0,"player_choice":"Trade","damage_taken":0,"relics_obtained":["GremlinMask"],"max_hp_gain":0,"max_hp_loss":0,"event_name":"FaceTrader","floor":3,"gold_loss":0}],"is_beta":false,"boss_relics":[],"items_purged_floors":[],"is_endless":false,"potions_floor_spawned":[1,4,8],"killed_by":"Lagavulin","ascension_level":12}