{"gold_per_floor":[110,110,121,121,121,121,148,176,214,238,261,273,314,184,184,289,289,300,300,300,300,260,272,272,291,291,318,318,318,318],"floor_reached":30,"playtime":1330,"items_purged":["Regret"],"score":432,"play_id":"21f661c4-7c78-403d-9f73-1fd618c08103","local_time":"20190213014540","is_ascension_mode":true,"campfire_choices":[{"data":"Dodge and Roll","floor":6,"key":"SMITH"},{"floor":15,"key":"REST"},{"data":"Bite","floor":24,"key":"SMITH"},{"data":"Footwork","floor":29,"key":"SMITH"}],"neow_cost":"NONE","seed_source_timestamp":631425179159794,"circlet_count":0,"master_deck":["Defend_G+1","Defend_G+1","Defend_G+1","Defend_G+1","Defend_G+1","Survivor","Neutralize","Backstab+1","Dodge and Roll+1","Backflip","Footwork+1","Dodge and Roll","Caltrops","Die Die Die","Slice+1","Bite+1","Bite+1","Bite","Bite","Bite","Decay"],"relics":["Ring of the Snake","NeowsBlessing","Darkstone Periapt","MawBank","Happy Flower","Centennial Puzzle","Sozu","Molten Egg 2"],"potions_floor_usage":[11,13,13,16],"damage_taken":[{"damage":0,"enemies":"Jaw Worm","floor":1,"turns":1},{"damage":0,"enemies":"Cultist","floor":3,"turns":1},{"damage":0,"enemies":"Gremlin Nob","floor":7,"turns":1},{"damage":0,"enemies":"2 Louse","floor":8,"turns":4},{"damage":0,"enemies":"Blue Slaver","floor":10,"turns":6},{"damage":5,"enemies":"Gremlin Gang","floor":11,"turns":8},{"damage":61,"enemies":"Lagavulin","floor":13,"turns":16},{"damage":27,"enemies":"The Guardian","floor":16,"turns":29},{"damage":9,"enemies":"Chosen","floor":18,"turns":8},{"damage":13,"enemies":"Spheric Guardian","floor":23,"turns":4},{"damage":22,"enemies":"Shelled Parasite and Fungi","floor":25,"turns":8},{"damage":26,"enemies":"Slavers","floor":27,"turns":9},{"damage":105,"enemies":"Gremlin Leader","floor":30,"turns":11}],"seed_played":"5520175402043197795","potions_obtained":[{"floor":1,"key":"Weak Potion"},{"floor":8,"key":"AttackPotion"},{"floor":11,"key":"Fire Potion"},{"floor":13,"key":"SteroidPotion"}],"is_trial":false,"path_per_floor":["M","?","M","?","T","R","E","M","T","M","M","?","E","$","R","B",null,"M","?","?","?","?","M","R","M","T","E","?","R","E"],"character_chosen":"THE_SILENT","items_purchased":["Caltrops"],"campfire_rested":1,"item_purchase_floors":[14],"current_hp_per_floor":[63,63,63,63,63,63,63,63,63,65,62,68,9,9,31,6,59,52,52,58,58,58,58,58,64,64,63,63,63,0],"gold":318,"neow_bonus":"THREE_ENEMY_KILL","is_prod":false,"is_daily":false,"chose_seed":false,"campfire_upgraded":3,"win_rate":0,"timestamp":1550033140,"path_taken":["M","?","?","?","?","R","E","?","T","M","M","?","E","$","R","BOSS","M","?","?","?","?","?","R","M","T","E","?","R","E"],"build_version":"2019-01-23","purchased_purges":1,"victory":false,"max_hp_per_floor":[70,70,70,70,70,70,70,70,70,70,70,76,76,76,76,76,76,76,76,82,82,82,82,82,82,82,82,82,82,82],"card_choices":[{"not_picked":["Prepared","Slice"],"picked":"Backstab","floor":1},{"not_picked":["Slice","Endless Agony"],"picked":"Dodge and Roll","floor":3},{"not_picked":["Slice","Deflect"],"picked":"Backflip","floor":7},{"not_picked":["Bane","Blade Dance"],"picked":"Footwork","floor":8},{"not_picked":["Deadly Poison","Prepared","Distraction"],"picked":"SKIP","floor":10},{"not_picked":["Acrobatics","Flechettes"],"picked":"Dodge and Roll","floor":11},{"not_picked":["Malaise","Bane","Slice"],"picked":"SKIP","floor":13},{"not_picked":["Bullet Time","Burst"],"picked":"Die Die Die","floor":16},{"not_picked":["Underhanded Strike+1","Expertise+1"],"picked":"Slice+1","floor":18},{"not_picked":["Deflect","Finisher","Poisoned Stab"],"picked":"SKIP","floor":23},{"not_picked":["Outmaneuver","Finisher","Dagger Spray"],"picked":"SKIP","floor":25},{"not_picked":["Poisoned Stab+1","Bane+1","Blade Dance"],"picked":"SKIP","floor":27}],"player_experience":759609,"relics_obtained":[{"floor":5,"key":"Darkstone Periapt"},{"floor":7,"key":"MawBank"},{"floor":9,"key":"Blood Vial"},{"floor":13,"key":"Centennial Puzzle"},{"floor":27,"key":"Molten Egg 2"}],"event_choices":[{"cards_removed":["Strike_G"],"damage_healed":0,"gold_gain":0,"player_choice":"Purged","damage_taken":0,"max_hp_gain":0,"max_hp_loss":0,"event_name":"Purifier","floor":2,"gold_loss":0},{"damage_healed":0,"gold_gain":0,"player_choice":"Grow","damage_taken":0,"max_hp_gain":0,"max_hp_loss":0,"event_name":"Living Wall","floor":4,"gold_loss":0,"cards_upgraded":["Backstab"]},{"damage_healed":0,"gold_gain":0,"player_choice":"Box","damage_taken":0,"relics_obtained":["Happy Flower"],"max_hp_gain":0,"max_hp_loss":0,"event_name":"Big Fish","floor":12,"gold_loss":0,"cards_obtained":["Regret"]},{"damage_healed":0,"gold_gain":0,"player_choice":"Became a vampire (Vial)","damage_taken":0,"max_hp_gain":0,"max_hp_loss":0,"event_name":"Vampires","floor":19,"relics_lost":["Blood Vial"],"gold_loss":0,"cards_obtained":["Bite","Bite","Bite","Bite","Bite"]},{"damage_healed":0,"gold_gain":0,"player_choice":"Smashed Altar","damage_taken":0,"max_hp_gain":0,"max_hp_loss":0,"event_name":"Forgotten Altar","floor":20,"gold_loss":0,"cards_obtained":["Decay"]},{"damage_healed":0,"gold_gain":0,"player_choice":"Simplicity","damage_taken":0,"max_hp_gain":0,"max_hp_loss":0,"event_name":"Back to Basics","floor":21,"gold_loss":0,"cards_upgraded":["Defend_G","Defend_G","Defend_G","Defend_G","Defend_G"]},{"damage_healed":0,"gold_gain":0,"player_choice":"Upgrade","damage_taken":0,"max_hp_gain":0,"max_hp_loss":0,"event_name":"Designer","floor":22,"gold_loss":40,"cards_upgraded":["Bite"]},{"damage_healed":0,"gold_gain":0,"player_choice":"Bought 0 Potions","damage_taken":0,"max_hp_gain":0,"max_hp_loss":0,"event_name":"The Woman in Blue","floor":28,"gold_loss":0}],"is_beta":false,"boss_relics":[{"not_picked":["Velvet Choker","Coffee Dripper"],"picked":"Sozu"}],"items_purged_floors":[14],"is_endless":false,"potions_floor_spawned":[1,8,11,13,18,25,27],"killed_by":"Gremlin Leader","ascension_level":9}