{"gold_per_floor":[112,112,131,145,159,159,191,202,202,233,233,233,252,262,262,340,340,354,372,287,65,65,65,82,82],"floor_reached":25,"playtime":1303,"items_purged":[],"score":430,"play_id":"6a21b2ca-1a5c-4d02-b09e-0ea58ce29f12","local_time":"20181110114242","is_ascension_mode":true,"campfire_choices":[{"data":"Defragment","floor":6,"key":"SMITH"},{"floor":11,"key":"REST"},{"data":"Go for the Eyes","floor":15,"key":"SMITH"},{"floor":23,"key":"REST"}],"neow_cost":"NONE","seed_source_timestamp":1136022764588367,"circlet_count":0,"master_deck":["AscendersBane","Strike_B","Strike_B","Strike_B","Strike_B","Defend_B","Defend_B+1","Defend_B+1","Defend_B","Zap+1","Dualcast","Consume","Ball Lightning","Coolheaded","Defragment+1","Leap","Go for the Eyes+1","Hologram","Reinforced Body","Biased Cognition"],"relics":["Cracked Core","War Paint","Shovel","Art of War","Bag of Preparation","Mercury Hourglass","Cursed Key","Shuriken","Runic Capacitor"],"potions_floor_usage":[10,10,16],"damage_taken":[{"damage":3,"enemies":"Small Slimes","floor":1,"turns":4},{"damage":0,"enemies":"Cultist","floor":3,"turns":3},{"damage":1,"enemies":"2 Louse","floor":4,"turns":3},{"damage":13,"enemies":"Blue Slaver","floor":5,"turns":3},{"damage":27,"enemies":"3 Sentries","floor":7,"turns":12},{"damage":0,"enemies":"2 Fungi Beasts","floor":8,"turns":2},{"damage":4,"enemies":"Lagavulin","floor":10,"turns":5},{"damage":17,"enemies":"Exordium Wildlife","floor":13,"turns":3},{"damage":0,"enemies":"Red Slaver","floor":14,"turns":3},{"damage":15,"enemies":"The Guardian","floor":16,"turns":15},{"damage":8,"enemies":"3 Byrds","floor":18,"turns":4},{"damage":10,"enemies":"Chosen","floor":19,"turns":4},{"damage":18,"enemies":"3 Cultists","floor":24,"turns":5},{"damage":30,"enemies":"Book of Stabbing","floor":25,"turns":3}],"seed_played":"10009059576364271","potions_obtained":[{"floor":1,"key":"Poison Potion"},{"floor":5,"key":"Weak Potion"},{"floor":13,"key":"Block Potion"}],"is_trial":false,"path_per_floor":["M","?","M","M","M","R","E","M","T","E","R","T","M","M","R","B",null,"M","M","?","$","?","R","M","E"],"character_chosen":"DEFECT","items_purchased":["Runic Capacitor"],"campfire_rested":2,"item_purchase_floors":[21],"current_hp_per_floor":[61,61,61,60,47,47,20,20,20,16,37,37,20,20,20,5,55,47,37,37,37,17,39,21,0],"gold":82,"neow_bonus":"RANDOM_COMMON_RELIC","is_prod":false,"is_daily":false,"chose_seed":false,"campfire_upgraded":2,"win_rate":0,"timestamp":1541868162,"path_taken":["M","?","?","M","M","R","E","M","T","E","R","?","M","M","R","BOSS","M","?","?","$","?","R","M","E"],"build_version":"2018-11-08","purchased_purges":0,"victory":false,"max_hp_per_floor":[71,71,71,71,71,71,71,71,71,71,71,71,71,71,71,71,71,71,71,71,71,76,76,76,76],"card_choices":[{"not_picked":["Conserve Battery","Barrage"],"picked":"Consume","floor":1},{"not_picked":["Redo","Coolheaded"],"picked":"Ball Lightning","floor":3},{"not_picked":["Sunder","Conserve Battery"],"picked":"Coolheaded","floor":4},{"not_picked":["Streamline","Undo"],"picked":"Defragment","floor":5},{"not_picked":["Steam","Lockon","Machine Learning"],"picked":"SKIP","floor":7},{"not_picked":["White Noise","Go for the Eyes"],"picked":"Leap","floor":8},{"not_picked":["Redo","Stack"],"picked":"Go for the Eyes","floor":10},{"not_picked":["Steam","Coolheaded"],"picked":"Hologram","floor":13},{"not_picked":["Tempest","FTL"],"picked":"Reinforced Body","floor":14},{"not_picked":["Core Surge","Amplify"],"picked":"Biased Cognition","floor":16},{"not_picked":["Go for the Eyes","Rebound","Streamline"],"picked":"SKIP","floor":18},{"not_picked":["Go for the Eyes","Genetic Algorithm","Beam Cell"],"picked":"SKIP","floor":19},{"not_picked":["Recycle","Gash","Rip and Tear"],"picked":"SKIP","floor":24}],"player_experience":932230,"relics_obtained":[{"floor":7,"key":"Shovel"},{"floor":9,"key":"Art of War"},{"floor":10,"key":"Bag of Preparation"},{"floor":12,"key":"Mercury Hourglass"}],"event_choices":[{"damage_healed":0,"gold_gain":0,"player_choice":"Forge","damage_taken":0,"max_hp_gain":0,"max_hp_loss":0,"event_name":"Accursed Blacksmith","floor":2,"gold_loss":0,"cards_upgraded":["Zap"]},{"damage_healed":0,"gold_gain":0,"player_choice":"Obtained Relic","damage_taken":0,"relics_obtained":["Shuriken"],"max_hp_gain":0,"max_hp_loss":0,"event_name":"Addict","floor":20,"gold_loss":85},{"damage_healed":0,"gold_gain":0,"player_choice":"Shed Blood","damage_taken":25,"max_hp_gain":5,"max_hp_loss":0,"event_name":"Forgotten Altar","floor":22,"gold_loss":0}],"is_beta":true,"boss_relics":[{"not_picked":["Black Star","Sozu"],"picked":"Cursed Key"}],"items_purged_floors":[],"is_endless":false,"potions_floor_spawned":[1,5,8,13],"killed_by":"Book of Stabbing","ascension_level":20}