{"gold_per_floor":[115,129,142,142,142,167,167,185,238,257,148,148,11,11,11,109,109,120,130,130,145,145,145,156,156,156,188,207,68,68,102,102,205,205,224,244,119,133,149,176,186,186,186,0,0,15,43,143,143,143],"floor_reached":51,"playtime":2263,"items_purged":["Strike_R","Strike_R","Defend_R"],"score":872,"play_id":"5fe9e7c8-44ee-41b0-8bdb-a75482d2e61d","local_time":"20190117130324","is_ascension_mode":false,"campfire_choices":[{"data":"Clothesline","floor":7,"key":"SMITH"},{"data":"Flame Barrier","floor":12,"key":"SMITH"},{"data":"Inflame","floor":15,"key":"SMITH"},{"data":"Evolve","floor":23,"key":"SMITH"},{"data":"Limit Break","floor":25,"key":"SMITH"},{"data":"Brutality","floor":32,"key":"SMITH"},{"data":"Flex","floor":42,"key":"SMITH"},{"data":"Limit Break","floor":49,"key":"SMITH"}],"neow_cost":"NONE","seed_source_timestamp":304046267077220,"circlet_count":0,"master_deck":["Defend_R","Defend_R","Bash","Hemokinesis","Flame Barrier+1","Clothesline+1","Limit Break+1","Flex+1","Headbutt","Seeing Red+1","Inflame+1","Shrug It Off+1","Evolve+1","Heavy Blade+1","Whirlwind+1","Disarm+1","Brutality+1","Limit Break+1","Disarm+1","Shockwave+1","Rage+1","Shrug It Off+1","True Grit+1","Pommel Strike+1","Battle Trance+1","Metallicize+1","Bloodletting+1","Havoc+1","Rupture+1"],"relics":["Burning Blood","Blood Vial","Sundial","Bag of Preparation","Mark of Pain","Question Card","Regal Pillow","Meat on the Bone","Astrolabe","PreservedInsect","Bottled Tornado","Red Mask","War Paint","Champion Belt"],"potions_floor_usage":[6,16,27,33,38,38,40,46,50,50],"damage_taken":[{"damage":0,"enemies":"Small Slimes","floor":1,"turns":4},{"damage":3,"enemies":"2 Louse","floor":2,"turns":2},{"damage":7,"enemies":"Cultist","floor":3,"turns":3},{"damage":11,"enemies":"Lagavulin","floor":6,"turns":9},{"damage":4,"enemies":"Looter","floor":8,"turns":3},{"damage":3,"enemies":"2 Fungi Beasts","floor":10,"turns":2},{"damage":3,"enemies":"Slime Boss","floor":16,"turns":6},{"damage":9,"enemies":"Shell Parasite","floor":18,"turns":5},{"damage":8,"enemies":"Chosen","floor":19,"turns":4},{"damage":4,"enemies":"Snecko","floor":21,"turns":4},{"damage":0,"enemies":"Snake Plant","floor":24,"turns":3},{"damage":15,"enemies":"Book of Stabbing","floor":27,"turns":5},{"damage":16,"enemies":"Shelled Parasite and Fungi","floor":28,"turns":6},{"damage":4,"enemies":"Gremlin Leader","floor":31,"turns":4},{"damage":33,"enemies":"Champ","floor":33,"turns":6},{"damage":7,"enemies":"3 Shapes","floor":35,"turns":4},{"damage":4,"enemies":"Orb Walker","floor":36,"turns":3},{"damage":17,"enemies":"Jaw Worm Horde","floor":38,"turns":4},{"damage":17,"enemies":"Maw","floor":39,"turns":6},{"damage":34,"enemies":"Nemesis","floor":40,"turns":7},{"damage":19,"enemies":"Spire Growth","floor":41,"turns":4},{"damage":22,"enemies":"Sphere and 2 Shapes","floor":46,"turns":7},{"damage":12,"enemies":"Giant Head","floor":47,"turns":4},{"damage":4,"enemies":"Mind Bloom Boss Battle","floor":48,"turns":2},{"damage":25,"enemies":"Awakened One","floor":50,"turns":5}],"seed_played":"-4978193605995240734","potions_obtained":[{"floor":2,"key":"PowerPotion"},{"floor":3,"key":"AttackPotion"},{"floor":6,"key":"AttackPotion"},{"floor":8,"key":"Strength Potion"},{"floor":21,"key":"SkillPotion"},{"floor":27,"key":"Fire Potion"},{"floor":31,"key":"PowerPotion"},{"floor":36,"key":"Explosive Potion"},{"floor":38,"key":"Strength Potion"},{"floor":39,"key":"Explosive Potion"},{"floor":41,"key":"Dexterity Potion"},{"floor":47,"key":"Fire Potion"}],"is_trial":false,"path_per_floor":["M","M","M","?","?","E","R","M","T","M","$","R","$","?","R","B",null,"M","M","?","M","?","R","M","R","T","E","M","$","?","E","R","B",null,"M","M","$","M","M","E","M","R","T","?","?","M","E","?","R","B",null],"character_chosen":"IRONCLAD","items_purchased":["Seeing Red","Inflame","Brutality"],"campfire_rested":0,"item_purchase_floors":[11,13,29],"current_hp_per_floor":[80,80,79,79,79,75,75,79,79,80,80,80,80,85,85,85,85,82,82,82,85,85,85,85,85,85,76,68,68,68,72,72,59,85,84,85,85,74,65,51,52,52,52,52,52,50,58,62,62,57],"gold":143,"neow_bonus":"RANDOM_COMMON_RELIC","is_prod":false,"is_daily":false,"chose_seed":false,"campfire_upgraded":8,"win_rate":0,"timestamp":1547730204,"path_taken":["M","M","M","?","?","E","R","M","T","?","$","R","$","?","R","BOSS","M","M","?","M","?","R","M","R","T","E","M","?","?","E","R","BOSS","M","M","$","M","M","E","M","R","T","?","?","M","E","?","R","BOSS"],"build_version":"2019-01-16","purchased_purges":3,"victory":true,"max_hp_per_floor":[80,80,80,80,80,80,80,80,80,80,80,80,80,85,85,85,85,85,85,85,85,85,85,85,85,85,85,85,85,85,85,85,85,85,85,85,85,85,85,85,85,85,85,85,81,81,81,81,81,81],"card_choices":[{"not_picked":["Wild Strike","Headbutt"],"picked":"Hemokinesis","floor":1},{"not_picked":["Rage","True Grit"],"picked":"Flame Barrier","floor":2},{"not_picked":["Body Slam","Iron Wave"],"picked":"Clothesline","floor":3},{"not_picked":["Perfected Strike","Twin Strike"],"picked":"Flex","floor":6},{"not_picked":["Ghostly Armor","Heavy Blade"],"picked":"Headbutt","floor":8},{"not_picked":["Evolve","Rage","Havoc"],"picked":"SKIP","floor":10},{"not_picked":["Havoc","Anger"],"picked":"Shrug It Off","floor":18},{"not_picked":["Perfected Strike","Infernal Blade","Clothesline+1"],"picked":"SKIP","floor":19},{"not_picked":["Flex","Pummel"],"picked":"Evolve","floor":21},{"not_picked":["Inflame+1","Twin Strike+1"],"picked":"Heavy Blade+1","floor":24},{"not_picked":["Entrench+1","Second Wind","Body Slam"],"picked":"Whirlwind+1","floor":27},{"not_picked":["Clothesline","Clash","Corruption"],"picked":"Disarm+1","floor":28},{"not_picked":["Dark Embrace","Clash","Heavy Blade+1","Twin Strike"],"picked":"SKIP","floor":31},{"not_picked":["Berserk","Juggernaut","Barricade"],"picked":"Limit Break","floor":33},{"not_picked":["Armaments","Pummel","Thunderclap","Cleave"],"picked":"SKIP","floor":35},{"not_picked":["Warcry+1","Metallicize","Power Through+1"],"picked":"Shrug It Off+1","floor":36},{"not_picked":["Wild Strike+1","Hemokinesis+1","Seeing Red"],"picked":"True Grit+1","floor":38},{"not_picked":["Disarm+1","Clash+1","Thunderclap"],"picked":"Pommel Strike+1","floor":39},{"not_picked":["Fire Breathing","Disarm","Limit Break"],"picked":"Battle Trance+1","floor":40},{"not_picked":["Wild Strike+1","Sword Boomerang","Corruption"],"picked":"Metallicize+1","floor":41},{"not_picked":["Anger","Sever Soul","True Grit+1"],"picked":"Bloodletting+1","floor":46},{"not_picked":["Pommel Strike+1","Rampage+1","Heavy Blade"],"picked":"Havoc+1","floor":47},{"not_picked":["Carnage","Impervious","Headbutt+1"],"picked":"Rupture+1","floor":48}],"player_experience":773094,"relics_obtained":[{"floor":6,"key":"Sundial"},{"floor":9,"key":"Bag of Preparation"},{"floor":26,"key":"Question Card"},{"floor":27,"key":"Regal Pillow"},{"floor":31,"key":"Meat on the Bone"},{"floor":40,"key":"PreservedInsect"},{"floor":43,"key":"Bottled Tornado"},{"floor":47,"key":"War Paint"},{"floor":48,"key":"Champion Belt"}],"event_choices":[{"damage_healed":0,"gold_gain":0,"player_choice":"Ignored","damage_taken":0,"max_hp_gain":0,"max_hp_loss":0,"event_name":"Liars Game","floor":4,"gold_loss":0},{"damage_healed":0,"gold_gain":0,"player_choice":"1 cards matched","damage_taken":0,"max_hp_gain":0,"max_hp_loss":0,"event_name":"Match and Keep!","floor":5,"gold_loss":0,"cards_obtained":["Limit Break"]},{"damage_healed":0,"gold_gain":0,"player_choice":"Donut","damage_taken":0,"max_hp_gain":5,"max_hp_loss":0,"event_name":"Big Fish","floor":14,"gold_loss":0},{"damage_healed":0,"gold_gain":0,"player_choice":"Ignored","damage_taken":0,"max_hp_gain":0,"max_hp_loss":0,"event_name":"Ghosts","floor":20,"gold_loss":0},{"damage_healed":0,"gold_gain":0,"player_choice":"Ignored","damage_taken":0,"max_hp_gain":0,"max_hp_loss":0,"event_name":"The Mausoleum","floor":22,"gold_loss":0},{"cards_removed":["Strike_R"],"damage_healed":0,"gold_gain":0,"player_choice":"Elegance","damage_taken":0,"max_hp_gain":0,"max_hp_loss":0,"event_name":"Back to Basics","floor":30,"gold_loss":0},{"damage_healed":0,"gold_gain":0,"player_choice":"Paid","damage_taken":0,"relics_obtained":["Red Mask"],"max_hp_gain":0,"max_hp_loss":0,"event_name":"Tomb of Lord Red Mask","floor":44,"gold_loss":186},{"damage_healed":0,"gold_gain":0,"player_choice":"Max HP","damage_taken":0,"max_hp_gain":0,"max_hp_loss":4,"event_name":"Winding Halls","floor":45,"gold_loss":0},{"damage_healed":0,"gold_gain":0,"player_choice":"Fight","damage_taken":0,"max_hp_gain":0,"max_hp_loss":0,"event_name":"MindBloom","floor":48,"gold_loss":0}],"is_beta":true,"boss_relics":[{"not_picked":["Black Star","Orrery"],"picked":"Mark of Pain"},{"not_picked":["Velvet Choker","Busted Crown"],"picked":"Astrolabe"}],"items_purged_floors":[11,13,37],"is_endless":false,"potions_floor_spawned":[2,3,6,8,21,27,31,36,38,39,41,47],"ascension_level":0}