{"gold_per_floor":[112,125,75,75,89,89,89,121,168,182,207,207,242,261,261,365,365,381,398,430,430,449,449,468,503,527,538,51,79,4,14,14,118,118,128,128,138,38,51,51,80,94,94,94,94,94,127,145,145,145],"floor_reached":50,"playtime":1851,"items_purged":["Regret","Doubt"],"score":985,"play_id":"7a80ebe9-69c8-44ed-bd1f-22625da6174e","local_time":"20190224032638","is_ascension_mode":true,"campfire_choices":[{"data":"Dash","floor":6,"key":"SMITH"},{"floor":12,"key":"REST"},{"floor":15,"key":"REST"},{"floor":23,"key":"REST"},{"floor":32,"key":"REST"},{"floor":40,"key":"RECALL"},{"data":"After Image","floor":46,"key":"SMITH"},{"floor":49,"key":"REST"}],"neow_cost":"CURSE","seed_source_timestamp":826080041912667,"circlet_count":0,"master_deck":["AscendersBane","Defend_G","Defend_G","Defend_G+1","Defend_G","Defend_G+1","Strike_G","Strike_G","Strike_G","Strike_G","Survivor","Neutralize","Parasite","Dash+1","Sucker Punch","Dash","Dash","Finisher","Poisoned Stab","Backstab","Corpse Explosion","Deadly Poison+1","Bouncing Flask+1","Catalyst","Backstab","Backstab","Backstab","Footwork","Choke","Footwork+1","Envenom","PanicButton","After Image+1","Masterful Stab","Dash+1","Parasite"],"relics":["Ring of the Snake","Gambling Chip","War Paint","CultistMask","Pen Nib","Bag of Marbles","Snake Skull","Regal Pillow","Cursed Key","Red Mask","Enchiridion","Centennial Puzzle","Lantern","PreservedInsect","Pear","Potion Belt","Busted Crown","Sundial","Molten Egg 2"],"potions_floor_usage":[11,20,33,47,47,50],"damage_taken":[{"damage":2,"enemies":"Small Slimes","floor":1,"turns":4},{"damage":0,"enemies":"Cultist","floor":2,"turns":4},{"damage":10,"enemies":"Jaw Worm","floor":5,"turns":4},{"damage":28,"enemies":"Lagavulin","floor":8,"turns":10},{"damage":9,"enemies":"2 Fungi Beasts","floor":10,"turns":4},{"damage":2,"enemies":"Gremlin Nob","floor":11,"turns":4},{"damage":8,"enemies":"Lagavulin","floor":13,"turns":7},{"damage":3,"enemies":"Large Slime","floor":14,"turns":5},{"damage":17,"enemies":"Slime Boss","floor":16,"turns":9},{"damage":3,"enemies":"3 Byrds","floor":18,"turns":4},{"damage":2,"enemies":"Shell Parasite","floor":19,"turns":3},{"damage":17,"enemies":"Masked Bandits","floor":20,"turns":3},{"damage":0,"enemies":"Chosen and Byrds","floor":22,"turns":4},{"damage":2,"enemies":"3 Cultists","floor":24,"turns":2},{"damage":37,"enemies":"Slavers","floor":25,"turns":6},{"damage":0,"enemies":"Shelled Parasite and Fungi","floor":27,"turns":3},{"damage":0,"enemies":"Book of Stabbing","floor":29,"turns":1},{"damage":0,"enemies":"Snake Plant","floor":31,"turns":1},{"damage":46,"enemies":"Automaton","floor":33,"turns":10},{"damage":0,"enemies":"Orb Walker","floor":35,"turns":1},{"damage":7,"enemies":"3 Darklings","floor":37,"turns":4},{"damage":3,"enemies":"Maw","floor":39,"turns":5},{"damage":24,"enemies":"Giant Head","floor":41,"turns":6},{"damage":6,"enemies":"Sphere and 2 Shapes","floor":42,"turns":4},{"damage":6,"enemies":"Reptomancer","floor":47,"turns":2},{"damage":3,"enemies":"Jaw Worm Horde","floor":48,"turns":3},{"damage":71,"enemies":"Time Eater","floor":50,"turns":6}],"seed_played":"5751885322824392259","potions_obtained":[{"floor":1,"key":"GamblersBrew"},{"floor":2,"key":"GhostInAJar"},{"floor":14,"key":"SneckoOil"},{"floor":16,"key":"FearPotion"},{"floor":20,"key":"Swift Potion"},{"floor":29,"key":"SteroidPotion"},{"floor":35,"key":"AttackPotion"},{"floor":41,"key":"SkillPotion"},{"floor":47,"key":"LiquidBronze"}],"is_trial":false,"path_per_floor":["M","M","?","?","M","R","?","E","T","M","E","R","E","M","R","B",null,"M","M","?","?","M","R","M","E","T","M","$","E","$","M","R","B",null,"M","?","M","$","M","R","E","M","T","?","?","R","E","M","R","B"],"character_chosen":"THE_SILENT","items_purchased":["PreservedInsect","Pear","Footwork"],"campfire_rested":5,"item_purchase_floors":[28,28,28],"current_hp_per_floor":[61,61,61,61,51,51,51,23,23,14,12,33,25,22,58,41,63,60,58,41,25,25,61,59,22,22,22,32,32,32,32,71,25,66,66,66,59,59,56,56,32,26,26,26,70,70,64,61,70,0],"gold":145,"neow_bonus":"ONE_RARE_RELIC","is_prod":false,"is_daily":false,"chose_seed":false,"campfire_upgraded":2,"win_rate":0,"timestamp":1550989598,"path_taken":["M","M","?","?","M","R","?","E","T","M","E","R","E","M","R","BOSS","M","M","?","?","M","R","M","E","T","M","$","E","$","M","R","BOSS","M","?","M","?","?","R","E","M","T","?","?","R","E","M","R","BOSS"],"build_version":"2019-01-23","purchased_purges":2,"victory":false,"max_hp_per_floor":[70,70,70,70,70,70,70,70,70,70,70,70,70,70,70,70,70,70,70,70,70,70,70,70,70,70,70,80,80,80,80,80,80,80,80,80,80,80,80,80,80,80,80,80,70,70,70,70,70,70],"card_choices":[{"not_picked":["Bane","Deflect"],"picked":"Dash","floor":1},{"not_picked":["Accuracy","Riddle With Holes"],"picked":"Sucker Punch","floor":2},{"not_picked":["Cloak And Dagger","Concentrate"],"picked":"Dash","floor":5},{"not_picked":["PiercingWail","Expertise"],"picked":"Dash","floor":8},{"not_picked":["Sucker Punch","Bane","Distraction"],"picked":"SKIP","floor":10},{"not_picked":["Endless Agony","Calculated Gamble"],"picked":"Finisher","floor":11},{"not_picked":["Blade Dance","Heel Hook"],"picked":"Poisoned Stab","floor":13},{"not_picked":["Concentrate","Blur"],"picked":"Backstab","floor":14},{"not_picked":["Wraith Form v2","Malaise"],"picked":"Corpse Explosion","floor":16},{"not_picked":["Backflip","Acrobatics"],"picked":"Dash","floor":18},{"not_picked":["Cloak And Dagger+1","Dagger Spray"],"picked":"Deadly Poison+1","floor":19},{"not_picked":["Slice+1","Riddle With Holes+1"],"picked":"Bouncing Flask+1","floor":20},{"not_picked":["Leg Sweep","Crippling Poison+1"],"picked":"Catalyst","floor":22},{"not_picked":["Flying Knee","Blur"],"picked":"Backstab","floor":24},{"not_picked":["Poisoned Stab+1","Dodge and Roll"],"picked":"Backstab","floor":25},{"not_picked":["Sucker Punch","Dodge and Roll"],"picked":"Backstab","floor":27},{"not_picked":["Slice","All Out Attack"],"picked":"Choke","floor":29},{"not_picked":["Well Laid Plans","Outmaneuver"],"picked":"Footwork+1","floor":31},{"not_picked":["After Image","Corpse Explosion"],"picked":"Envenom","floor":33},{"not_picked":["Cloak And Dagger"],"picked":"SKIP","floor":35},{"not_picked":[],"picked":"Masterful Stab","floor":37},{"not_picked":["Dagger Throw"],"picked":"SKIP","floor":39},{"not_picked":[],"picked":"Dash+1","floor":41},{"not_picked":["Dagger Throw+1"],"picked":"SKIP","floor":42},{"not_picked":["Quick Slash"],"picked":"SKIP","floor":47},{"not_picked":["Outmaneuver+1"],"picked":"SKIP","floor":48}],"player_experience":851807,"relics_obtained":[{"floor":8,"key":"Pen Nib"},{"floor":9,"key":"Bag of Marbles"},{"floor":11,"key":"Snake Skull"},{"floor":13,"key":"Regal Pillow"},{"floor":20,"key":"Red Mask"},{"floor":21,"key":"Enchiridion"},{"floor":25,"key":"Centennial Puzzle"},{"floor":26,"key":"Lantern"},{"floor":29,"key":"Potion Belt"},{"floor":41,"key":"Sundial"},{"floor":47,"key":"Molten Egg 2"}],"event_choices":[{"cards_removed":["Strike_G"],"damage_healed":0,"gold_gain":0,"player_choice":"Card Removal","damage_taken":0,"max_hp_gain":0,"max_hp_loss":0,"event_name":"The Cleric","floor":3,"gold_loss":50},{"damage_healed":0,"gold_gain":0,"player_choice":"Box","damage_taken":0,"relics_obtained":["War Paint"],"max_hp_gain":0,"max_hp_loss":0,"event_name":"Big Fish","floor":4,"gold_loss":0,"cards_obtained":["Regret"]},{"damage_healed":0,"gold_gain":0,"player_choice":"Trade","damage_taken":0,"relics_obtained":["CultistMask"],"max_hp_gain":0,"max_hp_loss":0,"event_name":"FaceTrader","floor":7,"gold_loss":0},{"damage_healed":0,"gold_gain":0,"player_choice":"Fought Bandits","damage_taken":0,"max_hp_gain":0,"max_hp_loss":0,"event_name":"Masked Bandits","floor":20,"gold_loss":0},{"damage_healed":0,"gold_gain":0,"player_choice":"Obtained Book","damage_taken":16,"max_hp_gain":0,"max_hp_loss":0,"event_name":"Cursed Tome","floor":21,"gold_loss":0},{"damage_healed":0,"gold_gain":0,"player_choice":"2 cards matched","damage_taken":0,"max_hp_gain":0,"max_hp_loss":0,"event_name":"Match and Keep!","floor":36,"gold_loss":0,"cards_obtained":["PanicButton","After Image"]},{"cards_removed":["Dash"],"damage_healed":0,"gold_gain":0,"player_choice":"Removed Attack","damage_taken":0,"max_hp_gain":0,"max_hp_loss":0,"event_name":"Falling","floor":44,"gold_loss":0},{"damage_healed":70,"gold_gain":0,"player_choice":"Heal","damage_taken":0,"max_hp_gain":0,"max_hp_loss":10,"event_name":"The Moai Head","floor":45,"gold_loss":0}],"is_beta":false,"boss_relics":[{"not_picked":["Philosopher\u0027s Stone","Snecko Eye"],"picked":"Cursed Key"},{"not_picked":["Coffee Dripper","Fusion Hammer"],"picked":"Busted Crown"}],"items_purged_floors":[30,38],"is_endless":false,"potions_floor_spawned":[1,2,5,14,16,20,22,25,27,29,35,41,47],"killed_by":"Time Eater","ascension_level":11}