{"gold_per_floor":[112,112,128,141,158,158,170,170,170,27,27,44,61,76,76,180,180,190,200,215,226,242,242,272,272,272,272,285,299,36,55,55,153,153,170,190,190,190,190,190,203,203,227,227,0,0,0,0,0,97,97,115,115,115,138,98,141,166,166,190,210,210,225,250,273,273,398,398,423,437,130,154,172,172,196,196,227,227,267,281,281,281,281,405,405,426,426,53,71,134,134,154,120,120],"floor_reached":94,"playtime":7176,"items_purged":["Pain","Regret"],"score":2458,"play_id":"6a1f64a9-e958-4fe1-bacb-978bb870fb4e","local_time":"20180713114113","daily_mods":["Draft"],"is_ascension_mode":false,"campfire_choices":[{"data":"Loop","floor":6,"key":"SMITH"},{"data":"Redo","floor":8,"key":"SMITH"},{"data":"Blizzard","floor":15,"key":"SMITH"},{"data":"Defragment","floor":23,"key":"SMITH"},{"floor":25,"key":"REST"},{"floor":32,"key":"REST"},{"floor":40,"key":"REST"},{"data":"Buffer","floor":44,"key":"SMITH"},{"data":"Madness","floor":47,"key":"SMITH"},{"data":"Madness","floor":49,"key":"SMITH"},{"data":"Storm","floor":62,"key":"SMITH"},{"data":"Hello World","floor":66,"key":"SMITH"},{"data":"White Noise","floor":74,"key":"SMITH"},{"data":"Creative AI","floor":76,"key":"SMITH"},{"data":"Defragment","floor":78,"key":"SMITH"},{"data":"Biased Cognition","floor":83,"key":"SMITH"},{"data":"1","floor":91,"key":"LIFT"}],"neow_cost":"","seed_source_timestamp":0,"circlet_count":0,"master_deck":["Cold Snap+1","Compile Driver+1","Redo+1","Storm+1","Stack+1","Defragment+1","Cold Snap+1","Heatsinks+1","Storm+1","Barrage+1","Hello World+1","Cold Snap+1","Chill+1","Ball Lightning+1","Redo+1","Steam Power+1","Beam Cell+1","Loop+1","Conserve Battery+1","Biased Cognition+1","Cold Snap+1","Blizzard+1","Amplify+1","Coolheaded+1","Chill+1","Cold Snap+1","Conserve Battery+1","Defragment+1","Chill+1","Buffer+1","Reboot+1","Fusion+1","Defragment+1","Double Energy+1","Electrodynamics+1","Chill+1","Magnetism+1","Buffer+1","Madness+1","Madness+1","Multi-Cast","Hello World+1","Storm+1","Core Surge","Core Surge","Heatsinks","Biased Cognition+1","Static Discharge","Defragment+1","White Noise+1","Turbo","Loop+1","Heatsinks","Creative AI+1","Defragment+1","Cold Snap+1","Hello World+1","Storm+1","Reboot","Storm","Chill","Blizzard","Sunder+1","Amplify","Defragment"],"relics":["Cracked Core","Juzu Bracelet","Lantern","Runic Pyramid","Oddly Smooth Stone","Vajra","Pen Nib","Cursed Key","Mark of the Bloom","Whetstone","Red Mask","Inserter","Golden Idol","Darkstone Periapt","Anchor","Odd Mushroom","Coffee Dripper","Ancient Tea Set","Du-Vu Doll","Sozu","Gambling Chip","ClockworkSouvenir","Girya"],"potions_floor_usage":[16,50,50,73,77,84],"damage_taken":[{"damage":0,"enemies":"Cultist","floor":1,"turns":3},{"damage":9,"enemies":"Jaw Worm","floor":3,"turns":2},{"damage":0,"enemies":"Small Slimes","floor":4,"turns":2},{"damage":8,"enemies":"Looter","floor":5,"turns":2},{"damage":0,"enemies":"Large Slime","floor":7,"turns":4},{"damage":0,"enemies":"Exordium Thugs","floor":12,"turns":3},{"damage":10,"enemies":"Exordium Wildlife","floor":13,"turns":3},{"damage":0,"enemies":"3 Louse","floor":14,"turns":1},{"damage":3,"enemies":"The Guardian","floor":16,"turns":6},{"damage":11,"enemies":"3 Byrds","floor":18,"turns":4},{"damage":12,"enemies":"2 Thieves","floor":19,"turns":3},{"damage":0,"enemies":"Snecko","floor":20,"turns":4},{"damage":6,"enemies":"Centurion and Healer","floor":21,"turns":5},{"damage":0,"enemies":"3 Cultists","floor":22,"turns":5},{"damage":23,"enemies":"Gremlin Leader","floor":24,"turns":5},{"damage":0,"enemies":"Snecko","floor":28,"turns":5},{"damage":8,"enemies":"Centurion and Healer","floor":29,"turns":4},{"damage":0,"enemies":"Sentry and Sphere","floor":31,"turns":5},{"damage":6,"enemies":"Collector","floor":33,"turns":7},{"damage":0,"enemies":"Flame Bruiser 1 Orb","floor":35,"turns":4},{"damage":0,"enemies":"3 Darklings","floor":36,"turns":2},{"damage":0,"enemies":"Flame Bruiser 2 Orb","floor":41,"turns":3},{"damage":2,"enemies":"Donu and Deca","floor":50,"turns":4},{"damage":6,"enemies":"Jaw Worm","floor":52,"turns":3},{"damage":0,"enemies":"2 Louse","floor":55,"turns":2},{"damage":16,"enemies":"3 Sentries","floor":57,"turns":3},{"damage":0,"enemies":"Cultist","floor":58,"turns":2},{"damage":0,"enemies":"Large Slime","floor":61,"turns":2},{"damage":0,"enemies":"Red Slaver","floor":63,"turns":2},{"damage":0,"floor":64,"turns":2},{"damage":0,"enemies":"Gremlin Gang","floor":65,"turns":2},{"damage":33,"enemies":"The Guardian","floor":67,"turns":7},{"damage":0,"enemies":"Chosen","floor":69,"turns":3},{"damage":2,"enemies":"3 Byrds","floor":70,"turns":2},{"damage":0,"enemies":"Snecko","floor":72,"turns":2},{"damage":0,"enemies":"Sentry and Sphere","floor":73,"turns":2},{"damage":0,"enemies":"Chosen and Byrds","floor":75,"turns":2},{"damage":3,"enemies":"Gremlin Leader","floor":77,"turns":3},{"damage":0,"enemies":"Book of Stabbing","floor":79,"turns":3},{"damage":0,"enemies":"Snecko","floor":80,"turns":2},{"damage":0,"enemies":"Automaton","floor":84,"turns":4},{"damage":0,"enemies":"Flame Bruiser 1 Orb","floor":86,"turns":3},{"damage":0,"floor":87,"turns":4},{"damage":0,"enemies":"Orb Walker","floor":89,"turns":1},{"damage":0,"floor":90,"turns":2},{"damage":0,"enemies":"4 Shapes","floor":92,"turns":2},{"damage":2,"enemies":"Nemesis","floor":94,"turns":1}],"seed_played":"-6303846037743227131","potions_obtained":[{"floor":7,"key":"FearPotion"},{"floor":12,"key":"Energy Potion"},{"floor":13,"key":"Block Potion"},{"floor":14,"key":"AttackPotion"},{"floor":18,"key":"PowerPotion"},{"floor":19,"key":"PowerPotion"},{"floor":52,"key":"Dexterity Potion"},{"floor":57,"key":"Poison Potion"},{"floor":63,"key":"Ancient Potion"},{"floor":69,"key":"Ancient Potion"},{"floor":73,"key":"FocusPotion"},{"floor":77,"key":"SpeedPotion"},{"floor":84,"key":"Strength Potion"}],"is_trial":true,"path_per_floor":["M","?","M","M","M","R","M","R","T","$","?","M","M","M","R","B",null,"M","M","M","M","M","R","E","R","T","?","M","M","$","M","R","B",null,"M","M","?","?","?","R","M","?","T","R","?","?","R","$","R","B",null,"M","?","?","M","$","E","M","?","T","M","R","M","?","M","R","B",null,"M","M","$","M","M","R","M","R","E","R","E","M","?","?","R","B",null,"M","?","$","M","?","R","M","$"],"character_chosen":"DEFECT","items_purchased":["Lantern","Defragment","Pen Nib","Double Energy","Storm","Ancient Tea Set","White Noise","Turbo","ClockworkSouvenir","Blizzard","Defragment"],"campfire_rested":3,"item_purchase_floors":[10,30,30,30,56,71,71,71,88,88,93],"current_hp_per_floor":[75,75,66,66,58,58,58,58,58,58,58,58,48,48,48,45,75,64,52,52,46,46,46,23,45,45,45,45,37,37,37,59,53,75,75,75,75,75,75,75,75,75,75,75,75,66,66,66,66,64,64,58,58,55,55,55,39,39,39,39,39,39,39,39,39,39,6,6,6,4,4,4,4,4,4,4,1,1,1,1,1,1,1,1,1,1,1,1,1,1,1,1,1,0],"gold":120,"neow_bonus":"","is_prod":false,"is_daily":false,"chose_seed":false,"campfire_upgraded":13,"win_rate":0,"timestamp":1531492873,"path_taken":["M","?","M","M","M","R","M","R","T","$","?","M","M","M","R","BOSS","M","M","M","M","M","R","E","R","T","?","M","M","$","M","R","BOSS","M","M","?","?","?","R","M","?","T","R","?","?","R","$","R","BOSS","M","?","?","M","$","E","M","?","T","M","R","M","?","M","R","BOSS","M","M","$","M","M","R","M","R","E","R","E","M","?","?","R","BOSS","M","?","$","M","?","R","M","?","E"],"build_version":"2018-07-12","purchased_purges":2,"victory":false,"max_hp_per_floor":[75,75,75,75,75,75,75,75,75,75,75,75,75,75,75,75,75,75,75,75,75,75,75,75,75,75,75,75,75,75,75,75,75,75,75,75,75,75,75,75,75,75,75,75,75,75,75,75,75,75,75,75,69,69,69,69,69,69,69,75,75,75,75,75,75,75,75,75,75,75,75,75,75,75,75,75,75,75,75,75,75,75,75,75,75,75,75,75,75,75,75,75,75,75],"card_choices":[{"not_picked":["Leap","Streamline"],"picked":"Cold Snap","floor":0},{"not_picked":["Go for the Eyes","Rip and Tear"],"picked":"Compile Driver","floor":0},{"not_picked":["Go for the Eyes","Auto Shields"],"picked":"Redo","floor":0},{"not_picked":["Melter","Streamline"],"picked":"Storm","floor":0},{"not_picked":["Conserve Battery","Sweeping Beam"],"picked":"Stack","floor":0},{"not_picked":["Cold Snap","Ball Lightning"],"picked":"Defragment","floor":0},{"not_picked":["Doom and Gloom","Barrage"],"picked":"Cold Snap","floor":0},{"not_picked":["Turbo","Steam Power"],"picked":"Heatsinks","floor":0},{"not_picked":["Fusion","Lockon"],"picked":"Cold Snap","floor":0},{"not_picked":["Ball Lightning","Beam Cell"],"picked":"Storm","floor":0},{"not_picked":["Go for the Eyes","Scrape"],"picked":"Barrage","floor":0},{"not_picked":["Hologram","Rip and Tear"],"picked":"Hello World","floor":0},{"not_picked":["Chill","Barrage"],"picked":"Cold Snap","floor":0},{"not_picked":["Steam","Turbo"],"picked":"Chill","floor":0},{"not_picked":["Barrage","Darkness"],"picked":"Ball Lightning","floor":0},{"not_picked":["Hologram","Ball Lightning"],"picked":"Redo","floor":1},{"not_picked":["Barrage","Ball Lightning"],"picked":"Steam Power","floor":3},{"not_picked":["Scrape","Streamline"],"picked":"Beam Cell","floor":4},{"not_picked":["Go for the Eyes","Cold Snap"],"picked":"Loop","floor":5},{"not_picked":["Leap","Melter"],"picked":"Conserve Battery","floor":7},{"not_picked":["Barrage","Compile Driver"],"picked":"Biased Cognition","floor":12},{"not_picked":["Fusion","Ball Lightning"],"picked":"Cold Snap","floor":13},{"not_picked":["Ball Lightning","Turbo"],"picked":"Blizzard","floor":14},{"not_picked":["Hyperbeam","Meteor Strike"],"picked":"Amplify","floor":16},{"not_picked":["Conserve Battery","Steam"],"picked":"Coolheaded+1","floor":18},{"not_picked":["Lockon","Redo"],"picked":"Chill","floor":19},{"not_picked":["Rebound","Compile Driver+1"],"picked":"Cold Snap","floor":20},{"not_picked":["Stack","Sweeping Beam"],"picked":"Conserve Battery+1","floor":21},{"not_picked":["Hello World+1","Chaos"],"picked":"Defragment","floor":22},{"not_picked":["Streamline","Turbo"],"picked":"Chill","floor":24},{"not_picked":["Conserve Battery+1","Steam+1"],"picked":"Reboot","floor":28},{"not_picked":["Force Field+1","Ball Lightning"],"picked":"Fusion+1","floor":29},{"not_picked":["Beam Cell","Skim","Stack"],"picked":"SKIP","floor":31},{"not_picked":["Biased Cognition","Reboot"],"picked":"Electrodynamics","floor":33},{"not_picked":["Redo","Streamline+1","Barrage+1"],"picked":"SKIP","floor":35},{"not_picked":["Go for the Eyes","Steam Power"],"picked":"Chill","floor":36},{"not_picked":["Master of Strategy","Deep Breath"],"picked":"Magnetism","floor":37},{"not_picked":["Skim","Stack","Rebound"],"picked":"SKIP","floor":41},{"not_picked":["Biased Cognition","Rainbow"],"picked":"Multi-Cast","floor":50},{"not_picked":["Sunder","Melter"],"picked":"Hello World","floor":52},{"not_picked":["Steam","Hologram","Ball Lightning"],"picked":"SKIP","floor":55},{"not_picked":["Scrape","Steam","Conserve Battery"],"picked":"SKIP","floor":57},{"not_picked":["Coolheaded","Skim","Sunder"],"picked":"SKIP","floor":58},{"not_picked":["Lockon","Sweeping Beam","Steam"],"picked":"SKIP","floor":61},{"not_picked":["Ball Lightning","Reprogram","Redo"],"picked":"SKIP","floor":63},{"not_picked":["Darkness","Compile Driver"],"picked":"Core Surge","floor":64},{"not_picked":["Gash","Sweeping Beam"],"picked":"Heatsinks","floor":65},{"not_picked":["Multi-Cast","Electrodynamics"],"picked":"Biased Cognition","floor":67},{"not_picked":["Coolheaded","Rebound"],"picked":"Static Discharge","floor":69},{"not_picked":["Go for the Eyes","Gash"],"picked":"Defragment","floor":70},{"not_picked":["Sweeping Beam","Beam Cell"],"picked":"Loop+1","floor":72},{"not_picked":["Stack","Leap"],"picked":"Heatsinks","floor":73},{"not_picked":["Sunder","Fusion+1"],"picked":"Creative AI","floor":75},{"not_picked":["Heatsinks","Redo"],"picked":"Defragment+1","floor":77},{"not_picked":["Rebound","Turbo+1"],"picked":"Cold Snap+1","floor":79},{"not_picked":["Conserve Battery","Gash"],"picked":"Hello World+1","floor":80},{"not_picked":["Core Surge","Biased Cognition"],"picked":"Reboot","floor":84},{"not_picked":["Genetic Algorithm","Hologram+1"],"picked":"Storm","floor":86},{"not_picked":["Compile Driver+1","Scrape"],"picked":"Chill","floor":87},{"not_picked":["Cold Snap","Coolheaded+1"],"picked":"Sunder+1","floor":89},{"not_picked":["Steam+1","Coolheaded+1"],"picked":"Amplify","floor":92}],"player_experience":461274,"relics_obtained":[{"floor":9,"key":"Juzu Bracelet"},{"floor":24,"key":"Oddly Smooth Stone"},{"floor":26,"key":"Vajra"},{"floor":43,"key":"Whetstone"},{"floor":60,"key":"Anchor"},{"floor":64,"key":"Odd Mushroom"},{"floor":87,"key":"Gambling Chip"},{"floor":90,"key":"Girya"}],"event_choices":[{"event_name":"Living Wall","player_choice":"Grow","floor":2,"damage_taken":0},{"event_name":"The Cleric","player_choice":"Leave","floor":11,"damage_taken":0},{"event_name":"The Library","player_choice":"Read","floor":27,"damage_taken":0},{"event_name":"SensoryStone","player_choice":"Memory 1","floor":37,"damage_taken":0},{"event_name":"MindBloom","player_choice":"Upgrade","floor":38,"damage_taken":0},{"event_name":"Falling","player_choice":"Removed Attack","floor":39,"damage_taken":0},{"event_name":"Match and Keep!","player_choice":"1 cards matched","floor":42,"damage_taken":0},{"event_name":"Tomb of Lord Red Mask","player_choice":"Paid","floor":45,"damage_taken":0},{"event_name":"Winding Halls","player_choice":"Embrace Madness","floor":46,"damage_taken":0},{"event_name":"Golden Idol","player_choice":"Lose Max HP","floor":53,"damage_taken":0},{"event_name":"Scrap Ooze","player_choice":"success","floor":54,"damage_taken":3},{"event_name":"Match and Keep!","player_choice":"1 cards matched","floor":59,"damage_taken":0},{"event_name":"Mushrooms","player_choice":"Fought Mushrooms","floor":64,"damage_taken":0},{"event_name":"The Mausoleum","player_choice":"Yes","floor":81,"damage_taken":0},{"event_name":"Duplicator","player_choice":"One dupe","floor":82,"damage_taken":0},{"event_name":"MindBloom","player_choice":"Fight","floor":87,"damage_taken":0},{"event_name":"Mysterious Sphere","player_choice":"Fight","floor":90,"damage_taken":0}],"boss_relics":[{"not_picked":["Empty Cage","Eternal Feather"],"picked":"Runic Pyramid"},{"not_picked":["FrozenCore","Velvet Choker"],"picked":"Cursed Key"},{"not_picked":["Fusion Hammer","White Beast Statue"],"picked":"Inserter"},{"not_picked":["Velvet Choker","Pandora\u0027s Box"],"picked":"Coffee Dripper"},{"not_picked":["Tiny House","Fusion Hammer"],"picked":"Sozu"}],"items_purged_floors":[71,88],"is_endless":true,"potions_floor_spawned":[7,12,13,14,18,19,24,41,52,57,63,64,69,73,77,84,86,90,92],"killed_by":"Nemesis","ascension_level":0}