{"gold_per_floor":[119,135,15,35,0,34,34,34,34,54,67,78,78,88,88,193,193,213,193,56,76],"floor_reached":21,"playtime":2606,"items_purged":[],"score":185,"play_id":"b7520523-e41c-4337-ba4c-55f805ad8dca","local_time":"20190318165342","is_ascension_mode":false,"campfire_choices":[{"floor":7.0,"key":"REST"},{"floor":15.0,"key":"REST"}],"neow_cost":"NONE","seed_source_timestamp":0,"circlet_count":0,"master_deck":["Defend_G","Defend_G","Defend_G","Defend_G","Defend_G","Strike_G","Strike_G","Survivor","Neutralize","Masterful Stab","Underhanded Strike","Dodge and Roll","Caltrops","Deflect","Outmaneuver+1","Deflect+1","Dagger Throw","Dagger Spray","Tactician+1","After Image","Deflect+1","Night Terror+1","Tools of the Trade+1","Endless Agony+1","Underhanded Strike","Discovery+1","Expertise+1"],"special_seed":0,"relics":["Ring of the Snake","Toxic Egg 2","Lantern","Sundial","Calipers","Astrolabe"],"potions_floor_usage":[],"damage_taken":[{"damage":0.0,"enemies":"Cultist","floor":1.0,"turns":4.0},{"damage":0.0,"enemies":"2 Louse","floor":2.0,"turns":2.0},{"damage":6.0,"enemies":"Jaw Worm","floor":4.0,"turns":4.0},{"damage":18.0,"enemies":"Lagavulin","floor":6.0,"turns":8.0},{"damage":14.0,"enemies":"Lots of Slimes","floor":10.0,"turns":5.0},{"damage":12.0,"enemies":"Exordium Thugs","floor":11.0,"turns":7.0},{"damage":9.0,"enemies":"Gremlin Gang","floor":12.0,"turns":4.0},{"damage":3.0,"enemies":"Blue Slaver","floor":14.0,"turns":4.0},{"damage":54.0,"enemies":"Hexaghost","floor":16.0,"turns":16.0},{"damage":21.0,"enemies":"3 Byrds","floor":18.0,"turns":6.0},{"damage":20.0,"enemies":"2 Thieves","floor":19.0,"turns":4.0},{"damage":19.0,"enemies":"Centurion and Healer","floor":21.0,"turns":7.0}],"seed_played":"7683492781377826611","potions_obtained":[{"floor":2.0,"key":"Dexterity Potion"},{"floor":4.0,"key":"PowerPotion"},{"floor":11.0,"key":"Dexterity Potion"},{"floor":16.0,"key":"Swift Potion"}],"is_trial":false,"path_per_floor":["M","M","$","M","?","E","R","T","T","M","M","M","T","M","R","B",null,"M","M","$","M"],"character_chosen":"THE_SILENT","items_purchased":["Dodge and Roll","Caltrops","Discovery+1","Expertise+1"],"campfire_rested":2,"item_purchase_floors":[3,3,20,20],"current_hp_per_floor":[77,77,77,71,71,53,76,76,76,62,50,41,41,38,61,7,77,56,36,36,17],"gold":76,"neow_bonus":"TEN_PERCENT_HP_BONUS","is_prod":false,"is_daily":false,"chose_seed":false,"campfire_upgraded":0,"win_rate":0.0,"timestamp":1552942422,"path_taken":["M","?","?","M","?","E","R","?","T","M","?","M","?","M","R","BOSS","M","M","$","?"],"build_version":"2019-01-23","purchased_purges":0,"victory":false,"max_hp_per_floor":[77,77,77,77,77,77,77,77,77,77,77,77,77,77,77,77,77,77,77,77,77],"card_choices":[{"not_picked":["Backflip","Terror"],"picked":"Masterful Stab","floor":1.0},{"not_picked":["Outmaneuver","Masterful Stab"],"picked":"Underhanded Strike","floor":2.0},{"not_picked":["Phantasmal Killer","Deadly Poison"],"picked":"Deflect","floor":4.0},{"not_picked":["Underhanded Strike","A Thousand Cuts"],"picked":"Outmaneuver","floor":6.0},{"not_picked":["PiercingWail+1","Eviscerate"],"picked":"Deflect+1","floor":10.0},{"not_picked":["Dodge and Roll+1","Dagger Spray"],"picked":"Dagger Throw","floor":11.0},{"not_picked":["A Thousand Cuts","Dash"],"picked":"Dagger Spray","floor":12.0},{"not_picked":["Poisoned Stab","Quick Slash"],"picked":"Tactician+1","floor":14.0},{"not_picked":["Malaise+1","Envenom"],"picked":"After Image","floor":16.0},{"not_picked":["Backflip+1","PiercingWail+1"],"picked":"Endless Agony+1","floor":18.0},{"not_picked":["Caltrops","Sucker Punch"],"picked":"Underhanded Strike","floor":19.0}],"player_experience":11244,"relics_obtained":[{"floor":6.0,"key":"Toxic Egg 2"},{"floor":8.0,"key":"Lantern"},{"floor":9.0,"key":"Sundial"},{"floor":13.0,"key":"Calipers"}],"event_choices":[{"damage_healed":0.0,"max_hp_gain":0.0,"max_hp_loss":0.0,"gold_gain":0.0,"event_name":"World of Goop","player_choice":"Left Gold","floor":5.0,"gold_loss":35.0,"damage_taken":0.0}],"is_beta":false,"boss_relics":[{"not_picked":["Velvet Choker","HoveringKite"],"picked":"Astrolabe"}],"items_purged_floors":[],"is_endless":false,"potions_floor_spawned":[2,4,11,16,18],"killed_by":"Centurion and Healer","ascension_level":0}