{"gold_per_floor":[117,117,117,134,147,147,19,38,61,61,77,92,92,121,121,121],"floor_reached":16,"playtime":1708,"items_purged":["Strike_R"],"score":107,"play_id":"ec495f4d-1118-4c1b-b882-147c7e62bb27","local_time":"20190119170912","is_ascension_mode":true,"campfire_choices":[{"data":"Metallicize","floor":6,"key":"SMITH"},{"floor":13,"key":"REST"},{"data":"Body Slam","floor":15,"key":"SMITH"}],"neow_cost":"TEN_PERCENT_HP_LOSS","seed_source_timestamp":52325165750376,"circlet_count":0,"master_deck":["Strike_R","Strike_R","Strike_R","Strike_R","Defend_R","Defend_R","Defend_R","Defend_R","Bash","Shrug It Off","Metallicize+1","True Grit","Body Slam+1","Flame Barrier","Bandage Up","Shrug It Off","True Grit"],"relics":["Burning Blood","Ice Cream","Oddly Smooth Stone","Smiling Mask"],"potions_floor_usage":[16],"damage_taken":[{"damage":5,"enemies":"2 Louse","floor":1,"turns":3},{"damage":2,"enemies":"Small Slimes","floor":4,"turns":4},{"damage":3,"enemies":"Jaw Worm","floor":5,"turns":5},{"damage":39,"enemies":"Gremlin Gang","floor":8,"turns":9},{"damage":2,"enemies":"3 Louse","floor":11,"turns":5},{"damage":0,"enemies":"Red Slaver","floor":12,"turns":7},{"damage":15,"enemies":"Lagavulin","floor":14,"turns":19},{"damage":85,"enemies":"Hexaghost","floor":16,"turns":23}],"seed_played":"-5680076359855833393","potions_obtained":[{"floor":8,"key":"Dexterity Potion"},{"floor":11,"key":"FairyPotion"}],"is_trial":false,"path_per_floor":["M","?","?","M","M","R","$","M","T","?","M","M","R","E","R","B"],"character_chosen":"IRONCLAD","items_purchased":["Body Slam"],"campfire_rested":1,"item_purchase_floors":[7],"current_hp_per_floor":[72,72,72,72,72,72,72,39,39,39,47,57,72,66,66,0],"gold":121,"neow_bonus":"ONE_RARE_RELIC","is_prod":false,"is_daily":false,"chose_seed":false,"campfire_upgraded":2,"win_rate":0,"timestamp":1547939352,"path_taken":["M","?","?","?","M","R","$","?","T","?","M","M","R","E","R","BOSS"],"build_version":"2019-01-17v2","purchased_purges":1,"victory":false,"max_hp_per_floor":[72,72,72,72,72,72,72,72,72,72,72,72,72,72,72,72],"card_choices":[{"not_picked":["Cleave","Uppercut"],"picked":"Shrug It Off","floor":1},{"not_picked":["Flex","True Grit"],"picked":"Metallicize","floor":4},{"not_picked":["Burning Pact","Pommel Strike"],"picked":"True Grit","floor":5},{"not_picked":["Thunderclap","Shockwave"],"picked":"Flame Barrier","floor":8},{"not_picked":["Perfected Strike","Twin Strike"],"picked":"Shrug It Off","floor":11},{"not_picked":["Thunderclap","Ghostly Armor"],"picked":"True Grit","floor":12},{"not_picked":["Cleave","Wild Strike","Sword Boomerang"],"picked":"SKIP","floor":14}],"player_experience":206347,"relics_obtained":[{"floor":9,"key":"Oddly Smooth Stone"},{"floor":14,"key":"Smiling Mask"}],"event_choices":[{"damage_healed":0,"gold_gain":0,"player_choice":"Ignored","damage_taken":0,"max_hp_gain":0,"max_hp_loss":0,"event_name":"Shining Light","floor":2,"gold_loss":0},{"damage_healed":0,"gold_gain":0,"player_choice":"Ignored","damage_taken":0,"max_hp_gain":0,"max_hp_loss":0,"event_name":"Liars Game","floor":3,"gold_loss":0},{"damage_healed":0,"gold_gain":0,"player_choice":"1 cards matched","damage_taken":0,"max_hp_gain":0,"max_hp_loss":0,"event_name":"Match and Keep!","floor":10,"gold_loss":0,"cards_obtained":["Bandage Up"]}],"is_beta":false,"boss_relics":[],"items_purged_floors":[7],"is_endless":false,"potions_floor_spawned":[8,11],"killed_by":"Hexaghost","ascension_level":1}