{"gold_per_floor":[118,118,141,161,161,205,205,244,244,268,233,266,266,266,266,359,359,374,374,394,394],"floor_reached":21,"playtime":748,"items_purged":[],"score":374,"play_id":"2fe89fb2-4116-4209-99e8-8e2392b0217d","local_time":"20190506120651","is_ascension_mode":true,"campfire_choices":[{"data":"Metallicize","floor":7.0,"key":"SMITH"},{"data":"Metallicize","floor":13,"key":"SMITH"},{"floor":15,"key":"REST"}],"neow_cost":"CURSE","seed_source_timestamp":130080876740200,"circlet_count":0,"master_deck":["AscendersBane","Strike_R","Strike_R","Strike_R","Strike_R","Strike_R","Defend_R","Defend_R","Defend_R","Defend_R","Bash","Immolate+1","Metallicize+1","Rampage","Metallicize+1","Thunderclap","Barricade","Metallicize","Immolate+1","Shrug It Off"],"special_seed":0,"relics":["Burning Blood","Golden Idol","Pear","Dream Catcher","Matryoshka","Oddly Smooth Stone","Runic Pyramid"],"potions_floor_usage":[],"damage_taken":[{"damage":0.0,"enemies":"2 Louse","floor":1.0,"turns":1.0},{"damage":10.0,"enemies":"Cultist","floor":3.0,"turns":5.0},{"damage":4.0,"enemies":"Small Slimes","floor":4.0,"turns":3.0},{"damage":14.0,"enemies":"3 Sentries","floor":6.0,"turns":5.0},{"damage":46.0,"enemies":"Gremlin Nob","floor":8.0,"turns":5.0},{"damage":2.0,"enemies":"2 Fungi Beasts","floor":10.0,"turns":3.0},{"damage":17,"enemies":"3 Sentries","floor":12,"turns":7},{"damage":42,"enemies":"The Guardian","floor":16,"turns":12},{"damage":27,"enemies":"Chosen","floor":18,"turns":7},{"damage":23,"enemies":"2 Thieves","floor":20,"turns":3},{"damage":35,"enemies":"Snake Plant","floor":21,"turns":4}],"seed_played":"-5782931225568545843","potions_obtained":[{"floor":1.0,"key":"SkillPotion"},{"floor":6.0,"key":"Swift Potion"},{"floor":8.0,"key":"SpeedPotion"},{"floor":20,"key":"LiquidBronze"}],"is_trial":false,"path_per_floor":["M","?","M","M","?","E","R","E","T","M","?","E","R","?","R","B",null,"M","?","M","M"],"character_chosen":"IRONCLAD","items_purchased":[],"campfire_rested":1,"item_purchase_floors":[],"current_hp_per_floor":[74,48,44,46,46,48,48,8,8,12,33,22,22,22,47,11,67,46,46,29,0],"gold":394,"neow_bonus":"THREE_RARE_CARDS","is_prod":false,"is_daily":false,"chose_seed":false,"campfire_upgraded":2,"win_rate":0,"timestamp":1557137211,"path_taken":["M","?","M","M","?","E","R","E","T","?","?","E","R","?","R","BOSS","M","?","?","M"],"build_version":"2019-01-23","purchased_purges":0,"victory":false,"max_hp_per_floor":[75,75,75,75,75,85,85,85,85,85,85,85,85,85,85,85,85,85,85,85,85],"card_choices":[{"not_picked":["Fiend Fire","Impervious"],"picked":"Immolate","floor":0.0},{"not_picked":["Havoc","Sever Soul","Cleave"],"picked":"SKIP","floor":1.0},{"not_picked":["Blood for Blood","Seeing Red","Heavy Blade"],"picked":"SKIP","floor":3.0},{"not_picked":["Shockwave","Entrench"],"picked":"Metallicize","floor":4.0},{"not_picked":["Perfected Strike","Warcry","Sever Soul"],"picked":"SKIP","floor":6.0},{"not_picked":["Burning Pact","Wild Strike"],"picked":"Rampage","floor":8.0},{"not_picked":["Clash","Pummel"],"picked":"Metallicize","floor":10.0},{"not_picked":["Anger","Battle Trance"],"picked":"Thunderclap","floor":12},{"not_picked":["Immolate","Brutality"],"picked":"Barricade","floor":16},{"not_picked":["Warcry","Headbutt"],"picked":"Metallicize","floor":18},{"not_picked":["Fire Breathing","Ghostly Armor"],"picked":"Shrug It Off","floor":20}],"player_experience":663296,"relics_obtained":[{"floor":6.0,"key":"Pear"},{"floor":8.0,"key":"Dream Catcher"},{"floor":9.0,"key":"Matryoshka"},{"floor":12,"key":"Oddly Smooth Stone"}],"event_choices":[{"damage_healed":0.0,"max_hp_gain":0.0,"max_hp_loss":0.0,"gold_gain":0.0,"event_name":"Golden Idol","player_choice":"Take Damage","floor":2.0,"gold_loss":0.0,"damage_taken":26.0,"relics_obtained":["Golden Idol"]},{"damage_healed":0.0,"max_hp_gain":0.0,"max_hp_loss":0.0,"gold_gain":0.0,"event_name":"Upgrade Shrine","player_choice":"Upgraded","floor":5.0,"gold_loss":0.0,"damage_taken":0.0,"cards_upgraded":["Immolate"]},{"damage_healed":21.0,"max_hp_gain":0.0,"max_hp_loss":0.0,"gold_gain":0.0,"event_name":"The Cleric","player_choice":"Healed","floor":11.0,"gold_loss":35.0,"damage_taken":0.0},{"cards_removed":["Doubt"],"damage_healed":0,"gold_gain":0,"player_choice":"Forget","damage_taken":0,"max_hp_gain":0,"max_hp_loss":0,"event_name":"Living Wall","floor":14,"gold_loss":0},{"damage_healed":0,"gold_gain":0,"player_choice":"Copied","damage_taken":0,"max_hp_gain":0,"max_hp_loss":0,"event_name":"Duplicator","floor":19,"gold_loss":0,"cards_obtained":["Immolate"]}],"is_beta":false,"boss_relics":[{"not_picked":["Coffee Dripper","White Beast Statue"],"picked":"Runic Pyramid"}],"items_purged_floors":[],"is_endless":false,"potions_floor_spawned":[1,6,8,20],"killed_by":"Snake Plant","ascension_level":18}