{"gold_per_floor":[111,61,113,125,125,150,150,169,169,195,258,258,258,276,276,380,380,400,400,499,499,49,83,94,123,148,162,175,203,118,132,132,232,232,243,298,398,417,427,427,459,459,508,508,540,540,574,584,584,584,584,584,72,106,106],"floor_reached":56,"playtime":3474,"items_purged":["Decay","Regret"],"score":1586,"play_id":"d255ba52-dd16-46da-8bdf-c4df46846a1a","local_time":"20190427193201","is_ascension_mode":true,"campfire_choices":[{"data":"Noxious Fumes","floor":7,"key":"SMITH"},{"data":"Deadly Poison","floor":13,"key":"SMITH"},{"data":"Neutralize","floor":15,"key":"SMITH"},{"data":"Sadistic Nature","floor":32,"key":"SMITH"},{"floor":40,"key":"RECALL"},{"data":"After Image","floor":42,"key":"SMITH"},{"data":"Noxious Fumes","floor":44,"key":"SMITH"},{"data":"After Image","floor":49,"key":"SMITH"},{"data":"Adrenaline","floor":52,"key":"SMITH"}],"neow_cost":"NONE","seed_source_timestamp":4060584672648832,"circlet_count":0,"master_deck":["Defend_G","Defend_G","Defend_G","Defend_G","Defend_G+1","Strike_G","Strike_G","Strike_G","Strike_G","Survivor+1","Neutralize+1","Noxious Fumes+1","Deadly Poison+1","Calculated Gamble","Acrobatics","Dodge and Roll","Die Die Die","Backflip","Venomology","Bouncing Flask+1","Noxious Fumes+1","Sadistic Nature+1","Dagger Throw+1","Cloak And Dagger+1","Acrobatics+1","Predator","Expertise","Adrenaline+1","Noxious Fumes+1","Sucker Punch+1","PiercingWail","After Image+1","Writhe","Cloak And Dagger+1","After Image+1","Crippling Poison","Leg Sweep","Catalyst","Impatience","Endless Agony"],"relics":["Cursed Key","Oddly Smooth Stone","Happy Flower","Kunai","War Paint","Pen Nib","Runic Dome","Membership Card","PreservedInsect","StoneCalendar","Boot","Lantern","Turnip","Bag of Preparation","Philosopher\u0027s Stone","Incense Burner","Pocketwatch","Shuriken","Ginger","Torii","Dodecahedron","Medical Kit","Blood Vial","Anchor"],"potions_floor_usage":[10,10,23,24,25,27,28,29,35,37,38,41,45,55,55,55,55,55,55],"damage_taken":[{"damage":0,"enemies":"2 Louse","floor":1,"turns":2},{"damage":0,"enemies":"Jaw Worm","floor":4,"turns":4},{"damage":21,"enemies":"Lagavulin","floor":6,"turns":8},{"damage":0,"enemies":"Small Slimes","floor":8,"turns":4},{"damage":15,"enemies":"Gremlin Nob","floor":10,"turns":4},{"damage":12,"enemies":"3 Sentries","floor":11,"turns":8},{"damage":0,"enemies":"Looter","floor":14,"turns":3},{"damage":0,"enemies":"Hexaghost","floor":16,"turns":9},{"damage":14,"enemies":"Chosen","floor":18,"turns":5},{"damage":1,"enemies":"Book of Stabbing","floor":23,"turns":5},{"damage":4,"enemies":"2 Thieves","floor":24,"turns":4},{"damage":2,"enemies":"Slavers","floor":25,"turns":4},{"damage":5,"enemies":"Centurion and Healer","floor":27,"turns":6},{"damage":0,"enemies":"Snake Plant","floor":28,"turns":4},{"damage":0,"enemies":"Gremlin Leader","floor":29,"turns":5},{"damage":2,"enemies":"Chosen and Byrds","floor":31,"turns":3},{"damage":5,"enemies":"Collector","floor":33,"turns":7},{"damage":5,"enemies":"3 Darklings","floor":35,"turns":4},{"damage":11,"enemies":"2 Orb Walkers","floor":36,"turns":5},{"damage":1,"enemies":"Mind Bloom Boss Battle","floor":37,"turns":6},{"damage":0,"enemies":"3 Shapes","floor":38,"turns":3},{"damage":0,"enemies":"Maw","floor":39,"turns":5},{"damage":0,"enemies":"Nemesis","floor":41,"turns":5},{"damage":17,"enemies":"Reptomancer","floor":45,"turns":6},{"damage":0,"enemies":"Nemesis","floor":47,"turns":5},{"damage":1,"enemies":"3 Darklings","floor":48,"turns":4},{"damage":53,"enemies":"Time Eater","floor":50,"turns":12},{"damage":0,"enemies":"Shield and Spear","floor":54,"turns":5},{"damage":0,"enemies":"The Heart","floor":55,"turns":8}],"seed_played":"517373142377679687","potions_obtained":[{"floor":1,"key":"Regen Potion"},{"floor":8,"key":"FearPotion"},{"floor":11,"key":"GhostInAJar"},{"floor":16,"key":"FearPotion"},{"floor":18,"key":"GhostInAJar"},{"floor":24,"key":"Regen Potion"},{"floor":45,"key":"Dexterity Potion"}],"is_trial":false,"path_per_floor":["M","?","T","M","?","E","R","M","T","E","?","?","R","M","R","B",null,"M","?","?","?","$","E","M","E","T","M","M","E","?","M","R","B",null,"M","?","?","M","M","R","E","R","T","R","E","?","E","M","R","B",null,"R","$","E","B",null],"character_chosen":"THE_SILENT","items_purchased":["Membership Card","PreservedInsect","Noxious Fumes","Sadistic Nature","Leg Sweep","Catalyst","Dodecahedron","Medical Kit","Blood Vial","Impatience","Endless Agony","Dexterity Potion"],"campfire_rested":0,"item_purchase_floors":[22,22,22,22,53,53,53,53,53,53,53,53],"current_hp_per_floor":[70,70,70,70,63,42,42,42,42,41,29,34,34,34,34,34,75,61,47,47,73,73,72,68,66,66,76,76,76,76,74,74,69,80,75,64,78,78,78,78,78,78,78,78,75,75,75,74,74,21,80,80,80,80,80],"gold":106,"neow_bonus":"BOSS_RELIC","is_prod":false,"is_daily":false,"chose_seed":false,"campfire_upgraded":8,"win_rate":0,"timestamp":1556407921,"path_taken":["M","?","?","M","?","E","R","M","T","E","?","?","R","?","R","BOSS","M","?","?","?","?","E","M","E","T","M","M","E","?","M","R","BOSS","M","?","?","M","M","R","E","R","T","R","E","?","E","M","R","BOSS","R","$","E","BOSS"],"build_version":"2019-04-23","purchased_purges":2,"victory":true,"max_hp_per_floor":[70,70,70,70,70,70,70,70,70,70,70,75,75,75,75,75,75,75,80,80,80,80,80,80,80,80,80,80,80,80,80,80,80,80,80,80,80,80,80,80,80,80,80,80,80,80,80,80,80,80,80,80,80,80,80],"card_choices":[{"not_picked":["Accuracy","Dagger Throw"],"picked":"Noxious Fumes","floor":1},{"not_picked":["Poisoned Stab","Cloak And Dagger"],"picked":"Deadly Poison","floor":4},{"not_picked":["Concentrate","Underhanded Strike"],"picked":"Calculated Gamble","floor":6},{"not_picked":["Slice","Deflect"],"picked":"Acrobatics","floor":8},{"not_picked":["Finisher","Reflex"],"picked":"Dodge and Roll","floor":10},{"not_picked":["Prepared","Choke"],"picked":"Die Die Die","floor":11},{"not_picked":["Sucker Punch","Cloak And Dagger"],"picked":"Backflip","floor":14},{"not_picked":["Storm of Steel","Glass Knife"],"picked":"Venomology","floor":16},{"not_picked":["Setup","Quick Slash"],"picked":"Bouncing Flask+1","floor":18},{"not_picked":["Eviscerate","Prepared"],"picked":"Dagger Throw+1","floor":23},{"not_picked":["Outmaneuver","Dagger Throw","Reflex"],"picked":"SKIP","floor":24},{"not_picked":["Dodge and Roll+1","Venomology"],"picked":"Cloak And Dagger+1","floor":25},{"not_picked":["Noxious Fumes+1","Poisoned Stab"],"picked":"Acrobatics+1","floor":27},{"not_picked":["Deadly Poison","Heel Hook"],"picked":"Predator","floor":28},{"not_picked":["Noxious Fumes","Terror"],"picked":"Expertise","floor":29},{"not_picked":["Caltrops","Outmaneuver","Quick Slash"],"picked":"SKIP","floor":31},{"not_picked":["Unload","After Image"],"picked":"Adrenaline","floor":33},{"not_picked":["Outmaneuver","Deflect+1","Blade Dance+1"],"picked":"SKIP","floor":35},{"not_picked":["Flechettes+1","Expertise"],"picked":"Noxious Fumes+1","floor":36},{"not_picked":["Calculated Gamble+1","Flying Knee"],"picked":"Sucker Punch+1","floor":37},{"not_picked":["Caltrops","Cloak And Dagger"],"picked":"PiercingWail","floor":38},{"not_picked":["Cloak And Dagger","Dodge and Roll","Bouncing Flask"],"picked":"SKIP","floor":39},{"not_picked":["Blade Dance+1","Deflect+1"],"picked":"After Image","floor":41},{"not_picked":["Deflect","Blade Dance"],"picked":"Cloak And Dagger+1","floor":45},{"not_picked":["Bane","Caltrops"],"picked":"After Image","floor":47},{"not_picked":["Deflect","Dagger Throw"],"picked":"Crippling Poison","floor":48},{"not_picked":["Crippling Poison+1","Finisher+1","Underhanded Strike+1"],"picked":"SKIP","floor":54}],"player_experience":5520172,"relics_obtained":[{"floor":3,"key":"Oddly Smooth Stone"},{"floor":6,"key":"Happy Flower"},{"floor":9,"key":"Kunai"},{"floor":10,"key":"War Paint"},{"floor":11,"key":"Pen Nib"},{"floor":23,"key":"StoneCalendar"},{"floor":25,"key":"Boot"},{"floor":26,"key":"Lantern"},{"floor":29,"key":"Turnip"},{"floor":36,"key":"Incense Burner"},{"floor":37,"key":"Pocketwatch"},{"floor":41,"key":"Shuriken"},{"floor":45,"key":"Ginger"},{"floor":47,"key":"Torii"},{"floor":54,"key":"Anchor"}],"event_choices":[{"cards_removed":["Strike_G"],"damage_healed":0,"gold_gain":0,"player_choice":"Card Removal","damage_taken":0,"max_hp_gain":0,"max_hp_loss":0,"event_name":"The Cleric","floor":2,"gold_loss":50},{"cards_removed":["Normality"],"damage_healed":0,"gold_gain":0,"player_choice":"Card Removal","damage_taken":7,"max_hp_gain":0,"max_hp_loss":0,"event_name":"Golden Wing","floor":5,"gold_loss":0},{"damage_healed":0,"gold_gain":0,"player_choice":"Searched \u00271\u0027 times","damage_taken":0,"max_hp_gain":0,"max_hp_loss":0,"event_name":"Dead Adventurer","floor":11,"gold_loss":0},{"damage_healed":0,"gold_gain":0,"player_choice":"Donut","damage_taken":0,"max_hp_gain":5,"max_hp_loss":0,"event_name":"Big Fish","floor":12,"gold_loss":0},{"damage_healed":0,"gold_gain":0,"player_choice":"Shed Blood","damage_taken":19,"max_hp_gain":5,"max_hp_loss":0,"event_name":"Forgotten Altar","floor":19,"gold_loss":0},{"damage_healed":0,"gold_gain":99,"player_choice":"Stole From Cult","damage_taken":0,"max_hp_gain":0,"max_hp_loss":0,"event_name":"Nest","floor":20,"gold_loss":0},{"damage_healed":26,"gold_gain":0,"player_choice":"Heal","damage_taken":0,"max_hp_gain":0,"max_hp_loss":0,"event_name":"The Library","floor":21,"gold_loss":0},{"damage_healed":0,"gold_gain":0,"player_choice":"Obtained Relic","damage_taken":0,"relics_obtained":["Bag of Preparation"],"max_hp_gain":0,"max_hp_loss":0,"event_name":"Addict","floor":30,"gold_loss":85},{"damage_healed":0,"gold_gain":0,"player_choice":"Fight","damage_taken":0,"max_hp_gain":0,"max_hp_loss":0,"event_name":"Mysterious Sphere","floor":36,"gold_loss":0},{"damage_healed":0,"gold_gain":0,"player_choice":"Fight","damage_taken":0,"max_hp_gain":0,"max_hp_loss":0,"event_name":"MindBloom","floor":37,"gold_loss":0},{"damage_healed":0,"gold_gain":0,"player_choice":"Ignored","damage_taken":0,"max_hp_gain":0,"max_hp_loss":0,"event_name":"Tomb of Lord Red Mask","floor":46,"gold_loss":0}],"is_beta":true,"boss_relics":[{"not_picked":["Black Star","Velvet Choker"],"picked":"Runic Dome"},{"not_picked":["Sozu","Lizard Tail"],"picked":"Philosopher\u0027s Stone"}],"items_purged_floors":[22,53],"is_endless":false,"potions_floor_spawned":[1,8,11,16,18,24,31,36,39,45,47],"ascension_level":1}