{"gold_per_floor":[115,115,115,132,145,145,178,178,204,216,256,279,302,314,326,338],"floor_reached":16,"playtime":432,"items_purged":[],"score":187,"play_id":"c6d0ea82-856a-4644-b881-e135eaddc768","local_time":"20190424171144","is_ascension_mode":true,"campfire_choices":[{"data":"Streamline","floor":6,"key":"SMITH"},{"data":"Hologram","floor":8,"key":"SMITH"},{"data":"Self Repair","floor":10,"key":"SMITH"},{"data":"Hyperbeam","floor":15,"key":"SMITH"}],"neow_cost":"NONE","seed_source_timestamp":1135448813960691,"circlet_count":0,"master_deck":["AscendersBane","Strike_B","Strike_B","Strike_B","Strike_B","Defend_B","Defend_B","Defend_B","Defend_B","Zap","Dualcast","Conserve Battery","Self Repair+1","Streamline+1","Hologram+1","Hyperbeam+1"],"relics":["Cracked Core","NeowsBlessing","Strawberry","Singing Bowl","MawBank","Blood Vial"],"potions_floor_usage":[7,7],"damage_taken":[{"damage":0,"enemies":"2 Louse","floor":1,"turns":1},{"damage":0,"enemies":"Jaw Worm","floor":4,"turns":1},{"damage":0,"enemies":"Cultist","floor":5,"turns":1},{"damage":23,"enemies":"Lagavulin","floor":7,"turns":5},{"damage":26,"enemies":"3 Sentries","floor":11,"turns":7},{"damage":10,"enemies":"Looter","floor":12,"turns":4},{"damage":0,"enemies":"Large Slime","floor":13,"turns":4},{"damage":48,"enemies":"Slime Boss","floor":16,"turns":7}],"seed_played":"-3548169076274612851","potions_obtained":[{"floor":1,"key":"AttackPotion"},{"floor":4,"key":"SkillPotion"},{"floor":12,"key":"Poison Potion"}],"is_trial":false,"path_per_floor":["M","?","?","M","M","R","E","R","T","R","E","M","M","$","R","B"],"character_chosen":"DEFECT","items_purchased":[],"campfire_rested":0,"item_purchase_floors":[],"current_hp_per_floor":[64,53,53,53,53,53,37,37,37,37,21,25,39,39,39,0],"gold":338,"neow_bonus":"THREE_ENEMY_KILL","is_prod":false,"is_daily":false,"chose_seed":false,"campfire_upgraded":4,"win_rate":0,"timestamp":1556136704,"path_taken":["M","?","?","?","M","R","E","R","T","R","E","M","M","$","R","BOSS"],"build_version":"2019-01-23","purchased_purges":0,"victory":false,"max_hp_per_floor":[71,78,78,78,78,78,78,78,78,78,78,80,82,82,82,82],"card_choices":[{"not_picked":["Aggregate","Fusion"],"picked":"Conserve Battery","floor":1},{"not_picked":["Glacier","Cold Snap"],"picked":"Self Repair","floor":4},{"not_picked":["Redo","Sweeping Beam"],"picked":"Streamline","floor":5},{"not_picked":["Compile Driver","Reprogram"],"picked":"Hologram","floor":7},{"not_picked":["Steam Power","Hologram"],"picked":"Hyperbeam","floor":11},{"not_picked":["Streamline","Lockon","Scrape"],"picked":"Singing Bowl","floor":12},{"not_picked":["BootSequence","Consume","Coolheaded"],"picked":"Singing Bowl","floor":13}],"player_experience":1189476,"relics_obtained":[{"floor":7,"key":"Singing Bowl"},{"floor":9,"key":"MawBank"},{"floor":11,"key":"Blood Vial"}],"event_choices":[{"damage_healed":0,"gold_gain":0,"player_choice":"Success","damage_taken":18,"relics_obtained":["Strawberry"],"max_hp_gain":0,"max_hp_loss":0,"event_name":"Scrap Ooze","floor":2,"gold_loss":0},{"damage_healed":0,"gold_gain":0,"player_choice":"0 cards matched","damage_taken":0,"max_hp_gain":0,"max_hp_loss":0,"event_name":"Match and Keep!","floor":3,"gold_loss":0,"cards_obtained":[]}],"is_beta":false,"boss_relics":[],"items_purged_floors":[],"is_endless":false,"potions_floor_spawned":[1,4,12],"killed_by":"Slime Boss","ascension_level":14}