{"gold_per_floor":[113,21,36,36,36,92,92,120,120,155,330,357,357,372,372,476,476,490,502,106,156,190,190,216,243,289,302,302,313,343,343],"floor_reached":31,"playtime":1177,"items_purged":["Regret"],"score":470,"play_id":"a52d437e-c4ea-477e-b82d-4def3bae445c","local_time":"20190301025643","is_ascension_mode":true,"campfire_choices":[{"data":"Self Repair","floor":7,"key":"SMITH"},{"floor":13,"key":"REST"},{"data":"Buffer","floor":15,"key":"SMITH"},{"floor":23,"key":"REST"}],"neow_cost":"NONE","seed_source_timestamp":1256996671155698,"circlet_count":0,"master_deck":["Strike_B","Strike_B+1","Strike_B","Strike_B+1","Defend_B+1","Defend_B","Defend_B","Defend_B","Zap+1","Dualcast","Turbo","Self Repair+1","Cold Snap","Go for the Eyes","Buffer+1","Fusion","Doubt","Conserve Battery","Capacitor+1","Buffer+1","Static Discharge+1","Defragment+1","Creative AI+1","Hologram","Conserve Battery","Conserve Battery","Leap+1","Coolheaded+1","Consume+1","Chaos+1","Loop+1"],"relics":["Cracked Core","NeowsBlessing","Anchor","Pen Nib","Tiny Chest","Ancient Tea Set","Frozen Egg 2","StoneCalendar","Emotion Chip","Orrery","Membership Card","Toxic Egg 2","Whetstone","Red Mask","Question Card","Blood Vial","War Paint"],"potions_floor_usage":[8,10,12,22,24,31],"damage_taken":[{"damage":0,"enemies":"Jaw Worm","floor":1,"turns":1},{"damage":0,"enemies":"Small Slimes","floor":3,"turns":1},{"damage":0,"enemies":"Gremlin Nob","floor":6,"turns":1},{"damage":30,"enemies":"3 Sentries","floor":8,"turns":9},{"damage":11,"enemies":"Gremlin Nob","floor":10,"turns":4},{"damage":19,"enemies":"Lagavulin","floor":12,"turns":6},{"damage":7,"enemies":"Cultist","floor":14,"turns":3},{"damage":21,"enemies":"Slime Boss","floor":16,"turns":10},{"damage":27,"enemies":"2 Thieves","floor":18,"turns":3},{"damage":18,"enemies":"Chosen","floor":19,"turns":6},{"damage":38,"enemies":"Masked Bandits","floor":22,"turns":7},{"damage":17,"enemies":"Book of Stabbing","floor":24,"turns":7},{"damage":4,"enemies":"Snecko","floor":27,"turns":5},{"damage":11,"enemies":"Snake Plant","floor":29,"turns":7},{"damage":30,"enemies":"Gremlin Leader","floor":30,"turns":12},{"damage":36,"enemies":"Cultist and Chosen","floor":31,"turns":6}],"seed_played":"-2265279284430157484","potions_obtained":[{"floor":3,"key":"PowerPotion"},{"floor":6,"key":"PowerPotion"},{"floor":8,"key":"PowerPotion"},{"floor":12,"key":"SpeedPotion"},{"floor":18,"key":"SneckoOil"},{"floor":24,"key":"Strength Potion"},{"floor":30,"key":"SkillPotion"}],"is_trial":false,"path_per_floor":["M","$","M","?","?","E","R","E","T","E","?","E","R","M","R","B",null,"M","M","$","T","?","R","E","T","T","M","?","M","E","M"],"character_chosen":"DEFECT","items_purchased":["Self Repair","Cold Snap","Membership Card","Toxic Egg 2","Leap+1"],"campfire_rested":2,"item_purchase_floors":[2,2,20,20,20],"current_hp_per_floor":[68,68,68,68,50,50,50,30,30,29,29,20,42,45,45,34,65,38,40,40,40,12,34,27,27,27,35,35,36,18,0],"gold":343,"neow_bonus":"THREE_ENEMY_KILL","is_prod":false,"is_daily":false,"chose_seed":false,"campfire_upgraded":2,"win_rate":0,"timestamp":1551419803,"path_taken":["M","$","M","?","?","E","R","E","T","E","?","E","R","?","R","BOSS","M","M","$","?","?","R","E","?","T","M","?","M","E","M"],"build_version":"2019-01-23","purchased_purges":1,"victory":false,"max_hp_per_floor":[75,75,75,75,75,75,75,75,75,75,75,75,75,75,75,75,75,75,75,75,75,75,75,75,75,75,75,75,75,75,75],"card_choices":[{"not_picked":["Steam","Stack"],"picked":"Turbo","floor":1},{"not_picked":["Scrape","BootSequence","Steam Power"],"picked":"SKIP","floor":3},{"not_picked":["Compile Driver","Recycle"],"picked":"Go for the Eyes","floor":6},{"not_picked":["Chaos","Compile Driver"],"picked":"Buffer","floor":8},{"not_picked":["Turbo","Force Field"],"picked":"Fusion","floor":10},{"not_picked":["Gash","Leap"],"picked":"Conserve Battery","floor":12},{"not_picked":["Steam","Tempest"],"picked":"Capacitor+1","floor":14},{"not_picked":["Hyperbeam","Thunder Strike"],"picked":"Buffer+1","floor":16},{"not_picked":["Stack","Melter"],"picked":"Static Discharge+1","floor":17},{"not_picked":["Redo","Streamline"],"picked":"Defragment+1","floor":17},{"not_picked":["Fusion","Undo"],"picked":"Creative AI+1","floor":17},{"not_picked":["Gash","Ball Lightning"],"picked":"Hologram","floor":17},{"not_picked":["Rebound","BootSequence+1"],"picked":"Conserve Battery","floor":18},{"not_picked":["Steam Power","Reprogram"],"picked":"Conserve Battery","floor":19},{"not_picked":["Cold Snap","Stack+1"],"picked":"Coolheaded+1","floor":22},{"not_picked":["Doom and Gloom+1","Steam Power+1","Sweeping Beam+1"],"picked":"SKIP","floor":24},{"not_picked":["Rip and Tear","Redo+1","BootSequence+1"],"picked":"Consume+1","floor":27},{"not_picked":["Steam Power+1","Heatsinks+1","Go for the Eyes"],"picked":"Chaos+1","floor":29},{"not_picked":["Undo+1","Glacier+1","Streamline"],"picked":"Loop+1","floor":30}],"player_experience":868603,"relics_obtained":[{"floor":6,"key":"Tiny Chest"},{"floor":8,"key":"Ancient Tea Set"},{"floor":9,"key":"Frozen Egg 2"},{"floor":10,"key":"StoneCalendar"},{"floor":12,"key":"Emotion Chip"},{"floor":21,"key":"Whetstone"},{"floor":22,"key":"Red Mask"},{"floor":24,"key":"Question Card"},{"floor":25,"key":"Blood Vial"},{"floor":30,"key":"War Paint"}],"event_choices":[{"damage_healed":0,"gold_gain":0,"player_choice":"Box","damage_taken":0,"relics_obtained":["Anchor"],"max_hp_gain":0,"max_hp_loss":0,"event_name":"Big Fish","floor":4,"gold_loss":0,"cards_obtained":["Regret"]},{"damage_healed":0,"gold_gain":0,"player_choice":"Success","damage_taken":18,"relics_obtained":["Pen Nib"],"max_hp_gain":0,"max_hp_loss":0,"event_name":"Scrap Ooze","floor":5,"gold_loss":0},{"damage_healed":0,"gold_gain":175,"player_choice":"AGREE","damage_taken":0,"max_hp_gain":0,"max_hp_loss":0,"event_name":"Liars Game","floor":11,"gold_loss":0,"cards_obtained":["Doubt"]},{"damage_healed":0,"gold_gain":0,"player_choice":"Fought Bandits","damage_taken":0,"max_hp_gain":0,"max_hp_loss":0,"event_name":"Masked Bandits","floor":22,"gold_loss":0},{"damage_healed":0,"gold_gain":0,"player_choice":"Ignored","damage_taken":0,"max_hp_gain":0,"max_hp_loss":0,"event_name":"Cursed Tome","floor":28,"gold_loss":0}],"is_beta":false,"boss_relics":[{"not_picked":["Lizard Tail","Runic Dome"],"picked":"Orrery"}],"items_purged_floors":[20],"is_endless":false,"potions_floor_spawned":[3,6,8,12,18,24,30],"killed_by":"Cultist and Chosen","ascension_level":9}