{"gold_per_floor":[119,132,132,232,245,272,284,311,388,398,431,442,460,476,476,577,577,592,507,525,1,1,326,326,356,356,372,387,421,431,431,431,528,528,547,256,256,275,285,315,36,70,94,94,94,123,133,146,146,146],"floor_reached":51,"playtime":4535,"items_purged":["Strike_R","Strike_R","Strike_R"],"score":946,"play_id":"ae70739b-0df5-4955-9fa5-bf25bd2b590f","local_time":"20190325144459","is_ascension_mode":false,"campfire_choices":[{"data":"Armaments","floor":15,"key":"SMITH"},{"data":"Pommel Strike","floor":24,"key":"SMITH"},{"floor":32,"key":"REST"},{"data":"Flame Barrier","floor":45,"key":"SMITH"},{"data":"Barricade","floor":49,"key":"SMITH"}],"neow_cost":"TEN_PERCENT_HP_LOSS","seed_source_timestamp":358682359689246,"circlet_count":0,"master_deck":["Strike_R+1","Strike_R","Defend_R+1","Defend_R","Defend_R","Defend_R","Bash","Inflame+1","Pommel Strike+1","Whirlwind+1","Barricade+1","Ghostly Armor+1","Sword Boomerang","Entrench","Armaments+1","Iron Wave","Body Slam","Offering","Anger","RitualDagger","Heavy Blade+1","Ghostly Armor+1","Flame Barrier+1","Shrug It Off","Reaper","Offering","Flash of Steel","Thunderclap+1","Offering","Feel No Pain+1","Normality","Madness","Madness","Metallicize+1","Pommel Strike+1"],"relics":["Burning Blood","Thread and Needle","Incense Burner","Charon\u0027s Ashes","Shuriken","Potion Belt","Black Star","Bag of Marbles","Bird Faced Urn","Oddly Smooth Stone","Old Coin","Bottled Flame","Frozen Egg 2","Whetstone","Blood Vial","Blue Candle","Question Card","War Paint","Cursed Key","DollysMirror","Ancient Tea Set","Dream Catcher","Red Skull","Mummified Hand","Orichalcum","Paper Frog"],"potions_floor_usage":[5,13,16,16,23,23,27,28,29,33,39],"damage_taken":[{"damage":2,"enemies":"Jaw Worm","floor":1,"turns":3},{"damage":0,"enemies":"Cultist","floor":2,"turns":4},{"damage":1,"enemies":"Small Slimes","floor":5,"turns":3},{"damage":21,"enemies":"Lagavulin","floor":6,"turns":7},{"damage":0,"enemies":"3 Louse","floor":7,"turns":2},{"damage":17,"enemies":"3 Sentries","floor":8,"turns":7},{"damage":1,"enemies":"Looter","floor":10,"turns":4},{"damage":0,"enemies":"Lagavulin","floor":11,"turns":8},{"damage":0,"enemies":"2 Fungi Beasts","floor":12,"turns":3},{"damage":5,"enemies":"Large Slime","floor":13,"turns":5},{"damage":0,"enemies":"Exordium Thugs","floor":14,"turns":3},{"damage":20,"enemies":"Hexaghost","floor":16,"turns":9},{"damage":27,"enemies":"3 Byrds","floor":18,"turns":6},{"damage":1,"enemies":"Spheric Guardian","floor":20,"turns":3},{"damage":18,"enemies":"Book of Stabbing","floor":23,"turns":4},{"damage":28,"enemies":"Gremlin Leader","floor":25,"turns":6},{"damage":6,"enemies":"Chosen and Byrds","floor":27,"turns":4},{"damage":6,"enemies":"Snake Plant","floor":28,"turns":3},{"damage":28,"enemies":"Slavers","floor":29,"turns":3},{"damage":18,"enemies":"Sentry and Sphere","floor":30,"turns":4},{"damage":17,"enemies":"Champ","floor":33,"turns":13},{"damage":0,"enemies":"Orb Walker","floor":35,"turns":2},{"damage":0,"enemies":"3 Shapes","floor":38,"turns":3},{"damage":6,"enemies":"Writhing Mass","floor":39,"turns":5},{"damage":13,"enemies":"Giant Head","floor":40,"turns":9},{"damage":16,"enemies":"Reptomancer","floor":42,"turns":5},{"damage":7,"enemies":"Nemesis","floor":46,"turns":5},{"damage":18,"enemies":"Maw","floor":47,"turns":6},{"damage":7,"enemies":"4 Shapes","floor":48,"turns":4},{"damage":41,"enemies":"Time Eater","floor":50,"turns":13}],"seed_played":"5651909602492296248","potions_obtained":[{"floor":5,"key":"Fruit Juice"},{"floor":8,"key":"Energy Potion"},{"floor":11,"key":"LiquidBronze"},{"floor":12,"key":"AttackPotion"},{"floor":13,"key":"Strength Potion"},{"floor":16,"key":"EssenceOfSteel"},{"floor":18,"key":"AttackPotion"},{"floor":20,"key":"GamblersBrew"},{"floor":27,"key":"GamblersBrew"},{"floor":29,"key":"AttackPotion"},{"floor":38,"key":"Energy Potion"},{"floor":39,"key":"Fruit Juice"},{"floor":46,"key":"BloodPotion"},{"floor":47,"key":"Fire Potion"}],"is_trial":false,"path_per_floor":["M","M","?","?","M","E","M","E","T","M","E","M","M","M","R","B",null,"M","?","M","$","?","E","R","E","T","M","M","E","M","?","R","B",null,"M","$","?","M","M","E","$","E","T","?","R","E","M","M","R","B",null],"character_chosen":"IRONCLAD","items_purchased":["Bird Faced Urn","Oddly Smooth Stone","DollysMirror","Offering"],"campfire_rested":1,"item_purchase_floors":[21,21,36,41],"current_hp_per_floor":[72,72,72,72,77,62,68,57,57,62,68,74,75,77,77,63,77,56,56,61,61,55,45,45,27,27,33,37,19,11,11,34,29,77,77,77,67,77,77,77,77,71,71,61,61,68,77,77,77,50],"gold":146,"neow_bonus":"ONE_RARE_RELIC","is_prod":false,"is_daily":false,"chose_seed":false,"campfire_upgraded":4,"win_rate":0,"timestamp":1553525099,"path_taken":["M","M","?","?","M","E","M","E","T","M","E","M","?","M","R","BOSS","M","?","M","$","?","E","R","E","T","M","M","E","M","?","R","BOSS","M","$","?","M","M","E","$","E","T","?","R","E","M","M","R","BOSS"],"build_version":"2019-03-15","purchased_purges":3,"victory":true,"max_hp_per_floor":[72,72,72,72,77,77,77,77,77,77,77,77,77,77,77,77,77,77,77,77,77,77,77,77,77,77,77,77,77,77,77,77,77,77,77,77,77,77,77,77,77,77,77,77,77,77,77,77,77,77],"card_choices":[{"not_picked":["Flex","Power Through"],"picked":"Inflame","floor":1},{"not_picked":["Armaments","Headbutt"],"picked":"Pommel Strike","floor":2},{"not_picked":["Hemokinesis","Seeing Red"],"picked":"Whirlwind","floor":5},{"not_picked":["Heavy Blade","Searing Blow","Twin Strike"],"picked":"SKIP","floor":6},{"not_picked":["Warcry","Twin Strike"],"picked":"Barricade","floor":7},{"not_picked":["Reckless Charge","Blood for Blood"],"picked":"Ghostly Armor","floor":8},{"not_picked":["Blood for Blood","Sentinel"],"picked":"Sword Boomerang","floor":10},{"not_picked":["Evolve","Cleave"],"picked":"Entrench","floor":11},{"not_picked":["Thunderclap","Immolate"],"picked":"Armaments","floor":12},{"not_picked":["Rampage","Clothesline"],"picked":"Iron Wave","floor":13},{"not_picked":["Infernal Blade","Twin Strike"],"picked":"Body Slam","floor":14},{"not_picked":["Brutality","Impervious"],"picked":"Offering","floor":16},{"not_picked":["Whirlwind+1","Wild Strike+1"],"picked":"Anger","floor":18},{"not_picked":["Sever Soul","Anger","Wild Strike"],"picked":"SKIP","floor":20},{"not_picked":["Rupture","Whirlwind+1"],"picked":"Heavy Blade+1","floor":23},{"not_picked":["Iron Wave","Cleave+1"],"picked":"Ghostly Armor+1","floor":25},{"not_picked":["Sword Boomerang+1","Combust+1","Whirlwind+1"],"picked":"SKIP","floor":27},{"not_picked":["Armaments+1","Cleave"],"picked":"Flame Barrier","floor":28},{"not_picked":["Fire Breathing+1","Sever Soul","Anger"],"picked":"SKIP","floor":29},{"not_picked":["Warcry","Body Slam","Exhume"],"picked":"Shrug It Off","floor":30},{"not_picked":["Dark Embrace+1","Berserk+1","Demon Form+1"],"picked":"Reaper","floor":33},{"not_picked":["Sentinel+1","Clash+1","Twin Strike+1","Armaments+1"],"picked":"SKIP","floor":35},{"not_picked":["Good Instincts","Master of Strategy","Enlightenment"],"picked":"Flash of Steel","floor":37},{"not_picked":["Blood for Blood","Havoc","Anger+1","Infernal Blade+1"],"picked":"SKIP","floor":38},{"not_picked":["Perfected Strike+1","Combust+1","Pommel Strike"],"picked":"Thunderclap+1","floor":39},{"not_picked":["Rage+1","Seeing Red","Corruption+1","Whirlwind"],"picked":"SKIP","floor":40},{"not_picked":["Clothesline","Headbutt+1","Sever Soul"],"picked":"Feel No Pain+1","floor":42},{"not_picked":["Body Slam","Fiend Fire","Heavy Blade"],"picked":"Metallicize+1","floor":46},{"not_picked":["Clothesline+1","Armaments","Iron Wave+1","Body Slam+1"],"picked":"SKIP","floor":47},{"not_picked":["Flex","Armaments","Rampage"],"picked":"Pommel Strike+1","floor":48}],"player_experience":1133343,"relics_obtained":[{"floor":6,"key":"Incense Burner"},{"floor":8,"key":"Charon\u0027s Ashes"},{"floor":9,"key":"Shuriken"},{"floor":11,"key":"Potion Belt"},{"floor":23,"key":"Old Coin"},{"floor":23,"key":"Bottled Flame"},{"floor":25,"key":"Frozen Egg 2"},{"floor":25,"key":"Whetstone"},{"floor":26,"key":"Blood Vial"},{"floor":29,"key":"Blue Candle"},{"floor":29,"key":"Question Card"},{"floor":40,"key":"Ancient Tea Set"},{"floor":40,"key":"Dream Catcher"},{"floor":42,"key":"Red Skull"},{"floor":42,"key":"Mummified Hand"},{"floor":46,"key":"Orichalcum"},{"floor":46,"key":"Paper Frog"}],"event_choices":[{"damage_healed":0,"gold_gain":0,"player_choice":"Grow","damage_taken":0,"max_hp_gain":0,"max_hp_loss":0,"event_name":"Living Wall","floor":3,"gold_loss":0,"cards_upgraded":["Inflame"]},{"damage_healed":0,"gold_gain":100,"player_choice":"Pray","damage_taken":0,"max_hp_gain":0,"max_hp_loss":0,"event_name":"Golden Shrine","floor":4,"gold_loss":0},{"damage_healed":0,"gold_gain":0,"player_choice":"Obtained Relic","damage_taken":0,"relics_obtained":["Bag of Marbles"],"max_hp_gain":0,"max_hp_loss":0,"event_name":"Addict","floor":19,"gold_loss":85},{"damage_healed":0,"gold_gain":0,"player_choice":"Joined the Cult","damage_taken":6,"max_hp_gain":0,"max_hp_loss":0,"event_name":"Nest","floor":22,"gold_loss":0,"cards_obtained":["RitualDagger"]},{"damage_healed":0,"gold_gain":0,"player_choice":"Opened","damage_taken":0,"relics_obtained":["War Paint"],"max_hp_gain":0,"max_hp_loss":0,"event_name":"The Mausoleum","floor":31,"gold_loss":0},{"damage_healed":0,"gold_gain":0,"player_choice":"Memory 3","damage_taken":10,"max_hp_gain":0,"max_hp_loss":0,"event_name":"SensoryStone","floor":37,"gold_loss":0},{"damage_healed":0,"gold_gain":0,"player_choice":"Embrace Madness","damage_taken":10,"max_hp_gain":0,"max_hp_loss":0,"event_name":"Winding Halls","floor":44,"gold_loss":0,"cards_obtained":["Madness","Madness"]}],"is_beta":true,"boss_relics":[{"not_picked":["Runic Cube","Tiny House"],"picked":"Black Star"},{"not_picked":["Calling Bell","Lizard Tail"],"picked":"Cursed Key"}],"items_purged_floors":[21,36,41],"is_endless":false,"potions_floor_spawned":[5,8,11,12,13,16,18,20,27,29,38,39,46,47],"ascension_level":0}