{"gold_per_floor":[110,123,143,163,5,32,49,49,49,61,61,117,147,87,87,185,185,201,201,174,185,12,12,45,45,45,76,86,86,86,104,104,204,204,214,231,90,100,200,235,235,267,292,309,309,309,309,325,325,325,325,325,5,35,35],"floor_reached":55,"playtime":2398,"items_purged":[],"score":811,"play_id":"2048fe5e-f4d5-4dc9-9c9e-fced1a3e757c","local_time":"20190424120752","is_ascension_mode":true,"campfire_choices":[{"floor":8,"key":"REST"},{"floor":15,"key":"REST"},{"data":"Creative AI","floor":23,"key":"SMITH"},{"floor":25,"key":"REST"},{"floor":29,"key":"REST"},{"data":"Lockon","floor":32,"key":"SMITH"},{"floor":41,"key":"REST"},{"floor":45,"key":"REST"},{"floor":47,"key":"RECALL"},{"data":"1","floor":49,"key":"LIFT"},{"data":"Heatsinks","floor":52,"key":"SMITH"}],"neow_cost":"NONE","seed_source_timestamp":1025068271592800,"circlet_count":0,"master_deck":["Strike_B","Strike_B","Strike_B","Strike_B","Defend_B","Defend_B","Defend_B","Defend_B","Zap","Dualcast","Sweeping Beam","Storm","Lockon+1","Go for the Eyes","Reinforced Body","Storm","FTL","Conserve Battery","Go for the Eyes","Beam Cell","Capacitor","Storm","Auto Shields","Storm","Creative AI+1","Redo","Storm","Self Repair","Static Discharge","Leap","Barrage+1","Static Discharge","Creative AI","Go for the Eyes+1","Double Energy","Loop","Redo","Heatsinks+1","Gash","Stack+1","Barrage+1"],"relics":["Cracked Core","Matryoshka","Letter Opener","Bronze Scales","Gremlin Horn","Symbiotic Virus","The Courier","Nuclear Battery","Regal Pillow","PreservedInsect","Turnip","Bottled Lightning","Girya","MutagenicStrength","Lizard Tail","Thread and Needle","Oddly Smooth Stone","Bag of Marbles","Happy Flower","Pear","Lantern","Cables"],"potions_floor_usage":[18,18,24,33,39,40,40,50],"damage_taken":[{"damage":0,"enemies":"Cultist","floor":1,"turns":3},{"damage":6,"enemies":"Jaw Worm","floor":2,"turns":3},{"damage":3,"enemies":"2 Louse","floor":3,"turns":2},{"damage":5,"enemies":"Exordium Thugs","floor":4,"turns":4},{"damage":17,"enemies":"Lagavulin","floor":6,"turns":7},{"damage":0,"enemies":"3 Louse","floor":7,"turns":3},{"damage":7,"enemies":"Blue Slaver","floor":10,"turns":3},{"damage":23,"enemies":"Lagavulin Event","floor":12,"turns":5},{"damage":19,"enemies":"Gremlin Nob","floor":13,"turns":4},{"damage":10,"enemies":"Slime Boss","floor":16,"turns":7},{"damage":5,"enemies":"Chosen","floor":18,"turns":5},{"damage":14,"enemies":"Spheric Guardian","floor":21,"turns":4},{"damage":39,"enemies":"Slavers","floor":24,"turns":3},{"damage":12,"enemies":"Book of Stabbing","floor":27,"turns":3},{"damage":0,"enemies":"Snake Plant","floor":28,"turns":3},{"damage":14,"enemies":"Snecko","floor":31,"turns":4},{"damage":64,"enemies":"Automaton","floor":33,"turns":6},{"damage":9,"enemies":"Orb Walker","floor":35,"turns":3},{"damage":30,"enemies":"3 Darklings","floor":36,"turns":5},{"damage":7,"enemies":"Transient","floor":38,"turns":5},{"damage":0,"enemies":"Mind Bloom Boss Battle","floor":39,"turns":4},{"damage":42,"enemies":"Giant Head","floor":40,"turns":6},{"damage":48,"enemies":"Reptomancer","floor":42,"turns":3},{"damage":15,"enemies":"Jaw Worm Horde","floor":44,"turns":4},{"damage":12,"enemies":"Writhing Mass","floor":48,"turns":4},{"damage":53,"enemies":"Time Eater","floor":50,"turns":9},{"damage":62,"enemies":"Shield and Spear","floor":54,"turns":6},{"damage":53,"enemies":"The Heart","floor":55,"turns":2}],"seed_played":"8143319695433468183","potions_obtained":[{"floor":1,"key":"Weak Potion"},{"floor":3,"key":"Block Potion"},{"floor":6,"key":"EssenceOfSteel"},{"floor":10,"key":"Block Potion"},{"floor":18,"key":"Dexterity Potion"},{"floor":24,"key":"SkillPotion"},{"floor":31,"key":"Block Potion"},{"floor":33,"key":"Dexterity Potion"},{"floor":36,"key":"Block Potion"},{"floor":38,"key":"Fire Potion"},{"floor":39,"key":"AttackPotion"}],"is_trial":false,"path_per_floor":["M","M","M","M","$","E","M","R","T","M","T","?","E","$","R","B",null,"M","?","$","M","$","R","E","R","T","E","M","R","?","M","R","B",null,"M","M","$","M","?","E","R","E","T","M","R","?","R","M","R","B",null,"R","$","E","B"],"character_chosen":"DEFECT","items_purchased":["Storm","FTL","Conserve Battery","Storm","Storm","PreservedInsect","Static Discharge","Loop","Redo","Heatsinks","Pear","Lantern"],"campfire_rested":6,"item_purchase_floors":[5,5,5,14,20,22,22,37,37,37,53,53],"current_hp_per_floor":[75,69,66,61,61,44,44,66,66,59,59,36,17,17,39,29,75,70,70,70,56,56,56,24,61,61,49,49,75,75,68,68,11,75,66,36,36,36,36,44,75,34,34,26,63,63,63,58,58,12,75,75,85,23,0],"gold":35,"neow_bonus":"THREE_CARDS","is_prod":false,"is_daily":false,"chose_seed":false,"campfire_upgraded":3,"win_rate":0,"timestamp":1556122072,"path_taken":["M","?","M","M","$","E","M","R","T","M","?","?","E","?","R","BOSS","M","?","?","M","$","R","E","R","T","E","M","R","?","M","R","BOSS","M","M","$","M","?","E","R","E","T","M","R","?","R","?","R","BOSS","R","$","E","BOSS"],"build_version":"2019-01-23","purchased_purges":0,"victory":false,"max_hp_per_floor":[75,75,75,75,75,75,75,75,75,75,75,75,75,75,75,75,75,75,75,75,75,75,75,75,75,75,75,75,75,75,75,75,75,75,75,75,75,75,75,75,75,75,75,75,75,75,75,75,75,75,75,75,85,85,85],"card_choices":[{"not_picked":["Consume","Scrape"],"picked":"Sweeping Beam","floor":0},{"not_picked":["Coolheaded","Genetic Algorithm"],"picked":"Storm","floor":1},{"not_picked":["Sweeping Beam","Redo"],"picked":"Lockon","floor":2},{"not_picked":["Redo","BootSequence"],"picked":"Go for the Eyes","floor":3},{"not_picked":["Hyperbeam","Redo"],"picked":"Reinforced Body","floor":4},{"not_picked":["Sweeping Beam","Recycle"],"picked":"Go for the Eyes","floor":6},{"not_picked":["Rebound","Steam"],"picked":"Beam Cell","floor":7},{"not_picked":["Scrape","Sweeping Beam"],"picked":"Capacitor","floor":10},{"not_picked":["Ball Lightning","Static Discharge"],"picked":"Storm","floor":12},{"not_picked":["Heatsinks","Amplify"],"picked":"Auto Shields","floor":13},{"not_picked":["Echo Form","All For One"],"picked":"Creative AI","floor":16},{"not_picked":["Ball Lightning","Steam+1"],"picked":"Redo","floor":18},{"not_picked":["Leap+1","Loop"],"picked":"Self Repair","floor":21},{"not_picked":["Auto Shields","Chaos","Recycle"],"picked":"SKIP","floor":24},{"not_picked":["Meteor Strike","Genetic Algorithm"],"picked":"Leap","floor":27},{"not_picked":["Scrape","Steam"],"picked":"Barrage+1","floor":28},{"not_picked":["Cold Snap","Steam"],"picked":"Static Discharge","floor":31},{"not_picked":["Meteor Strike","All For One"],"picked":"Creative AI","floor":33},{"not_picked":["Compile Driver","Streamline+1"],"picked":"Go for the Eyes+1","floor":35},{"not_picked":["Cold Snap+1","Compile Driver+1"],"picked":"Double Energy","floor":36},{"not_picked":["Sweeping Beam","Hello World"],"picked":"Gash","floor":38},{"not_picked":["Beam Cell+1","Leap"],"picked":"Stack+1","floor":40},{"not_picked":["Turbo+1","All For One","Blizzard"],"picked":"SKIP","floor":42},{"not_picked":["Ball Lightning+1","Hologram","Streamline"],"picked":"SKIP","floor":44},{"not_picked":["Gash","Beam Cell+1"],"picked":"Barrage+1","floor":48},{"not_picked":["FTL","Cold Snap","Scrape"],"picked":"SKIP","floor":54}],"player_experience":105706,"relics_obtained":[{"floor":6,"key":"Matryoshka"},{"floor":9,"key":"Letter Opener"},{"floor":11,"key":"Bronze Scales"},{"floor":11,"key":"Gremlin Horn"},{"floor":13,"key":"The Courier"},{"floor":24,"key":"Turnip"},{"floor":26,"key":"Bottled Lightning"},{"floor":27,"key":"Girya"},{"floor":39,"key":"Thread and Needle"},{"floor":40,"key":"Oddly Smooth Stone"},{"floor":42,"key":"Bag of Marbles"},{"floor":43,"key":"Happy Flower"},{"floor":54,"key":"Cables"}],"event_choices":[{"damage_healed":0,"gold_gain":0,"player_choice":"Searched \u00272\u0027 times","damage_taken":0,"relics_obtained":["Symbiotic Virus"],"max_hp_gain":0,"max_hp_loss":0,"event_name":"Dead Adventurer","floor":12,"gold_loss":0},{"damage_healed":0,"gold_gain":0,"player_choice":"Opened","damage_taken":0,"relics_obtained":["Regal Pillow"],"max_hp_gain":0,"max_hp_loss":0,"event_name":"The Mausoleum","floor":19,"gold_loss":0},{"damage_healed":0,"gold_gain":0,"player_choice":"Inject Mutagens","damage_taken":0,"relics_obtained":["MutagenicStrength"],"max_hp_gain":0,"max_hp_loss":0,"event_name":"Drug Dealer","floor":30,"gold_loss":0},{"damage_healed":0,"gold_gain":0,"player_choice":"Fight","damage_taken":0,"max_hp_gain":0,"max_hp_loss":0,"event_name":"MindBloom","floor":39,"gold_loss":0},{"damage_healed":0,"gold_gain":0,"player_choice":"Bought 0 Potions","damage_taken":0,"max_hp_gain":0,"max_hp_loss":0,"event_name":"The Woman in Blue","floor":46,"gold_loss":0}],"is_beta":false,"boss_relics":[{"not_picked":["Ectoplasm","Velvet Choker"],"picked":"Nuclear Battery"},{"not_picked":["Snecko Eye","Empty Cage"],"picked":"Lizard Tail"}],"items_purged_floors":[],"is_endless":false,"potions_floor_spawned":[1,3,6,7,10,12,18,24,31,33,36,38,39],"killed_by":"The Heart","ascension_level":1}