{"gold_per_floor":[215,225,225,225,225,225,260,280,303,336,336,346,375,386,386,489,489,501,535,535,546,65,95,110,139,221,221,250,260,270,297,297,396,396,415,491,511,529,529,529,562,562,614,633,658,658,46,63,63,63,63,63,25,60,60],"floor_reached":56,"playtime":3822,"items_purged":[],"score":1692,"play_id":"18f6f720-ca61-4e42-a4ca-a4568ddb0e8f","local_time":"20190416052453","is_ascension_mode":true,"campfire_choices":[{"data":"Ghostly Armor","floor":6,"key":"SMITH"},{"data":"Perfected Strike","floor":11,"key":"SMITH"},{"data":"Uppercut","floor":15,"key":"SMITH"},{"data":"Brutality","floor":27,"key":"SMITH"},{"data":"Rupture","floor":32,"key":"SMITH"},{"floor":40,"key":"RECALL"},{"floor":42,"key":"REST"},{"data":"Corruption","floor":49,"key":"SMITH"},{"data":"Evolve","floor":52,"key":"SMITH"}],"neow_cost":"NONE","seed_source_timestamp":3059012357743251,"circlet_count":0,"master_deck":["Strike_R","Strike_R","Strike_R","Strike_R","Strike_R","Defend_R","Defend_R","Defend_R","Bash+1","Ghostly Armor+1","Rupture+1","Perfected Strike+1","Blood for Blood","Pommel Strike","Feed","Uppercut+1","Brutality+1","Armaments","Thunderclap","Perfected Strike+1","Power Through+1","Perfected Strike+1","True Grit+1","Armaments+1","Wild Strike","Rage+1","Dropkick","Offering+1","Reaper","Double Tap+1","Flame Barrier+1","Twin Strike","Inflame+1","Madness+1","Madness+1","Sentinel+1","Exhume+1","Battle Trance+1","Evolve+1","Corruption+1","Pommel Strike","Sentinel+1","Power Through+1"],"relics":["Black Blood","Art of War","Champion Belt","Bag of Marbles","Thread and Needle","Mercury Hourglass","Red Mask","DollysMirror","Toxic Egg 2","The Courier","Blood Vial","Dream Catcher","Pen Nib","Black Star","Sundial","Boot","Red Skull","Centennial Puzzle","Magic Flower","FossilizedHelix","ClockworkSouvenir","Bottled Tornado","Anchor","Lantern","Happy Flower"],"potions_floor_usage":[7,10,18,23,28,33,50,55,55,55],"damage_taken":[{"damage":7,"enemies":"Small Slimes","floor":1,"turns":4},{"damage":5,"enemies":"Jaw Worm","floor":2,"turns":7},{"damage":59,"enemies":"Gremlin Nob","floor":7,"turns":7},{"damage":0,"enemies":"Cultist","floor":8,"turns":3},{"damage":6,"enemies":"Lagavulin","floor":10,"turns":4},{"damage":0,"enemies":"Blue Slaver","floor":12,"turns":2},{"damage":6,"enemies":"3 Sentries","floor":13,"turns":9},{"damage":0,"enemies":"Large Slime","floor":14,"turns":6},{"damage":0,"enemies":"Hexaghost","floor":16,"turns":9},{"damage":1,"enemies":"Spheric Guardian","floor":18,"turns":4},{"damage":9,"enemies":"Masked Bandits","floor":19,"turns":4},{"damage":2,"enemies":"Shell Parasite","floor":21,"turns":4},{"damage":7,"enemies":"Slavers","floor":23,"turns":8},{"damage":5,"enemies":"Cultist and Chosen","floor":24,"turns":4},{"damage":4,"enemies":"Book of Stabbing","floor":25,"turns":5},{"damage":19,"enemies":"Gremlin Leader","floor":28,"turns":8},{"damage":5,"enemies":"Shelled Parasite and Fungi","floor":29,"turns":4},{"damage":6,"enemies":"Centurion and Healer","floor":30,"turns":6},{"damage":13,"enemies":"Slavers","floor":31,"turns":3},{"damage":11,"enemies":"Collector","floor":33,"turns":6},{"damage":0,"enemies":"Orb Walker","floor":35,"turns":1},{"damage":9,"enemies":"3 Shapes","floor":37,"turns":3},{"damage":13,"enemies":"Maw","floor":38,"turns":6},{"damage":53,"enemies":"Giant Head","floor":41,"turns":9},{"damage":15,"enemies":"3 Darklings","floor":44,"turns":4},{"damage":28,"enemies":"Nemesis","floor":45,"turns":5},{"damage":12,"enemies":"Jaw Worm Horde","floor":48,"turns":8},{"damage":68,"enemies":"Time Eater","floor":50,"turns":9},{"damage":39,"enemies":"Shield and Spear","floor":54,"turns":4},{"damage":19,"enemies":"The Heart","floor":55,"turns":9}],"seed_played":"-3253865424445829509","potions_obtained":[{"floor":1,"key":"Regen Potion"},{"floor":7,"key":"Block Potion"},{"floor":8,"key":"AttackPotion"},{"floor":10,"key":"SpeedPotion"},{"floor":18,"key":"SpeedPotion"},{"floor":23,"key":"PowerPotion"},{"floor":28,"key":"Poison Potion"},{"floor":29,"key":"Fire Potion"},{"floor":35,"key":"Weak Potion"},{"floor":41,"key":"Strength Potion"}],"is_trial":false,"path_per_floor":["M","M","?","?","?","R","E","M","T","E","R","M","E","M","R","B",null,"M","?","?","M","$","E","M","E","T","R","E","M","M","E","R","B",null,"M","T","M","M","?","R","E","R","T","M","E","?","$","M","R","B",null,"R","$","E","B",null],"character_chosen":"IRONCLAD","items_purchased":["DollysMirror","Toxic Egg 2","True Grit+1","Evolve","Corruption","ClockworkSouvenir","Bottled Tornado","Anchor","Pommel Strike","Dexterity Potion"],"campfire_rested":1,"item_purchase_floors":[22,22,22,47,47,47,47,47,47,53],"current_hp_per_floor":[79,80,73,66,66,66,28,34,34,34,34,40,40,49,49,55,83,83,86,86,89,89,92,92,95,95,95,90,101,107,107,107,108,110,110,110,113,110,96,96,55,88,88,110,94,94,94,113,113,65,116,116,116,98,105],"gold":60,"neow_bonus":"HUNDRED_GOLD","is_prod":false,"is_daily":false,"chose_seed":false,"campfire_upgraded":7,"win_rate":0,"timestamp":1555406693,"path_taken":["M","M","?","?","?","R","E","?","T","E","R","M","E","M","R","BOSS","M","?","?","?","$","E","?","E","T","R","E","M","M","E","R","BOSS","M","?","M","M","?","R","E","R","T","M","E","?","$","M","R","BOSS","R","$","E","BOSS"],"build_version":"2019-04-04","purchased_purges":0,"victory":true,"max_hp_per_floor":[80,80,80,80,80,80,80,80,80,80,80,80,80,83,83,83,83,83,86,86,89,89,92,92,95,95,95,99,103,107,110,110,110,110,110,110,113,113,113,113,113,113,113,113,113,113,113,113,113,116,116,116,116,120,120],"card_choices":[{"not_picked":["Pummel","Cleave"],"picked":"Ghostly Armor","floor":1},{"not_picked":["Havoc","Dual Wield"],"picked":"Ghostly Armor","floor":2},{"not_picked":["Combust","Heavy Blade"],"picked":"Rupture","floor":7},{"not_picked":["Thunderclap","Power Through"],"picked":"Perfected Strike","floor":8},{"not_picked":["Havoc","Fire Breathing"],"picked":"Blood for Blood","floor":10},{"not_picked":["Reckless Charge","Armaments"],"picked":"Pommel Strike","floor":12},{"not_picked":["Intimidate","Warcry"],"picked":"Feed","floor":13},{"not_picked":["Sword Boomerang","Sentinel"],"picked":"Uppercut","floor":14},{"not_picked":["Bludgeon","Exhume"],"picked":"Brutality","floor":16},{"not_picked":["Headbutt+1","Second Wind+1"],"picked":"Armaments","floor":18},{"not_picked":["Sword Boomerang","Body Slam"],"picked":"Thunderclap","floor":19},{"not_picked":["Havoc","Shrug It Off"],"picked":"Power Through+1","floor":21},{"not_picked":["Limit Break+1","True Grit+1"],"picked":"Armaments+1","floor":23},{"not_picked":["Havoc+1","Clash","Sever Soul+1"],"picked":"SKIP","floor":24},{"not_picked":["Dropkick","Ghostly Armor+1"],"picked":"Wild Strike","floor":25},{"not_picked":["Headbutt","Cleave+1"],"picked":"Rage+1","floor":28},{"not_picked":["Cleave","Infernal Blade+1"],"picked":"Dropkick","floor":29},{"not_picked":["Rupture","Corruption"],"picked":"Offering+1","floor":30},{"not_picked":["Sword Boomerang","Disarm+1"],"picked":"Reaper","floor":31},{"not_picked":["Juggernaut","Immolate"],"picked":"Double Tap+1","floor":33},{"not_picked":["Inflame+1","True Grit+1"],"picked":"Flame Barrier+1","floor":35},{"not_picked":["Body Slam","Warcry+1"],"picked":"Twin Strike","floor":37},{"not_picked":["Cleave","Spot Weakness+1"],"picked":"Inflame+1","floor":38},{"not_picked":["Thunderclap","Havoc+1"],"picked":"Sentinel+1","floor":41},{"not_picked":["Warcry+1","Dual Wield+1"],"picked":"Exhume+1","floor":42},{"not_picked":["Wild Strike+1","Clash","Iron Wave"],"picked":"SKIP","floor":44},{"not_picked":["Second Wind+1","Feel No Pain"],"picked":"Battle Trance+1","floor":45},{"not_picked":["Dropkick","Metallicize"],"picked":"Sentinel+1","floor":48},{"not_picked":["Clash","Heavy Blade+1"],"picked":"Power Through+1","floor":54}],"player_experience":5353258,"relics_obtained":[{"floor":7,"key":"Champion Belt"},{"floor":9,"key":"Bag of Marbles"},{"floor":10,"key":"Thread and Needle"},{"floor":13,"key":"Mercury Hourglass"},{"floor":19,"key":"Red Mask"},{"floor":23,"key":"The Courier"},{"floor":25,"key":"Blood Vial"},{"floor":28,"key":"Dream Catcher"},{"floor":31,"key":"Pen Nib"},{"floor":36,"key":"Sundial"},{"floor":41,"key":"Boot"},{"floor":41,"key":"Red Skull"},{"floor":43,"key":"Centennial Puzzle"},{"floor":45,"key":"Magic Flower"},{"floor":45,"key":"FossilizedHelix"},{"floor":54,"key":"Lantern"},{"floor":54,"key":"Happy Flower"}],"event_choices":[{"cards_removed":["Defend_R"],"damage_healed":0,"gold_gain":0,"player_choice":"Card Removal","damage_taken":7,"max_hp_gain":0,"max_hp_loss":0,"event_name":"Golden Wing","floor":3,"gold_loss":0},{"damage_healed":0,"gold_gain":0,"player_choice":"Success","damage_taken":7,"relics_obtained":["Art of War"],"max_hp_gain":0,"max_hp_loss":0,"event_name":"Scrap Ooze","floor":4,"gold_loss":0},{"damage_healed":0,"gold_gain":0,"player_choice":"Upgraded","damage_taken":0,"max_hp_gain":0,"max_hp_loss":0,"event_name":"Upgrade Shrine","floor":5,"gold_loss":0,"cards_upgraded":["Bash"]},{"damage_healed":0,"gold_gain":0,"player_choice":"Fought Bandits","damage_taken":0,"max_hp_gain":0,"max_hp_loss":0,"event_name":"Masked Bandits","floor":19,"gold_loss":0},{"damage_healed":0,"gold_gain":0,"player_choice":"Copied","damage_taken":0,"max_hp_gain":0,"max_hp_loss":0,"event_name":"Duplicator","floor":20,"gold_loss":0,"cards_obtained":["Perfected Strike"]},{"damage_healed":0,"gold_gain":0,"player_choice":"Embrace Madness","damage_taken":14,"max_hp_gain":0,"max_hp_loss":0,"event_name":"Winding Halls","floor":39,"gold_loss":0,"cards_obtained":["Madness","Madness"]},{"cards_removed":["Ghostly Armor"],"damage_healed":0,"gold_gain":0,"player_choice":"Removed Skill","damage_taken":0,"max_hp_gain":0,"max_hp_loss":0,"event_name":"Falling","floor":46,"gold_loss":0}],"is_beta":true,"boss_relics":[{"not_picked":["Astrolabe","Orrery"],"picked":"Black Blood"},{"not_picked":["Lizard Tail","Calling Bell"],"picked":"Black Star"}],"items_purged_floors":[],"is_endless":false,"potions_floor_spawned":[1,7,8,10,18,23,28,29,31,35,38,41,48,54],"ascension_level":1}