{"gold_per_floor":[115,134,154,154,169,201,201,227,227,227,83,111,111,129,129,233,233,250,269,16,16,31,31,46,65,89,108,135,135,154,184,184,279,279,296,296,29,39,57,57,89,37,37,65,97,109,67,98,98,98,98,98,0,29,29],"floor_reached":56,"playtime":3278,"items_purged":["Strike_G","Strike_G","Slice"],"score":1359,"play_id":"cecf5aca-eca2-44fa-9467-eebe0a47c4c6","local_time":"20190424165919","is_ascension_mode":false,"campfire_choices":[{"data":"Neutralize","floor":7,"key":"SMITH"},{"data":"Poisoned Stab","floor":10,"key":"SMITH"},{"data":"Noxious Fumes","floor":15,"key":"SMITH"},{"data":"Noxious Fumes","floor":23,"key":"SMITH"},{"floor":32,"key":"REST"},{"data":"Well Laid Plans","floor":40,"key":"SMITH"},{"data":"Footwork","floor":46,"key":"SMITH"},{"floor":49,"key":"RECALL"},{"data":"Poisoned Stab","floor":52,"key":"SMITH"}],"neow_cost":"NONE","seed_source_timestamp":317027284623697,"circlet_count":0,"master_deck":["Defend_G","Defend_G","Defend_G","Defend_G","Defend_G+1","Survivor","Neutralize+1","Poisoned Stab+1","All Out Attack+1","Cloak And Dagger","Backflip","Flying Knee","Well Laid Plans+1","Noxious Fumes+1","Leg Sweep","Poisoned Stab+1","Footwork+1","Backstab","Storm of Steel","Noxious Fumes+1","Deadly Poison+1","PiercingWail+1","Adrenaline+1","Crippling Poison+1","Malaise+1","Blur+1","Corpse Explosion+1","Acrobatics+1","Deadly Poison+1","Footwork+1","PiercingWail+1","Prepared+1","Dark Shackles+1"],"relics":["Ring of the Snake","Sundial","Blue Candle","Gremlin Horn","Odd Mushroom","Black Star","Snake Skull","Toxic Egg 2","Oddly Smooth Stone","Matryoshka","Art of War","Sozu","PreservedInsect","Centennial Puzzle","MawBank","Ancient Tea Set","Bag of Marbles","Orichalcum","Bottled Lightning"],"potions_floor_usage":[8,16,24,31,31,50,55],"damage_taken":[{"damage":0,"enemies":"2 Louse","floor":1,"turns":4},{"damage":0,"enemies":"Small Slimes","floor":2,"turns":2},{"damage":0,"enemies":"Cultist","floor":3,"turns":3},{"damage":1,"enemies":"Red Slaver","floor":5,"turns":3},{"damage":15,"enemies":"Lagavulin","floor":6,"turns":7},{"damage":14,"enemies":"Gremlin Nob","floor":8,"turns":4},{"damage":0,"enemies":"The Mushroom Lair","floor":12,"turns":2},{"damage":0,"enemies":"Large Slime","floor":14,"turns":4},{"damage":0,"enemies":"The Guardian","floor":16,"turns":11},{"damage":0,"enemies":"Chosen","floor":18,"turns":6},{"damage":4,"enemies":"Spheric Guardian","floor":19,"turns":7},{"damage":3,"enemies":"Shelled Parasite and Fungi","floor":22,"turns":6},{"damage":0,"enemies":"Cultist and Chosen","floor":24,"turns":5},{"damage":10,"enemies":"3 Cultists","floor":25,"turns":5},{"damage":4,"enemies":"Snake Plant","floor":27,"turns":5},{"damage":12,"enemies":"Book of Stabbing","floor":28,"turns":6},{"damage":2,"enemies":"Centurion and Healer","floor":30,"turns":6},{"damage":1,"enemies":"Gremlin Leader","floor":31,"turns":6},{"damage":15,"enemies":"Champ","floor":33,"turns":13},{"damage":0,"enemies":"3 Shapes","floor":35,"turns":5},{"damage":0,"enemies":"Orb Walker","floor":38,"turns":3},{"damage":1,"enemies":"Maw","floor":39,"turns":8},{"damage":1,"enemies":"Giant Head","floor":41,"turns":9},{"damage":0,"enemies":"Jaw Worm Horde","floor":44,"turns":3},{"damage":1,"enemies":"Writhing Mass","floor":45,"turns":6},{"damage":0,"enemies":"Reptomancer","floor":48,"turns":5},{"damage":0,"enemies":"Donu and Deca","floor":50,"turns":6},{"damage":20,"enemies":"Shield and Spear","floor":54,"turns":4},{"damage":47,"enemies":"The Heart","floor":55,"turns":12}],"seed_played":"-1919375787846704594","potions_obtained":[{"floor":1,"key":"Energy Potion"},{"floor":3,"key":"GhostInAJar"},{"floor":5,"key":"Energy Potion"},{"floor":6,"key":"SteroidPotion"},{"floor":14,"key":"SteroidPotion"},{"floor":22,"key":"Dexterity Potion"},{"floor":25,"key":"Swift Potion"},{"floor":28,"key":"EssenceOfSteel"},{"floor":31,"key":"Ancient Potion"},{"floor":33,"key":"Regen Potion"}],"is_trial":false,"path_per_floor":["M","M","M","?","M","E","R","E","T","R","$","?","?","M","R","B",null,"M","M","$","?","M","R","M","M","T","M","E","?","M","E","R","B",null,"M","?","$","M","M","R","E","$","T","M","M","R","$","E","R","B",null,"R","$","E","B",null],"character_chosen":"THE_SILENT","items_purchased":["Noxious Fumes","Footwork","Backstab","Malaise+1","Acrobatics+1","PiercingWail+1","Dark Shackles+1"],"campfire_rested":1,"item_purchase_floors":[11,20,20,37,42,47,53],"current_hp_per_floor":[70,70,70,56,55,40,40,26,26,26,26,26,26,26,26,26,70,70,66,66,66,63,63,63,53,53,49,37,37,35,34,55,40,70,70,70,70,70,69,69,68,68,68,68,67,67,67,67,67,67,70,70,70,50,18],"gold":29,"neow_bonus":"THREE_CARDS","is_prod":false,"is_daily":false,"chose_seed":false,"campfire_upgraded":7,"win_rate":0,"timestamp":1556121559,"path_taken":["M","M","M","?","M","E","R","E","T","R","$","?","?","M","R","BOSS","M","M","$","?","M","R","?","M","T","M","E","?","M","E","R","BOSS","M","?","$","M","M","R","E","?","T","M","?","R","$","E","R","BOSS","R","$","E","BOSS"],"build_version":"2019-04-23","purchased_purges":3,"victory":true,"max_hp_per_floor":[70,70,70,70,70,70,70,70,70,70,70,70,70,70,70,70,70,70,70,70,70,70,70,70,70,70,70,70,70,70,70,70,70,70,70,70,70,70,70,70,70,70,70,70,70,70,70,70,70,70,70,70,70,70,70],"card_choices":[{"not_picked":["Infinite Blades","Reflex"],"picked":"Poisoned Stab","floor":0},{"not_picked":["Underhanded Strike","Calculated Gamble"],"picked":"All Out Attack","floor":1},{"not_picked":["Choke","All Out Attack"],"picked":"Cloak And Dagger","floor":2},{"not_picked":["Terror","Bane"],"picked":"Backflip","floor":3},{"not_picked":["Heel Hook","Blade Dance"],"picked":"Flying Knee","floor":5},{"not_picked":["Prepared","Tactician"],"picked":"Well Laid Plans","floor":6},{"not_picked":["Slice","Grand Finale","Choke"],"picked":"SKIP","floor":8},{"not_picked":["Quick Slash","Tactician"],"picked":"Leg Sweep","floor":14},{"not_picked":["Tactician","Infinite Blades+1","Bane+1"],"picked":"SKIP","floor":18},{"not_picked":["Riddle With Holes","Prepared"],"picked":"Poisoned Stab","floor":19},{"not_picked":["Sucker Punch+1","Backstab"],"picked":"Noxious Fumes","floor":22},{"not_picked":["Infinite Blades","Predator","Setup+1"],"picked":"SKIP","floor":24},{"not_picked":["Slice","Well Laid Plans","Riddle With Holes"],"picked":"SKIP","floor":25},{"not_picked":["Unload","Outmaneuver+1","Blade Dance"],"picked":"SKIP","floor":27},{"not_picked":["Prepared+1","Cloak And Dagger"],"picked":"Deadly Poison","floor":28},{"not_picked":["Riddle With Holes+1","Poisoned Stab+1","Distraction+1"],"picked":"SKIP","floor":30},{"not_picked":["Bane","Skewer"],"picked":"PiercingWail+1","floor":31},{"not_picked":["Doppelganger+1","After Image"],"picked":"Adrenaline+1","floor":33},{"not_picked":["Finisher","Sucker Punch"],"picked":"Crippling Poison+1","floor":35},{"not_picked":["Quick Slash","Blade Dance+1"],"picked":"Blur+1","floor":38},{"not_picked":["Deflect+1","Terror+1","Endless Agony+1"],"picked":"SKIP","floor":39},{"not_picked":["Flying Knee","Dodge and Roll+1"],"picked":"Corpse Explosion+1","floor":41},{"not_picked":["Escape Plan+1","Sucker Punch"],"picked":"Deadly Poison+1","floor":44},{"not_picked":["Quick Slash","Outmaneuver+1"],"picked":"Footwork+1","floor":45},{"not_picked":["Terror+1","Quick Slash"],"picked":"Prepared+1","floor":48},{"not_picked":["Underhanded Strike+1","Eviscerate+1","Distraction+1"],"picked":"SKIP","floor":54}],"player_experience":1234744,"relics_obtained":[{"floor":6,"key":"Sundial"},{"floor":8,"key":"Blue Candle"},{"floor":9,"key":"Gremlin Horn"},{"floor":12,"key":"Odd Mushroom"},{"floor":26,"key":"Snake Skull"},{"floor":28,"key":"Toxic Egg 2"},{"floor":28,"key":"Oddly Smooth Stone"},{"floor":31,"key":"Matryoshka"},{"floor":31,"key":"Art of War"},{"floor":41,"key":"PreservedInsect"},{"floor":41,"key":"Centennial Puzzle"},{"floor":43,"key":"MawBank"},{"floor":48,"key":"Ancient Tea Set"},{"floor":48,"key":"Bag of Marbles"},{"floor":54,"key":"Orichalcum"},{"floor":54,"key":"Bottled Lightning"}],"event_choices":[{"damage_healed":0,"gold_gain":0,"player_choice":"Entered Light","damage_taken":14,"max_hp_gain":0,"max_hp_loss":0,"event_name":"Shining Light","floor":4,"gold_loss":0,"cards_upgraded":["All Out Attack","Defend_G"]},{"damage_healed":0,"gold_gain":0,"player_choice":"Fought Mushrooms","damage_taken":0,"max_hp_gain":0,"max_hp_loss":0,"event_name":"Mushrooms","floor":12,"gold_loss":0},{"cards_removed":["Strike_G"],"damage_healed":0,"gold_gain":0,"player_choice":"Purged","damage_taken":0,"max_hp_gain":0,"max_hp_loss":0,"event_name":"Purifier","floor":13,"gold_loss":0},{"damage_healed":0,"gold_gain":0,"cards_transformed":["Strike_G"],"player_choice":"Transformed","damage_taken":0,"max_hp_gain":0,"max_hp_loss":0,"event_name":"Transmorgrifier","floor":21,"gold_loss":0,"cards_obtained":["Storm of Steel"]},{"damage_healed":0,"gold_gain":0,"player_choice":"Ignored","damage_taken":0,"max_hp_gain":0,"max_hp_loss":0,"event_name":"Vampires","floor":29,"gold_loss":0},{"damage_healed":0,"gold_gain":0,"cards_transformed":["Strike_G"],"player_choice":"Transformed","damage_taken":0,"max_hp_gain":0,"max_hp_loss":0,"event_name":"Transmorgrifier","floor":36,"gold_loss":0,"cards_obtained":["Slice"]}],"is_beta":true,"boss_relics":[{"not_picked":["Coffee Dripper","WristBlade"],"picked":"Black Star"},{"not_picked":["Eternal Feather","White Beast Statue"],"picked":"Sozu"}],"items_purged_floors":[11,20,37],"is_endless":false,"potions_floor_spawned":[1,3,5,6,14,22,25,27,28,31,33,35,39,44,54],"ascension_level":0}