{"gold_per_floor":[116,136,147,147,164,164,196,196,222,242,257,257,285,296,296,393,393,413,428,428,441,441,441,456,456,456,284,296,296,314,288,288,288],"floor_reached":33,"playtime":1058,"items_purged":[],"score":355,"play_id":"795cc192-af41-4367-8b71-3abc3f1828bf","local_time":"20190125182436","is_ascension_mode":true,"campfire_choices":[{"data":"Armaments","floor":6,"key":"SMITH"},{"data":"Cleave","floor":8,"key":"SMITH"},{"floor":15,"key":"REST"},{"floor":23,"key":"REST"},{"floor":29,"key":"RECALL"},{"floor":32,"key":"REST"}],"neow_cost":"NONE","seed_source_timestamp":245876638900250,"circlet_count":0,"master_deck":["Strike_R+1","Strike_R+1","Strike_R+1","Defend_R+1","Defend_R+1","Defend_R+1","Defend_R+1","Bash","Thunderclap","Thunderclap","Inflame+1","Armaments+1","Cleave+1","Pommel Strike","Pommel Strike","Ghostly Armor","Bludgeon","Impervious","True Grit","Rampage","Intimidate","Warcry","Metallicize","Double Tap","Dropkick+1","Power Through","Headbutt"],"relics":["Burning Blood","Omamori","War Paint","Mark of Pain","Shovel"],"potions_floor_usage":[7,13,25,33,33,33],"damage_taken":[{"damage":1,"enemies":"Cultist","floor":1,"turns":4},{"damage":0,"enemies":"2 Louse","floor":2,"turns":2},{"damage":8,"enemies":"Jaw Worm","floor":3,"turns":4},{"damage":0,"enemies":"Large Slime","floor":5,"turns":4},{"damage":12,"enemies":"3 Sentries","floor":7,"turns":5},{"damage":10,"enemies":"Exordium Wildlife","floor":10,"turns":4},{"damage":22,"enemies":"3 Louse","floor":11,"turns":3},{"damage":23,"enemies":"Lagavulin","floor":13,"turns":5},{"damage":3,"enemies":"Blue Slaver","floor":14,"turns":3},{"damage":36,"enemies":"Slime Boss","floor":16,"turns":10},{"damage":0,"enemies":"Chosen","floor":18,"turns":4},{"damage":25,"enemies":"3 Byrds","floor":19,"turns":6},{"damage":13,"enemies":"Shelled Parasite and Fungi","floor":21,"turns":7},{"damage":0,"enemies":"Snecko","floor":24,"turns":4},{"damage":0,"enemies":"Sentry and Sphere","floor":25,"turns":3},{"damage":17,"enemies":"Shelled Parasite and Fungi","floor":28,"turns":7},{"damage":31,"enemies":"Centurion and Healer","floor":30,"turns":4},{"damage":73,"enemies":"Automaton","floor":33,"turns":8}],"seed_played":"-836273464276086889","potions_obtained":[{"floor":0,"key":"SmokeBomb"},{"floor":0,"key":"Swift Potion"},{"floor":0,"key":"Fire Potion"},{"floor":10,"key":"Dexterity Potion"},{"floor":16,"key":"EssenceOfSteel"},{"floor":21,"key":"LiquidBronze"},{"floor":28,"key":"LiquidBronze"}],"is_trial":false,"path_per_floor":["M","M","M","?","M","R","E","R","T","M","M","?","E","M","R","B",null,"M","M","?","M","?","R","M","M","T","$","M","R","M","$","R","B"],"character_chosen":"IRONCLAD","items_purchased":["Metallicize","Double Tap","Headbutt"],"campfire_rested":3,"item_purchase_floors":[27,27,31],"current_hp_per_floor":[77,80,78,78,80,80,74,74,74,70,54,54,37,40,64,34,69,75,56,56,49,49,73,79,80,80,80,69,69,44,44,68,0],"gold":288,"neow_bonus":"THREE_SMALL_POTIONS","is_prod":false,"is_daily":false,"chose_seed":false,"campfire_upgraded":2,"win_rate":0,"timestamp":1548451476,"path_taken":["M","M","M","?","M","R","E","R","T","M","M","?","E","?","R","BOSS","M","M","?","M","?","R","M","?","T","$","M","R","M","?","R","BOSS"],"build_version":"2019-01-23","purchased_purges":0,"victory":false,"max_hp_per_floor":[80,80,80,80,80,80,80,80,80,80,80,80,80,80,80,80,80,80,80,80,80,80,80,80,80,80,80,80,80,80,80,80,80],"card_choices":[{"not_picked":["Sword Boomerang","Feel No Pain"],"picked":"Thunderclap","floor":1},{"not_picked":["Body Slam","Wild Strike"],"picked":"Thunderclap","floor":2},{"not_picked":["Warcry","Power Through"],"picked":"Inflame","floor":3},{"not_picked":["Twin Strike","Offering"],"picked":"Armaments","floor":5},{"not_picked":["Iron Wave","Thunderclap"],"picked":"Cleave","floor":7},{"not_picked":["Clothesline","Sentinel"],"picked":"Pommel Strike","floor":10},{"not_picked":["Body Slam","Disarm"],"picked":"Pommel Strike","floor":11},{"not_picked":["Pommel Strike","Burning Pact"],"picked":"Ghostly Armor","floor":13},{"not_picked":["Shockwave","Pommel Strike"],"picked":"Bludgeon","floor":14},{"not_picked":["Demon Form","Juggernaut"],"picked":"Impervious","floor":16},{"not_picked":["Flex","Clash"],"picked":"True Grit","floor":18},{"not_picked":["Havoc","Pummel"],"picked":"Rampage","floor":19},{"not_picked":["Hemokinesis","Perfected Strike"],"picked":"Intimidate","floor":21},{"not_picked":["Twin Strike","Pommel Strike"],"picked":"Warcry","floor":24},{"not_picked":["Cleave","Hemokinesis"],"picked":"Dropkick+1","floor":28},{"not_picked":["Rupture","Combust"],"picked":"Power Through","floor":30}],"player_experience":675033,"relics_obtained":[{"floor":7,"key":"Omamori"},{"floor":13,"key":"War Paint"},{"floor":26,"key":"Shovel"}],"event_choices":[{"damage_healed":0,"gold_gain":0,"player_choice":"Grow","damage_taken":0,"max_hp_gain":0,"max_hp_loss":0,"event_name":"Living Wall","floor":4,"gold_loss":0,"cards_upgraded":["Inflame"]},{"cards_removed":["Strike_R"],"damage_healed":0,"gold_gain":0,"player_choice":"Purged","damage_taken":0,"max_hp_gain":0,"max_hp_loss":0,"event_name":"Purifier","floor":12,"gold_loss":0},{"damage_healed":0,"gold_gain":0,"player_choice":"Simplicity","damage_taken":0,"max_hp_gain":0,"max_hp_loss":0,"event_name":"Back to Basics","floor":20,"gold_loss":0,"cards_upgraded":["Strike_R","Strike_R","Strike_R","Strike_R","Defend_R","Defend_R"]},{"cards_removed":["Strike_R"],"damage_healed":0,"gold_gain":0,"player_choice":"Purged","damage_taken":0,"max_hp_gain":0,"max_hp_loss":0,"event_name":"Purifier","floor":22,"gold_loss":0}],"is_beta":false,"boss_relics":[{"not_picked":["White Beast Statue","Sozu"],"picked":"Mark of Pain"}],"items_purged_floors":[],"is_endless":false,"potions_floor_spawned":[1,2,5,10,16,19,21,24,28],"killed_by":"Automaton","ascension_level":7}