{"gold_per_floor":[115,115,134,31,46,46,63,89,142,142,159,179,179,213,213,213],"floor_reached":16,"playtime":900,"items_purged":[],"score":176,"play_id":"17f6e06d-6beb-4d0e-b20d-c705fdf1932d","local_time":"20181227183036","is_ascension_mode":true,"campfire_choices":[{"data":"Conserve Battery","floor":6,"key":"SMITH"},{"floor":10,"key":"REST"},{"data":"Sunder","floor":15,"key":"SMITH"}],"neow_cost":"NONE","seed_source_timestamp":511099322926491,"circlet_count":0,"master_deck":["Strike_B","Strike_B","Strike_B","Strike_B","Defend_B","Defend_B","Defend_B","Defend_B","Zap","Dualcast","Conserve Battery+1","Seek","Conserve Battery","Turbo","Conserve Battery+1","Sunder+1","Self Repair","Conserve Battery","FTL","Leap"],"relics":["Cracked Core","Orichalcum","Dodecahedron","Happy Flower","Omamori"],"potions_floor_usage":[8,14,16],"damage_taken":[{"damage":2,"enemies":"Jaw Worm","floor":1,"turns":4},{"damage":0,"enemies":"Cultist","floor":3,"turns":3},{"damage":0,"enemies":"2 Louse","floor":5,"turns":2},{"damage":7,"enemies":"Large Slime","floor":7,"turns":8},{"damage":11,"enemies":"3 Sentries","floor":8,"turns":9},{"damage":7,"enemies":"Looter","floor":11,"turns":4},{"damage":0,"enemies":"Red Slaver","floor":12,"turns":4},{"damage":5,"enemies":"Lagavulin","floor":14,"turns":7},{"damage":77,"enemies":"Slime Boss","floor":16,"turns":15}],"seed_played":"7765033290786803890","potions_obtained":[{"floor":1,"key":"Dexterity Potion"},{"floor":7,"key":"Poison Potion"},{"floor":11,"key":"Swift Potion"},{"floor":12,"key":"Dexterity Potion"}],"is_trial":false,"path_per_floor":["M","?","M","$","M","R","M","E","T","R","M","M","?","E","R","B"],"character_chosen":"DEFECT","items_purchased":["Conserve Battery","Turbo"],"campfire_rested":1,"item_purchase_floors":[4,4],"current_hp_per_floor":[66,66,66,66,66,66,59,48,48,70,70,75,75,75,75,0],"gold":213,"neow_bonus":"RANDOM_COMMON_RELIC","is_prod":false,"is_daily":false,"chose_seed":false,"campfire_upgraded":2,"win_rate":0,"timestamp":1545946236,"path_taken":["M","?","M","$","?","R","M","E","T","R","M","M","?","E","R","BOSS"],"build_version":"2018-12-20","purchased_purges":0,"victory":false,"max_hp_per_floor":[75,75,75,75,75,75,75,75,75,75,75,75,75,75,75,75],"card_choices":[{"not_picked":["Reprogram","Compile Driver"],"picked":"Conserve Battery","floor":1},{"not_picked":["Sweeping Beam","Compile Driver"],"picked":"Seek","floor":3},{"not_picked":["Reprogram","Beam Cell"],"picked":"Conserve Battery","floor":5},{"not_picked":["Blizzard","Gash"],"picked":"Sunder","floor":7},{"not_picked":["Streamline","Barrage"],"picked":"Self Repair","floor":8},{"not_picked":["Aggregate","Biased Cognition"],"picked":"Conserve Battery","floor":11},{"not_picked":["Hologram","Leap"],"picked":"FTL","floor":12},{"not_picked":["Compile Driver","Multi-Cast"],"picked":"Leap","floor":14}],"player_experience":550363,"relics_obtained":[{"floor":8,"key":"Dodecahedron"},{"floor":9,"key":"Happy Flower"},{"floor":14,"key":"Omamori"}],"event_choices":[{"damage_healed":0,"gold_gain":0,"player_choice":"Upgraded","damage_taken":0,"max_hp_gain":0,"max_hp_loss":0,"event_name":"Upgrade Shrine","floor":2,"gold_loss":0,"cards_upgraded":["Conserve Battery"]},{"damage_healed":0,"gold_gain":0,"player_choice":"Leave","damage_taken":0,"max_hp_gain":0,"max_hp_loss":0,"event_name":"The Cleric","floor":13,"gold_loss":0}],"is_beta":false,"boss_relics":[],"items_purged_floors":[],"is_endless":false,"potions_floor_spawned":[1,7,11,12],"killed_by":"Slime Boss","ascension_level":7}