{"gold_per_floor":[359,26,36,55,67,67,93,107,107,126,126,152,170,233,233,311,311,331,342,342,107,118,152,152,168,168,168,168,200,219,248,248,321,321,337,337,351,365,382,417,447,447],"floor_reached":42,"playtime":3329,"items_purged":["Strike_B","Hello World"],"score":1289,"play_id":"7055520d-bae7-4814-9019-fccb6485b272","local_time":"20190507152134","is_ascension_mode":true,"campfire_choices":[{"data":"Apotheosis","floor":6,"key":"SMITH"},{"floor":11,"key":"REST"},{"data":"Coolheaded","floor":15,"key":"SMITH"},{"floor":24,"key":"REST"},{"floor":28,"key":"REST"},{"data":"Capacitor","floor":32,"key":"SMITH"}],"neow_cost":"PERCENT_DAMAGE","seed_source_timestamp":130227403910893,"circlet_count":0,"master_deck":["AscendersBane","Strike_B","Strike_B","Strike_B","Defend_B","Defend_B","Defend_B","Defend_B","Zap","Dualcast","Apotheosis+1","Sweeping Beam","Conserve Battery","Go for the Eyes","Ball Lightning","Coolheaded+1","Doom and Gloom+1","Hologram","All For One","Go for the Eyes","Turbo","Capacitor+1","Compile Driver","Undo+1","Biased Cognition","Defragment","Coolheaded","Seek","Defragment"],"relics":["Cracked Core","PreservedInsect","Singing Bowl","Ice Cream","Symbiotic Virus","Sozu","Cables","Question Card","Mummified Hand","Gambling Chip","Black Star","Vajra","The Courier","WingedGreaves","DataDisk","Darkstone Periapt"],"potions_floor_usage":[14,41],"damage_taken":[{"damage":2,"enemies":"Cultist","floor":1,"turns":4},{"damage":2,"enemies":"Jaw Worm","floor":3,"turns":3},{"damage":2,"enemies":"Small Slimes","floor":4,"turns":3},{"damage":0,"enemies":"Looter","floor":5,"turns":3},{"damage":6,"enemies":"3 Sentries","floor":7,"turns":6},{"damage":0,"enemies":"Gremlin Gang","floor":8,"turns":3},{"damage":15,"enemies":"Exordium Wildlife","floor":10,"turns":4},{"damage":0,"enemies":"Lagavulin","floor":12,"turns":5},{"damage":4,"enemies":"Lots of Slimes","floor":13,"turns":2},{"damage":6,"enemies":"Gremlin Nob","floor":14,"turns":3},{"damage":20,"enemies":"Slime Boss","floor":16,"turns":6},{"damage":0,"enemies":"Chosen","floor":18,"turns":3},{"damage":10,"enemies":"3 Byrds","floor":19,"turns":3},{"damage":19,"enemies":"Snake Plant","floor":22,"turns":4},{"damage":0,"enemies":"Gremlin Leader","floor":23,"turns":3},{"damage":3,"enemies":"Snecko","floor":25,"turns":4},{"damage":13,"enemies":"Book of Stabbing","floor":29,"turns":3},{"damage":1,"enemies":"Centurion and Healer","floor":30,"turns":4},{"damage":0,"enemies":"Gremlin Leader","floor":31,"turns":4},{"damage":19,"enemies":"Champ","floor":33,"turns":17},{"damage":9,"enemies":"3 Shapes","floor":35,"turns":5},{"damage":0,"enemies":"Orb Walker","floor":37,"turns":2},{"damage":0,"enemies":"Maw","floor":38,"turns":6},{"damage":4,"enemies":"Writhing Mass","floor":39,"turns":6},{"damage":12,"enemies":"Giant Head","floor":40,"turns":7},{"damage":27,"enemies":"Nemesis","floor":41,"turns":5},{"damage":39,"enemies":"3 Darklings","floor":42,"turns":2}],"seed_played":"-5713624432512005283","potions_obtained":[{"floor":5,"key":"Swift Potion"},{"floor":10,"key":"SkillPotion"},{"floor":16,"key":"FearPotion"}],"is_trial":false,"path_per_floor":["M","$","M","M","M","R","E","M","T","M","R","E","M","?","R","B",null,"M","M","?","$","M","E","R","M","T","$","R","E","M","E","R","B",null,"M","?","M","M","M","E","E","M"],"character_chosen":"DEFECT","items_purchased":["Apotheosis","Sweeping Beam","Conserve Battery","Capacitor","Compile Driver"],"campfire_rested":3,"item_purchase_floors":[2,2,2,21,21],"current_hp_per_floor":[44,44,42,40,40,40,34,34,34,21,42,44,42,36,36,16,62,62,52,52,52,33,35,58,57,57,57,81,70,71,73,73,54,79,70,70,72,72,68,56,31,0],"gold":447,"neow_bonus":"TWO_FIFTY_GOLD","is_prod":false,"is_daily":false,"chose_seed":false,"campfire_upgraded":3,"win_rate":0,"timestamp":1557256894,"path_taken":["M","$","M","M","M","R","E","M","T","M","R","E","?","?","R","BOSS","M","M","?","$","M","E","R","?","T","?","R","E","M","E","R","BOSS","M","?","M","?","M","E","E","M"],"build_version":"2019-01-23","purchased_purges":2,"victory":false,"max_hp_per_floor":[71,71,71,71,71,71,71,71,71,73,73,75,77,77,77,77,77,77,77,77,77,77,79,79,81,81,81,81,83,85,87,87,87,87,87,87,89,89,89,89,91,91],"card_choices":[{"not_picked":["Turbo","Rebound"],"picked":"Hello World","floor":1},{"not_picked":["Rebound","Redo"],"picked":"Go for the Eyes","floor":3},{"not_picked":["Sweeping Beam","Lockon"],"picked":"Ball Lightning","floor":4},{"not_picked":["Heatsinks","Hologram"],"picked":"Coolheaded","floor":5},{"not_picked":["Hologram","Turbo"],"picked":"Doom and Gloom","floor":7},{"not_picked":["Amplify","Barrage","Heatsinks"],"picked":"SKIP","floor":8},{"not_picked":["Coolheaded","Beam Cell","Skim"],"picked":"Singing Bowl","floor":10},{"not_picked":["Force Field","Steam","Rebound"],"picked":"Singing Bowl","floor":12},{"not_picked":["Tempest","Gash","Blizzard"],"picked":"Singing Bowl","floor":13},{"not_picked":["Hello World","Storm"],"picked":"Hologram","floor":14},{"not_picked":["Thunder Strike","Hyperbeam"],"picked":"All For One","floor":16},{"not_picked":["Rebound","Scrape"],"picked":"Go for the Eyes","floor":18},{"not_picked":["Auto Shields","Steam+1"],"picked":"Turbo","floor":19},{"not_picked":["Leap","Go for the Eyes"],"picked":"Undo+1","floor":22},{"not_picked":["Redo","Heatsinks","Aggregate"],"picked":"Singing Bowl","floor":23},{"not_picked":["Turbo","Rebound","Streamline"],"picked":"Singing Bowl","floor":25},{"not_picked":["Ball Lightning","Leap","Lockon","Multi-Cast"],"picked":"Singing Bowl","floor":29},{"not_picked":["Heatsinks","Steam","Cold Snap","Ball Lightning"],"picked":"Singing Bowl","floor":30},{"not_picked":["Turbo+1","Reprogram+1","Hello World","Ball Lightning"],"picked":"Singing Bowl","floor":31},{"not_picked":["All For One","Hyperbeam","Fission"],"picked":"Biased Cognition","floor":33},{"not_picked":["Streamline","Hologram+1","FTL"],"picked":"Defragment","floor":35},{"not_picked":["Doom and Gloom","Gash","Go for the Eyes","Barrage"],"picked":"Singing Bowl","floor":37},{"not_picked":["Glacier","FTL+1","Barrage+1"],"picked":"Coolheaded","floor":38},{"not_picked":["Sweeping Beam","Steam","Stack"],"picked":"Seek","floor":39},{"not_picked":["FTL","Coolheaded","Storm"],"picked":"Defragment","floor":40},{"not_picked":["Steam","Sweeping Beam+1","Streamline","Blizzard"],"picked":"Singing Bowl","floor":41}],"player_experience":1283800,"relics_obtained":[{"floor":7,"key":"PreservedInsect"},{"floor":9,"key":"Singing Bowl"},{"floor":12,"key":"Ice Cream"},{"floor":23,"key":"Cables"},{"floor":26,"key":"Question Card"},{"floor":29,"key":"Mummified Hand"},{"floor":31,"key":"Gambling Chip"},{"floor":40,"key":"The Courier"},{"floor":40,"key":"WingedGreaves"},{"floor":41,"key":"DataDisk"},{"floor":41,"key":"Darkstone Periapt"}],"event_choices":[{"damage_healed":0,"gold_gain":0,"player_choice":"Searched \u00273\u0027 times","damage_taken":0,"relics_obtained":["Symbiotic Virus"],"max_hp_gain":0,"max_hp_loss":0,"event_name":"Dead Adventurer","floor":14,"gold_loss":0},{"damage_healed":0,"gold_gain":0,"player_choice":"Forge","damage_taken":0,"max_hp_gain":0,"max_hp_loss":0,"event_name":"Accursed Blacksmith","floor":20,"gold_loss":0,"cards_upgraded":["Doom and Gloom"]},{"damage_healed":0,"gold_gain":0,"player_choice":"Gave Potion","damage_taken":0,"relics_obtained":["Vajra"],"max_hp_gain":0,"max_hp_loss":0,"event_name":"WeMeetAgain","floor":36,"gold_loss":0}],"is_beta":false,"boss_relics":[{"not_picked":["Eternal Feather","FrozenCore"],"picked":"Sozu"},{"not_picked":["Fusion Hammer","Calling Bell"],"picked":"Black Star"}],"items_purged_floors":[2,21],"is_endless":false,"potions_floor_spawned":[5,10,12,16,19,25,31,35,37,39,41],"killed_by":"3 Darklings","ascension_level":20}