{"gold_per_floor":[360,380,394,43,62,92,92,106,106,132,147,147,147,163,163,263,263,275,53,153,153,169,203,203,203,226,226,426,451,469,479,479,479,479,490,507,34,49,59,84,111,139,177,219,231,243,272,22,22,22,22,22,22,53,53],"floor_reached":55,"playtime":3039,"items_purged":["Strike_B"],"score":856,"play_id":"6d667654-075b-42ab-bbf9-a5948fa7b619","local_time":"20190502215633","is_ascension_mode":false,"campfire_choices":[{"data":"Zap","floor":7,"key":"SMITH"},{"data":"Sunder","floor":12,"key":"SMITH"},{"data":"Skim","floor":15,"key":"SMITH"},{"data":"Defragment","floor":25,"key":"SMITH"},{"data":"Defragment","floor":27,"key":"SMITH"},{"data":"Machine Learning","floor":32,"key":"SMITH"},{"floor":46,"key":"RECALL"},{"data":"Chill","floor":49,"key":"SMITH"},{"data":"Double Energy","floor":52,"key":"SMITH"}],"neow_cost":"TEN_PERCENT_HP_LOSS","seed_source_timestamp":382201404636862,"circlet_count":0,"master_deck":["Strike_B","Strike_B","Strike_B","Defend_B","Defend_B","Defend_B","Defend_B","Zap+1","Dualcast","Sunder+1","Ball Lightning","Reinforced Body","Chill+1","Core Surge","Sweeping Beam","Gash","Skim+1","Seek","Beam Cell","Gash","Machine Learning+1","Defragment+1","Double Energy+1","Writhe","Defragment+1","Ball Lightning","BootSequence","Ball Lightning+1","Coolheaded","Barrage","Consume+1","Stack","Hologram+1","Gash+1","Fusion+1","Steam+1","Flash of Steel","Flash of Steel","Turbo+1","Compile Driver"],"relics":["FrozenCore","Runic Capacitor","Shuriken","Turnip","Bird Faced Urn","Bag of Preparation","Dead Branch","Pear","Du-Vu Doll","Dodecahedron","MutagenicStrength","Bag of Marbles","Art of War","Inserter","Strange Spoon","Oddly Smooth Stone","MawBank","Vajra","Ornamental Fan","Orichalcum"],"potions_floor_usage":[10,10,18,20,23,33,33,39,44,44,55,55],"damage_taken":[{"damage":1,"enemies":"Cultist","floor":1,"turns":3},{"damage":1,"enemies":"Jaw Worm","floor":2,"turns":3},{"damage":0,"enemies":"2 Louse","floor":3,"turns":1},{"damage":0,"enemies":"Large Slime","floor":5,"turns":4},{"damage":9,"enemies":"3 Sentries","floor":6,"turns":5},{"damage":2,"enemies":"Exordium Thugs","floor":8,"turns":3},{"damage":0,"enemies":"Gremlin Nob","floor":10,"turns":2},{"damage":5,"enemies":"Blue Slaver","floor":11,"turns":3},{"damage":0,"enemies":"Exordium Wildlife","floor":14,"turns":2},{"damage":0,"enemies":"Slime Boss","floor":16,"turns":5},{"damage":3,"enemies":"3 Byrds","floor":18,"turns":3},{"damage":5,"enemies":"Colosseum Slavers","floor":20,"turns":3},{"damage":2,"enemies":"Colosseum Nobs","floor":20,"turns":5},{"damage":6,"enemies":"Chosen","floor":22,"turns":4},{"damage":14,"enemies":"Book of Stabbing","floor":23,"turns":5},{"damage":2,"enemies":"Slavers","floor":29,"turns":5},{"damage":4,"enemies":"Snake Plant","floor":30,"turns":3},{"damage":0,"enemies":"Snecko","floor":31,"turns":5},{"damage":18,"enemies":"Collector","floor":33,"turns":5},{"damage":0,"enemies":"3 Shapes","floor":35,"turns":2},{"damage":3,"enemies":"Orb Walker","floor":36,"turns":2},{"damage":8,"enemies":"Spire Growth","floor":38,"turns":5},{"damage":0,"enemies":"Transient","floor":39,"turns":5},{"damage":11,"enemies":"Nemesis","floor":40,"turns":7},{"damage":0,"enemies":"Jaw Worm Horde","floor":41,"turns":3},{"damage":0,"enemies":"Spire Growth","floor":42,"turns":5},{"damage":8,"enemies":"Reptomancer","floor":44,"turns":5},{"damage":3,"enemies":"3 Darklings","floor":47,"turns":6},{"damage":6,"enemies":"Awakened One","floor":50,"turns":9},{"damage":5,"enemies":"Shield and Spear","floor":54,"turns":5},{"damage":83,"enemies":"The Heart","floor":55,"turns":8}],"seed_played":"6745760760515481012","potions_obtained":[{"floor":1,"key":"AttackPotion"},{"floor":6,"key":"Fire Potion"},{"floor":8,"key":"Explosive Potion"},{"floor":10,"key":"SpeedPotion"},{"floor":16,"key":"LiquidBronze"},{"floor":18,"key":"AttackPotion"},{"floor":20,"key":"EssenceOfSteel"},{"floor":30,"key":"Energy Potion"},{"floor":31,"key":"Ancient Potion"},{"floor":36,"key":"FearPotion"},{"floor":38,"key":"Explosive Potion"},{"floor":42,"key":"PowerPotion"},{"floor":44,"key":"GamblersBrew"},{"floor":47,"key":"GamblersBrew"}],"is_trial":false,"path_per_floor":["M","M","M","$","M","E","R","M","T","E","M","R","?","M","R","B",null,"M","$","?","?","M","E","?","R","T","R","?","E","M","M","R","B",null,"M","M","$","M","M","E","M","M","T","E","?","R","M","$","R","B",null,"R","$","E","B"],"character_chosen":"DEFECT","items_purchased":["Runic Capacitor","Chill","Core Surge","Bag of Preparation","Defragment","Barrage","Strange Spoon","Oddly Smooth Stone","Ornamental Fan"],"campfire_rested":0,"item_purchase_floors":[4,4,4,19,19,37,37,37,48],"current_hp_per_floor":[67,66,66,66,66,57,57,55,55,55,50,50,50,50,50,50,68,67,67,75,75,73,65,65,65,65,65,65,67,67,73,73,65,78,78,75,75,70,76,69,71,77,77,74,64,64,67,67,67,67,78,78,78,75,0],"gold":53,"neow_bonus":"TWO_FIFTY_GOLD","is_prod":false,"is_daily":false,"chose_seed":false,"campfire_upgraded":8,"win_rate":0,"timestamp":1556830593,"path_taken":["M","M","M","$","M","E","R","M","T","E","M","R","?","M","R","BOSS","M","$","?","?","M","E","?","R","T","R","?","E","?","M","R","BOSS","M","M","$","M","M","E","M","M","T","E","?","R","M","$","R","BOSS","R","$","E","BOSS"],"build_version":"2019-04-23","purchased_purges":1,"victory":false,"max_hp_per_floor":[68,68,68,68,68,68,68,68,68,68,68,68,68,68,68,68,68,68,68,78,78,78,78,78,78,78,78,78,78,78,78,78,78,78,78,78,78,78,78,78,78,78,78,78,78,78,78,78,78,78,78,78,78,78,78],"card_choices":[{"not_picked":["Stack","Lockon"],"picked":"Sunder","floor":1},{"not_picked":["Reprogram","Aggregate"],"picked":"Ball Lightning","floor":2},{"not_picked":["Force Field","Leap"],"picked":"Reinforced Body","floor":3},{"not_picked":["Blizzard","Sunder"],"picked":"Sweeping Beam","floor":5},{"not_picked":["Sunder","Core Surge"],"picked":"Gash","floor":6},{"not_picked":["Sunder","Self Repair"],"picked":"Skim","floor":8},{"not_picked":["Steam Power","Stack"],"picked":"Seek","floor":10},{"not_picked":["Cold Snap","Chill"],"picked":"Beam Cell","floor":11},{"not_picked":["Barrage","Sunder"],"picked":"Gash","floor":14},{"not_picked":["Creative AI","Seek"],"picked":"Machine Learning","floor":16},{"not_picked":["Streamline+1","Melter","Stack"],"picked":"SKIP","floor":18},{"not_picked":["Tempest","Cold Snap"],"picked":"Double Energy","floor":20},{"not_picked":["Conserve Battery","Beam Cell"],"picked":"Defragment","floor":22},{"not_picked":["Glacier+1","Chill+1"],"picked":"Ball Lightning","floor":23},{"not_picked":["Sweeping Beam","Double Energy"],"picked":"BootSequence","floor":29},{"not_picked":["Multi-Cast","Heatsinks"],"picked":"Ball Lightning+1","floor":30},{"not_picked":["Leap","Melter","Conserve Battery+1"],"picked":"SKIP","floor":31},{"not_picked":["Doom and Gloom","Sweeping Beam","Undo"],"picked":"SKIP","floor":35},{"not_picked":["Streamline+1","Rip and Tear+1"],"picked":"Coolheaded","floor":36},{"not_picked":["Double Energy+1","Coolheaded"],"picked":"Consume+1","floor":38},{"not_picked":["Stack","Barrage","Melter"],"picked":"SKIP","floor":39},{"not_picked":["Barrage","Melter"],"picked":"Stack","floor":39},{"not_picked":["Conserve Battery+1","Skim"],"picked":"Hologram+1","floor":40},{"not_picked":["Tempest","Rip and Tear"],"picked":"Gash+1","floor":41},{"not_picked":["Consume+1","Beam Cell"],"picked":"Fusion+1","floor":42},{"not_picked":["Consume","Leap+1"],"picked":"Steam+1","floor":44},{"not_picked":["PanicButton","Blind"],"picked":"Flash of Steel","floor":45},{"not_picked":["Madness","Metamorphosis"],"picked":"Flash of Steel","floor":45},{"not_picked":["Cold Snap","Redo+1"],"picked":"Turbo+1","floor":47},{"not_picked":["Conserve Battery","Go for the Eyes"],"picked":"Compile Driver","floor":54}],"player_experience":1279030,"relics_obtained":[{"floor":6,"key":"Shuriken"},{"floor":9,"key":"Turnip"},{"floor":10,"key":"Bird Faced Urn"},{"floor":20,"key":"Dead Branch"},{"floor":20,"key":"Pear"},{"floor":23,"key":"Dodecahedron"},{"floor":26,"key":"Bag of Marbles"},{"floor":29,"key":"Art of War"},{"floor":40,"key":"MawBank"},{"floor":44,"key":"Vajra"},{"floor":54,"key":"Orichalcum"}],"event_choices":[{"damage_healed":0,"gold_gain":0,"player_choice":"0 cards matched","damage_taken":0,"max_hp_gain":0,"max_hp_loss":0,"event_name":"Match and Keep!","floor":13,"gold_loss":0,"cards_obtained":[]},{"damage_healed":0,"gold_gain":0,"player_choice":"Fight","damage_taken":0,"max_hp_gain":0,"max_hp_loss":0,"event_name":"Colosseum","floor":20,"gold_loss":0},{"damage_healed":0,"gold_gain":0,"player_choice":"Fought Nobs","damage_taken":0,"max_hp_gain":0,"max_hp_loss":0,"event_name":"Colosseum","floor":20,"gold_loss":0},{"damage_healed":0,"gold_gain":0,"player_choice":"Opened","damage_taken":0,"relics_obtained":["Du-Vu Doll"],"max_hp_gain":0,"max_hp_loss":0,"event_name":"The Mausoleum","floor":21,"gold_loss":0,"cards_obtained":["Writhe"]},{"damage_healed":0,"gold_gain":0,"player_choice":"Inject Mutagens","damage_taken":0,"relics_obtained":["MutagenicStrength"],"max_hp_gain":0,"max_hp_loss":0,"event_name":"Drug Dealer","floor":24,"gold_loss":0},{"damage_healed":0,"gold_gain":250,"player_choice":"Bet on Owner","damage_taken":0,"max_hp_gain":0,"max_hp_loss":0,"event_name":"The Joust","floor":28,"gold_loss":50},{"damage_healed":0,"gold_gain":0,"player_choice":"Memory 3","damage_taken":10,"max_hp_gain":0,"max_hp_loss":0,"event_name":"SensoryStone","floor":45,"gold_loss":0}],"is_beta":true,"boss_relics":[{"not_picked":["Busted Crown","White Beast Statue"],"picked":"FrozenCore"},{"not_picked":["Black Star","Eternal Feather"],"picked":"Inserter"}],"items_purged_floors":[37],"is_endless":false,"potions_floor_spawned":[1,6,8,10,16,18,20,20,30,31,36,38,42,44,47],"killed_by":"The Heart","ascension_level":0}