{"gold_per_floor":[111,76,140,155,155,186,186,214,214,241,241,241,273,333,333,429,429,446,496,546,607,402,402,427,461,487,520,554,585,12,62,62,165,165,180,240,78,1127,1177,1207,1241,1271,1297,1297,1332,1332,1367,1396,1396,1396],"floor_reached":51,"playtime":1249,"items_purged":[],"score":1454,"play_id":"615e72be-9c5f-4257-b318-269f2ab95f1b","local_time":"20190428205051","daily_mods":["Cursed Run","Flight","Elite Swarm"],"is_ascension_mode":false,"campfire_choices":[{"data":"1","floor":7,"key":"LIFT"},{"data":"2","floor":12,"key":"LIFT"},{"data":"3","floor":15,"key":"LIFT"},{"floor":23,"key":"DIG"},{"floor":32,"key":"DIG"},{"floor":44,"key":"DIG"},{"floor":46,"key":"DIG"},{"floor":49,"key":"DIG"}],"neow_cost":"","seed_source_timestamp":0,"circlet_count":0,"master_deck":["Strike_R","Strike_R","Strike_R","Strike_R","Strike_R","Defend_R","Defend_R","Defend_R","Defend_R","Bash","Armaments","Carnage","Anger","Feed","Limit Break","Regret","Regret","Feed","Whirlwind","Injury","Fiend Fire+1","Pain","Pain","Clumsy","Anger+1","Havoc","Feed","Heavy Blade","Bludgeon","Reaper","Decay","Reaper","Double Tap","Double Tap","Berserk","Limit Break","Doubt","Immolate","Twin Strike+1","Offering","Normality","Normality","Regret","Offering","Immolate","Limit Break","Shame","Impervious","Demon Form","Parasite"],"relics":["Cursed Key","Darkstone Periapt","Du-Vu Doll","Girya","PreservedInsect","Centennial Puzzle","Shovel","Ancient Tea Set","SsserpentHead","Pantograph","Calling Bell","Potion Belt","Kunai","StoneCalendar","Champion Belt","Pen Nib","Blood Vial","Lantern","Happy Flower","Strawberry","FossilizedHelix","Smiling Mask","Bag of Preparation","Mummified Hand","Self Forming Clay","Anchor","Runic Pyramid","Singing Bowl","Whetstone","Vajra","Dodecahedron","Orichalcum","Red Skull","Art of War","Boot","Gremlin Horn","Bottled Lightning","Mercury Hourglass"],"potions_floor_usage":[6,25,50,50,50],"damage_taken":[{"damage":16,"enemies":"2 Louse","floor":1,"turns":3},{"damage":6,"enemies":"Jaw Worm","floor":4,"turns":2},{"damage":16,"enemies":"Lagavulin","floor":6,"turns":5},{"damage":9,"enemies":"3 Sentries","floor":8,"turns":3},{"damage":0,"enemies":"Gremlin Nob","floor":13,"turns":2},{"damage":4,"enemies":"Small Slimes","floor":14,"turns":3},{"damage":26,"enemies":"Slime Boss","floor":16,"turns":7},{"damage":9,"enemies":"2 Thieves","floor":18,"turns":2},{"damage":38,"enemies":"3 Byrds","floor":21,"turns":4},{"damage":12,"enemies":"Book of Stabbing","floor":24,"turns":2},{"damage":3,"enemies":"Slavers","floor":25,"turns":2},{"damage":8,"enemies":"Book of Stabbing","floor":27,"turns":2},{"damage":23,"enemies":"Slavers","floor":28,"turns":2},{"damage":9,"enemies":"Book of Stabbing","floor":29,"turns":2},{"damage":11,"enemies":"Automaton","floor":33,"turns":3},{"damage":0,"enemies":"Orb Walker","floor":35,"turns":1},{"damage":15,"enemies":"3 Shapes","floor":36,"turns":3},{"damage":48,"enemies":"Nemesis","floor":40,"turns":3},{"damage":5,"enemies":"Giant Head","floor":41,"turns":1},{"damage":4,"enemies":"Nemesis","floor":42,"turns":1},{"damage":0,"enemies":"Reptomancer","floor":45,"turns":1},{"damage":0,"enemies":"Nemesis","floor":47,"turns":1},{"damage":5,"enemies":"Reptomancer","floor":48,"turns":1},{"damage":10,"enemies":"Awakened One","floor":50,"turns":3}],"seed_played":"-383228060502402168","potions_obtained":[{"floor":4,"key":"Weak Potion"},{"floor":6,"key":"Weak Potion"},{"floor":8,"key":"SpeedPotion"},{"floor":14,"key":"Energy Potion"},{"floor":18,"key":"EssenceOfSteel"},{"floor":21,"key":"Block Potion"},{"floor":33,"key":"PowerPotion"},{"floor":47,"key":"BloodPotion"}],"is_trial":true,"path_per_floor":["M","$","?","M","?","E","R","E","T","T","?","R","E","M","R","B",null,"M","?","?","M","$","R","E","E","T","E","E","E","$","?","R","B",null,"M","M","$","?","T","E","E","E","T","R","E","R","E","E","R","B",null],"character_chosen":"IRONCLAD","items_purchased":["Carnage","Heavy Blade","Pen Nib","Mummified Hand","Self Forming Clay","Berserk","Offering"],"campfire_rested":0,"item_purchase_floors":[2,22,22,30,30,30,37],"current_hp_per_floor":[64,64,64,58,51,35,35,29,35,41,41,41,44,46,46,57,134,129,129,129,94,94,94,87,92,105,102,114,138,138,138,138,163,178,181,172,172,184,190,147,144,145,151,151,156,156,160,160,160,211],"gold":1396,"neow_bonus":"","is_prod":false,"is_daily":false,"chose_seed":false,"campfire_upgraded":0,"win_rate":0,"timestamp":1556495451,"path_taken":["M","$","?","M","?","E","R","E","T","?","?","R","E","?","R","BOSS","M","?","?","?","$","R","E","E","T","E","E","E","?","?","R","BOSS","M","?","$","?","?","E","E","E","T","R","E","R","E","E","R","BOSS"],"build_version":"2019-01-23","purchased_purges":0,"victory":true,"max_hp_per_floor":[80,80,80,80,80,80,80,83,89,95,95,95,98,104,104,116,134,138,138,138,141,141,141,144,150,163,166,166,169,169,169,169,178,178,181,187,187,199,205,208,208,211,217,217,220,220,222,225,225,237],"card_choices":[{"not_picked":["Twin Strike","Havoc"],"picked":"Armaments","floor":1},{"not_picked":["Dropkick","Power Through"],"picked":"Anger","floor":4},{"not_picked":["Exhume","Offering"],"picked":"Feed","floor":6},{"not_picked":["Demon Form","Brutality"],"picked":"Limit Break","floor":8},{"not_picked":["Juggernaut","Double Tap"],"picked":"Feed","floor":13},{"not_picked":["Cleave","Rupture"],"picked":"Whirlwind","floor":14},{"not_picked":["Dark Embrace","Bludgeon"],"picked":"Fiend Fire","floor":16},{"not_picked":["Rampage","Warcry"],"picked":"Anger","floor":18},{"not_picked":["Bloodletting","Shrug It Off"],"picked":"Feed","floor":21},{"not_picked":["Dark Embrace","Juggernaut"],"picked":"Bludgeon","floor":24},{"not_picked":["Immolate","Feed"],"picked":"Reaper","floor":25},{"not_picked":["Impervious","Double Tap"],"picked":"Reaper","floor":27},{"not_picked":["Bludgeon","Juggernaut"],"picked":"Double Tap","floor":28},{"not_picked":["Barricade","Dark Embrace"],"picked":"Double Tap","floor":29},{"not_picked":["Offering","Reaper"],"picked":"Immolate","floor":33},{"not_picked":["Combust","Wild Strike+1","Perfected Strike"],"picked":"SKIP","floor":35},{"not_picked":["Thunderclap","Flex"],"picked":"Twin Strike+1","floor":36},{"not_picked":["Immolate","Reaper"],"picked":"Offering","floor":40},{"not_picked":["Offering","Brutality"],"picked":"Immolate","floor":41},{"not_picked":["Barricade","Berserk"],"picked":"Limit Break","floor":42},{"not_picked":["Brutality","Reaper"],"picked":"Impervious","floor":45},{"not_picked":["Double Tap","Feed","Bludgeon"],"picked":"Singing Bowl","floor":47},{"not_picked":["Barricade","Juggernaut"],"picked":"Demon Form","floor":48}],"player_experience":1256964,"relics_obtained":[{"floor":6,"key":"PreservedInsect"},{"floor":8,"key":"Centennial Puzzle"},{"floor":9,"key":"Shovel"},{"floor":10,"key":"Ancient Tea Set"},{"floor":13,"key":"Pantograph"},{"floor":17,"key":"Potion Belt"},{"floor":17,"key":"Kunai"},{"floor":17,"key":"StoneCalendar"},{"floor":23,"key":"Blood Vial"},{"floor":24,"key":"Lantern"},{"floor":25,"key":"Happy Flower"},{"floor":26,"key":"Strawberry"},{"floor":27,"key":"FossilizedHelix"},{"floor":28,"key":"Smiling Mask"},{"floor":29,"key":"Bag of Preparation"},{"floor":32,"key":"Anchor"},{"floor":39,"key":"Singing Bowl"},{"floor":40,"key":"Whetstone"},{"floor":41,"key":"Vajra"},{"floor":42,"key":"Dodecahedron"},{"floor":43,"key":"Orichalcum"},{"floor":44,"key":"Red Skull"},{"floor":45,"key":"Art of War"},{"floor":46,"key":"Boot"},{"floor":47,"key":"Gremlin Horn"},{"floor":48,"key":"Bottled Lightning"},{"floor":49,"key":"Mercury Hourglass"}],"event_choices":[{"damage_healed":0,"gold_gain":64,"player_choice":"Gained Gold","damage_taken":0,"max_hp_gain":0,"max_hp_loss":0,"event_name":"Golden Wing","floor":3,"gold_loss":0},{"damage_healed":0,"gold_gain":0,"player_choice":"Success","damage_taken":7,"relics_obtained":["Girya"],"max_hp_gain":0,"max_hp_loss":0,"event_name":"Scrap Ooze","floor":5,"gold_loss":0},{"damage_healed":0,"gold_gain":0,"player_choice":"Trade","damage_taken":0,"relics_obtained":["SsserpentHead"],"max_hp_gain":0,"max_hp_loss":0,"event_name":"FaceTrader","floor":11,"gold_loss":0},{"damage_healed":0,"gold_gain":0,"player_choice":"Opened","damage_taken":0,"relics_obtained":["Champion Belt"],"max_hp_gain":0,"max_hp_loss":0,"event_name":"The Mausoleum","floor":19,"gold_loss":0},{"damage_healed":0,"gold_gain":0,"player_choice":"1 cards matched","damage_taken":0,"max_hp_gain":0,"max_hp_loss":0,"event_name":"Match and Keep!","floor":20,"gold_loss":0,"cards_obtained":["Havoc"]},{"damage_healed":0,"gold_gain":0,"player_choice":"Copied","damage_taken":0,"max_hp_gain":0,"max_hp_loss":0,"event_name":"Duplicator","floor":31,"gold_loss":0,"cards_obtained":["Limit Break"]},{"damage_healed":0,"gold_gain":999,"player_choice":"Gold","damage_taken":0,"max_hp_gain":0,"max_hp_loss":0,"event_name":"MindBloom","floor":38,"gold_loss":0,"cards_obtained":["Normality","Normality"]}],"is_beta":false,"boss_relics":[{"not_picked":["Busted Crown","Orrery"],"picked":"Calling Bell"},{"not_picked":["Sozu","Eternal Feather"],"picked":"Runic Pyramid"}],"items_purged_floors":[],"is_endless":false,"potions_floor_spawned":[4,6,8,14,18,21,33,41,42,45,47],"ascension_level":0}