{"gold_per_floor":[119,119,21,21,21,21,44,44,69,69,92,172,192,242,242,242],"floor_reached":16,"playtime":438,"items_purged":["Strike_G"],"score":154,"play_id":"f7c1d399-e822-44ef-90d3-70988b00ca69","local_time":"20190429160611","is_ascension_mode":true,"campfire_choices":[{"data":"All Out Attack","floor":6,"key":"SMITH"},{"data":"Neutralize","floor":8,"key":"SMITH"},{"data":"Prepared","floor":10,"key":"SMITH"},{"floor":15,"key":"REST"}],"neow_cost":"NONE","seed_source_timestamp":1563537729643598,"circlet_count":0,"master_deck":["AscendersBane","Defend_G","Defend_G+1","Defend_G+1","Defend_G","Defend_G","Strike_G","Strike_G","Strike_G","Strike_G","Survivor","Neutralize+1","Masterful Stab+1","All Out Attack+1","Acrobatics","Prepared+1","Finisher"],"relics":["Ring of the Snake","Golden Idol","Blood Vial","War Paint"],"potions_floor_usage":[16],"damage_taken":[{"damage":0,"enemies":"2 Louse","floor":1,"turns":3},{"damage":0,"enemies":"Jaw Worm","floor":7,"turns":2},{"damage":0,"enemies":"Cultist","floor":11,"turns":3},{"damage":36,"enemies":"Gremlin Nob","floor":12,"turns":5},{"damage":0,"enemies":"Exordium Wildlife","floor":13,"turns":1},{"damage":60,"enemies":"Slime Boss","floor":16,"turns":5}],"seed_played":"-1392623794278582809","potions_obtained":[{"floor":7,"key":"Dexterity Potion"},{"floor":12,"key":"Poison Potion"}],"is_trial":false,"path_per_floor":["M","?","$","?","$","R","M","R","T","R","M","?","M","?","R","B"],"character_chosen":"THE_SILENT","items_purchased":["Acrobatics"],"campfire_rested":1,"item_purchase_floors":[3],"current_hp_per_floor":[59,59,59,59,59,59,59,59,59,59,60,24,26,26,44,0],"gold":242,"neow_bonus":"THREE_CARDS","is_prod":false,"is_daily":false,"chose_seed":false,"campfire_upgraded":3,"win_rate":0,"timestamp":1556564771,"path_taken":["M","?","$","?","$","R","M","R","T","R","?","?","M","?","R","BOSS"],"build_version":"2019-01-23","purchased_purges":1,"victory":false,"max_hp_per_floor":[66,66,66,60,60,60,60,60,60,60,60,60,60,60,60,60],"card_choices":[{"not_picked":["Accuracy","Underhanded Strike"],"picked":"Masterful Stab","floor":0},{"not_picked":["Dagger Throw","Dodge and Roll"],"picked":"All Out Attack","floor":1},{"not_picked":["Backflip","Blade Dance"],"picked":"Prepared","floor":7},{"not_picked":["Tactician","Flying Knee"],"picked":"Finisher","floor":11},{"not_picked":["Distraction","Eviscerate","Expertise"],"picked":"SKIP","floor":13}],"player_experience":1261783,"relics_obtained":[{"floor":9,"key":"Blood Vial"},{"floor":12,"key":"War Paint"}],"event_choices":[{"damage_healed":0,"gold_gain":0,"player_choice":"Grow","damage_taken":0,"max_hp_gain":0,"max_hp_loss":0,"event_name":"Living Wall","floor":2,"gold_loss":0,"cards_upgraded":["Masterful Stab"]},{"damage_healed":0,"gold_gain":0,"player_choice":"Lose Max HP","damage_taken":0,"relics_obtained":["Golden Idol"],"max_hp_gain":0,"max_hp_loss":6,"event_name":"Golden Idol","floor":4,"gold_loss":0},{"damage_healed":0,"gold_gain":0,"player_choice":"Searched \u00271\u0027 times","damage_taken":0,"max_hp_gain":0,"max_hp_loss":0,"event_name":"Dead Adventurer","floor":12,"gold_loss":0},{"damage_healed":0,"gold_gain":50,"player_choice":"Pray","damage_taken":0,"max_hp_gain":0,"max_hp_loss":0,"event_name":"Golden Shrine","floor":14,"gold_loss":0}],"is_beta":false,"boss_relics":[],"items_purged_floors":[3],"is_endless":false,"potions_floor_spawned":[7,12],"killed_by":"Slime Boss","ascension_level":15}