{"gold_per_floor":[359,373,105,105,280,312,312,387,387,352,363,376,392,392],"floor_reached":14,"playtime":494,"items_purged":[],"score":131,"play_id":"f7238b2a-57e9-4e16-868f-cc41a179ac80","local_time":"20190216015135","is_ascension_mode":true,"campfire_choices":[{"floor":7,"key":"REST"}],"neow_cost":"PERCENT_DAMAGE","seed_source_timestamp":130500414690971,"circlet_count":0,"master_deck":["Defend_G","Defend_G","Defend_G","Defend_G","Defend_G","Strike_G","Strike_G","Strike_G","Strike_G","Strike_G","Survivor","Neutralize","Quick Slash","Backstab","Noxious Fumes","Catalyst+1","PiercingWail","Dramatic Entrance","Doubt","Catalyst","Escape Plan","Well Laid Plans","Terror"],"relics":["Ring of the Snake","Bottled Lightning","Paper Crane"],"potions_floor_usage":[6,14,14],"damage_taken":[{"damage":1,"enemies":"Cultist","floor":1,"turns":4},{"damage":0,"enemies":"Small Slimes","floor":2,"turns":3},{"damage":38,"enemies":"Lagavulin","floor":6,"turns":10},{"damage":4,"enemies":"Jaw Worm","floor":11,"turns":3},{"damage":16,"enemies":"Large Slime","floor":12,"turns":7},{"damage":3,"enemies":"Looter","floor":13,"turns":4},{"damage":26,"enemies":"Gremlin Nob","floor":14,"turns":3}],"seed_played":"-4186767718902169745","potions_obtained":[{"floor":2,"key":"PowerPotion"},{"floor":6,"key":"Swift Potion"},{"floor":11,"key":"Poison Potion"}],"is_trial":false,"path_per_floor":["M","M","$","?","?","E","R","?","T","?","M","M","M","E"],"character_chosen":"THE_SILENT","items_purchased":["Noxious Fumes","Catalyst","PiercingWail","Dramatic Entrance"],"campfire_rested":1,"item_purchase_floors":[3,3,3,3],"current_hp_per_floor":[44,44,44,44,44,6,27,16,16,33,29,13,10,0],"gold":392,"neow_bonus":"TWO_FIFTY_GOLD","is_prod":false,"is_daily":false,"chose_seed":false,"campfire_upgraded":0,"win_rate":0,"timestamp":1550292695,"path_taken":["M","M","$","?","?","E","R","?","T","?","M","M","M","E"],"build_version":"2019-01-23","purchased_purges":0,"victory":false,"max_hp_per_floor":[70,70,70,70,70,70,70,70,70,70,70,70,70,70],"card_choices":[{"not_picked":["Prepared","Underhanded Strike"],"picked":"Quick Slash","floor":1},{"not_picked":["PiercingWail","Sucker Punch"],"picked":"Backstab","floor":2},{"not_picked":["Accuracy","Leg Sweep"],"picked":"Catalyst","floor":6},{"not_picked":["Dagger Spray","Dagger Throw"],"picked":"Escape Plan","floor":11},{"not_picked":["Backflip","Flying Knee"],"picked":"Well Laid Plans","floor":12},{"not_picked":["Prepared","Slice"],"picked":"Terror","floor":13}],"player_experience":772075,"relics_obtained":[{"floor":6,"key":"Bottled Lightning"},{"floor":9,"key":"Paper Crane"}],"event_choices":[{"damage_healed":0,"gold_gain":0,"player_choice":"Grow","damage_taken":0,"max_hp_gain":0,"max_hp_loss":0,"event_name":"Living Wall","floor":4,"gold_loss":0,"cards_upgraded":["Catalyst"]},{"damage_healed":0,"gold_gain":175,"player_choice":"AGREE","damage_taken":0,"max_hp_gain":0,"max_hp_loss":0,"event_name":"Liars Game","floor":5,"gold_loss":0,"cards_obtained":["Doubt"]},{"damage_healed":0,"gold_gain":75,"player_choice":"Gather Gold","damage_taken":11,"max_hp_gain":0,"max_hp_loss":0,"event_name":"World of Goop","floor":8,"gold_loss":0},{"damage_healed":17,"gold_gain":0,"player_choice":"Healed","damage_taken":0,"max_hp_gain":0,"max_hp_loss":0,"event_name":"The Cleric","floor":10,"gold_loss":35}],"is_beta":false,"boss_relics":[],"items_purged_floors":[],"is_endless":false,"potions_floor_spawned":[2,6,11],"killed_by":"Gremlin Nob","ascension_level":9}