{"gold_per_floor":[119,119,119,36,36,36,65,65,89,124,136,136,146,16,16,93,93,104,121,46,66,166,197,197,217,217,217],"floor_reached":27,"playtime":1102,"items_purged":["Strike_B"],"score":430,"play_id":"09bd45ec-57f0-481c-9219-adb041071aa0","local_time":"20190513104624","is_ascension_mode":true,"campfire_choices":[{"data":"Redo","floor":6.0,"key":"SMITH"},{"data":"Redo","floor":8.0,"key":"SMITH"},{"floor":12.0,"key":"REST"},{"data":"Blizzard","floor":15.0,"key":"SMITH"},{"floor":24.0,"key":"REST"}],"neow_cost":"NONE","seed_source_timestamp":0,"circlet_count":0,"master_deck":["AscendersBane","Strike_B","Strike_B+1","Defend_B","Defend_B","Defend_B+1","Defend_B","Zap","Dualcast","Biased Cognition+1","Sunder","Redo+1","Coolheaded","Redo+1","Seek","Cold Snap","Blizzard+1","Self Repair","Amplify"],"special_seed":0,"relics":["Cracked Core","Anchor","Orichalcum","Regal Pillow","Busted Crown","Ice Cream","Bottled Tornado","Omamori","FossilizedHelix"],"potions_floor_usage":[27],"damage_taken":[{"damage":1.0,"enemies":"2 Louse","floor":1.0,"turns":3.0},{"damage":10.0,"enemies":"Lagavulin","floor":7.0,"turns":7.0},{"damage":15.0,"enemies":"3 Sentries","floor":10.0,"turns":8.0},{"damage":0.0,"enemies":"Small Slimes","floor":11.0,"turns":2.0},{"damage":0.0,"enemies":"Cultist","floor":13.0,"turns":4.0},{"damage":28.0,"enemies":"Slime Boss","floor":16.0,"turns":12.0},{"damage":0.0,"enemies":"Spheric Guardian","floor":18.0,"turns":3.0},{"damage":0.0,"enemies":"2 Thieves","floor":19.0,"turns":3.0},{"damage":23.0,"enemies":"Shelled Parasite and Fungi","floor":21.0,"turns":6.0},{"damage":6.0,"enemies":"Colosseum Slavers","floor":22.0,"turns":5.0},{"damage":45.0,"enemies":"Colosseum Nobs","floor":22.0,"turns":5.0},{"damage":13.0,"enemies":"Slavers","floor":23.0,"turns":6.0},{"damage":28.0,"enemies":"Snake Plant","floor":25.0,"turns":3.0},{"damage":39,"enemies":"Book of Stabbing","floor":27,"turns":5}],"seed_played":"3290248436539760533","potions_obtained":[{"floor":13.0,"key":"Explosive Potion"},{"floor":16.0,"key":"Explosive Potion"},{"floor":23.0,"key":"SkillPotion"}],"is_trial":false,"path_per_floor":["M","?","?","$","?","R","E","R","T","E","M","R","M","$","R","B",null,"M","M","$","M","?","E","R","M","T","E"],"character_chosen":"DEFECT","items_purchased":["Redo","Coolheaded","Blizzard","Self Repair"],"campfire_rested":2,"item_purchase_floors":[4,4,14,14],"current_hp_per_floor":[63,63,42,42,42,42,32,32,32,17,17,53,53,53,53,32,61,68,71,71,55,18,19,55,34,34,0],"gold":217,"neow_bonus":"ONE_RANDOM_RARE_CARD","is_prod":false,"is_daily":false,"chose_seed":false,"campfire_upgraded":3,"win_rate":0,"timestamp":1557755184,"path_taken":["M","?","?","$","?","R","E","R","T","E","M","R","M","$","R","BOSS","M","M","?","M","?","E","R","M","T","E"],"build_version":"2019-01-23","purchased_purges":1,"victory":false,"max_hp_per_floor":[71,71,71,71,71,71,71,71,71,71,71,71,71,71,71,71,71,71,71,71,71,71,71,71,71,71,71],"card_choices":[{"not_picked":["Steam","Hello World"],"picked":"Sunder","floor":1.0},{"not_picked":["Streamline","Melter"],"picked":"Redo","floor":7.0},{"not_picked":["Streamline","Sunder"],"picked":"Seek","floor":10.0},{"not_picked":["Steam","Storm"],"picked":"Cold Snap","floor":11.0},{"not_picked":["Genetic Algorithm","White Noise","Steam"],"picked":"SKIP","floor":13.0},{"not_picked":["Creative AI","Hyperbeam"],"picked":"Amplify","floor":16.0},{"not_picked":["Darkness"],"picked":"SKIP","floor":18.0},{"not_picked":["Barrage"],"picked":"SKIP","floor":19.0},{"not_picked":["Beam Cell+1"],"picked":"SKIP","floor":21.0},{"not_picked":["Steam"],"picked":"SKIP","floor":23.0},{"not_picked":["Undo"],"picked":"SKIP","floor":25}],"player_experience":1335410,"relics_obtained":[{"floor":7.0,"key":"Anchor"},{"floor":9.0,"key":"Orichalcum"},{"floor":10.0,"key":"Regal Pillow"},{"floor":22.0,"key":"Ice Cream"},{"floor":22.0,"key":"Bottled Tornado"},{"floor":23.0,"key":"Omamori"},{"floor":26,"key":"FossilizedHelix"}],"event_choices":[{"damage_healed":0.0,"max_hp_gain":0.0,"max_hp_loss":0.0,"gold_gain":0.0,"event_name":"Living Wall","player_choice":"Grow","floor":2.0,"gold_loss":0.0,"damage_taken":0.0,"cards_upgraded":["Biased Cognition"]},{"damage_healed":0.0,"max_hp_gain":0.0,"max_hp_loss":0.0,"gold_gain":0.0,"event_name":"Shining Light","player_choice":"Entered Light","floor":3.0,"gold_loss":0.0,"damage_taken":21.0,"cards_upgraded":["Strike_B","Defend_B"]},{"cards_removed":["Strike_B"],"damage_healed":0.0,"max_hp_gain":0.0,"max_hp_loss":0.0,"gold_gain":0.0,"event_name":"Purifier","player_choice":"Purged","floor":5.0,"gold_loss":0.0,"damage_taken":0.0},{"damage_healed":0.0,"max_hp_gain":0.0,"max_hp_loss":0.0,"gold_gain":0.0,"event_name":"Colosseum","player_choice":"Fight","floor":22.0,"gold_loss":0.0,"damage_taken":0.0},{"damage_healed":0.0,"max_hp_gain":0.0,"max_hp_loss":0.0,"gold_gain":0.0,"event_name":"Colosseum","player_choice":"Fought Nobs","floor":22.0,"gold_loss":0.0,"damage_taken":0.0}],"is_beta":false,"boss_relics":[{"not_picked":["Fusion Hammer","Orrery"],"picked":"Busted Crown"}],"items_purged_floors":[20],"is_endless":false,"potions_floor_spawned":[13,16,18,21,22,22,23],"killed_by":"Book of Stabbing","ascension_level":16}