{"gold_per_floor":[111,126,137,137,151,181,197,213,259,259,290,309,309,56,56,156,156,166,166,177,188,188,219,219,219,219,250,266,300,320,353,353,452,452,464,479,532,532,542,569,569,594,594,594,610,610,645,665,665,665,665,665,10,45,45],"floor_reached":56,"playtime":3350,"items_purged":[],"score":1772,"play_id":"6af013d3-e816-4f82-ae19-dfa5003e74a1","local_time":"20190228124738","is_ascension_mode":true,"campfire_choices":[{"data":"Accuracy","floor":10,"key":"SMITH"},{"data":"Burst","floor":13,"key":"SMITH"},{"data":"Riddle With Holes","floor":15,"key":"SMITH"},{"data":"After Image","floor":24,"key":"SMITH"},{"data":"1","floor":32,"key":"LIFT"},{"floor":41,"key":"RECALL"},{"data":"2","floor":44,"key":"LIFT"},{"data":"3","floor":49,"key":"LIFT"},{"data":"Well Laid Plans","floor":52,"key":"SMITH"}],"neow_cost":"NONE","seed_source_timestamp":176820627943604,"circlet_count":0,"master_deck":["Defend_G+1","Defend_G+1","Defend_G+1","Defend_G+1","Defend_G+1","Survivor","Neutralize+1","Dagger Spray","Dash","Riddle With Holes+1","Cloak And Dagger+1","Blade Dance+1","Dagger Spray","Accuracy+1","Flying Knee","Burst+1","After Image+1","Dodge and Roll","Bite","Bite","Bite","Bite","Bite","Footwork+1","Dodge and Roll+1","Necronomicurse","Predator+1","Leg Sweep","Well Laid Plans+1","Cloak And Dagger","Masterful Stab+1","Envenom","Flying Knee+1","Endless Agony","Backflip","Bane+1","Backstab+1","Sucker Punch+1","Footwork+1","Blur","Blade Dance+1","Infinite Blades","Backflip","Cloak And Dagger","Deflect","Backflip","Master of Strategy","Apotheosis","Dagger Throw","Outmaneuver+1"],"relics":["Ring of the Snake","Vajra","Incense Burner","War Paint","Question Card","Mummified Hand","Sozu","Snake Skull","Necronomicon","The Courier","Singing Bowl","Girya","Dream Catcher","WristBlade","Calipers","Sundial","PreservedInsect","Bronze Scales","Pen Nib","Gambling Chip"],"potions_floor_usage":[6,16,50],"damage_taken":[{"damage":0,"enemies":"Small Slimes","floor":1,"turns":4},{"damage":0,"enemies":"Cultist","floor":2,"turns":3},{"damage":0,"enemies":"Jaw Worm","floor":3,"turns":3},{"damage":0,"enemies":"Large Slime","floor":5,"turns":4},{"damage":7,"enemies":"3 Sentries","floor":6,"turns":6},{"damage":0,"enemies":"3 Louse","floor":7,"turns":3},{"damage":0,"enemies":"2 Fungi Beasts","floor":8,"turns":2},{"damage":0,"enemies":"Lagavulin","floor":11,"turns":7},{"damage":0,"enemies":"Looter","floor":12,"turns":3},{"damage":0,"enemies":"Slime Boss","floor":16,"turns":4},{"damage":0,"enemies":"3 Byrds","floor":18,"turns":3},{"damage":11,"enemies":"2 Thieves","floor":20,"turns":4},{"damage":6,"enemies":"Snake Plant","floor":21,"turns":5},{"damage":18,"enemies":"Slavers","floor":23,"turns":6},{"damage":0,"enemies":"Gremlin Leader","floor":27,"turns":6},{"damage":0,"enemies":"Sentry and Sphere","floor":28,"turns":3},{"damage":0,"enemies":"Book of Stabbing","floor":29,"turns":4},{"damage":0,"enemies":"3 Cultists","floor":30,"turns":5},{"damage":0,"enemies":"Gremlin Leader","floor":31,"turns":6},{"damage":19,"enemies":"Collector","floor":33,"turns":11},{"damage":0,"enemies":"Orb Walker","floor":35,"turns":2},{"damage":3,"enemies":"3 Shapes","floor":36,"turns":3},{"damage":4,"enemies":"2 Orb Walkers","floor":37,"turns":4},{"damage":0,"enemies":"Writhing Mass","floor":39,"turns":4},{"damage":10,"enemies":"Reptomancer","floor":40,"turns":5},{"damage":0,"enemies":"Giant Head","floor":42,"turns":7},{"damage":0,"enemies":"Sphere and 2 Shapes","floor":45,"turns":4},{"damage":8,"enemies":"Reptomancer","floor":47,"turns":11},{"damage":0,"enemies":"Maw","floor":48,"turns":6},{"damage":0,"enemies":"Awakened One","floor":50,"turns":12},{"damage":0,"enemies":"Shield and Spear","floor":54,"turns":5},{"damage":0,"enemies":"The Heart","floor":55,"turns":9}],"seed_played":"-7095346273008942793","potions_obtained":[{"floor":1,"key":"SkillPotion"},{"floor":3,"key":"Fire Potion"},{"floor":6,"key":"EssenceOfSteel"},{"floor":12,"key":"Fire Potion"}],"is_trial":false,"path_per_floor":["M","M","M","?","M","E","M","M","T","R","E","M","R","$","R","B",null,"M","?","M","M","?","E","R","?","T","E","M","E","M","E","R","B",null,"M","M","?","?","M","E","R","E","T","R","M","?","E","M","R","B",null,"R","$","E","B",null],"character_chosen":"THE_SILENT","items_purchased":["Mummified Hand","Infinite Blades","Backflip","Cloak And Dagger","Deflect","Backflip","Pen Nib","Master of Strategy","Apotheosis","Dagger Throw"],"campfire_rested":0,"item_purchase_floors":[14,53,53,53,53,53,53,53,53,53],"current_hp_per_floor":[70,70,70,70,70,63,63,63,63,63,63,63,63,63,63,63,70,70,49,40,44,44,40,40,24,24,34,40,48,49,49,49,38,49,49,49,47,47,49,43,43,49,49,49,49,49,49,49,49,49,49,49,49,49,49],"gold":45,"neow_bonus":"UPGRADE_CARD","is_prod":false,"is_daily":false,"chose_seed":false,"campfire_upgraded":5,"win_rate":0,"timestamp":1551376058,"path_taken":["M","M","M","?","?","E","M","M","T","R","E","M","R","?","R","BOSS","M","?","M","M","?","E","R","?","T","E","M","E","M","E","R","BOSS","M","M","?","?","M","E","R","E","T","R","M","?","E","?","R","BOSS","R","$","E","BOSS"],"build_version":"2019-02-06","purchased_purges":0,"victory":true,"max_hp_per_floor":[70,70,70,70,70,70,70,70,70,70,70,70,70,70,70,70,70,70,49,49,49,49,49,49,49,49,49,49,49,49,49,49,49,49,49,49,49,49,49,49,49,49,49,49,49,49,49,49,49,49,49,49,49,49,49],"card_choices":[{"not_picked":["Underhanded Strike","Heel Hook"],"picked":"Dagger Spray","floor":1},{"not_picked":["Underhanded Strike","Backstab"],"picked":"Dash","floor":2},{"not_picked":["Acrobatics","Escape Plan"],"picked":"Riddle With Holes","floor":3},{"not_picked":["Expertise","Dagger Throw"],"picked":"Cloak And Dagger","floor":5},{"not_picked":["Slice","Poisoned Stab"],"picked":"Blade Dance","floor":6},{"not_picked":["Bane","Distraction"],"picked":"Dagger Spray","floor":7},{"not_picked":["Finisher","Poisoned Stab"],"picked":"Accuracy","floor":8},{"not_picked":["Prepared","Deflect"],"picked":"Flying Knee","floor":11},{"not_picked":["PiercingWail","Blade Dance","Quick Slash"],"picked":"Burst","floor":12},{"not_picked":["Tools of the Trade","Glass Knife","Night Terror"],"picked":"After Image","floor":16},{"not_picked":["Prepared","Deadly Poison","Dagger Throw"],"picked":"Dodge and Roll","floor":18},{"not_picked":["Blur","Underhanded Strike","Acrobatics+1"],"picked":"Footwork+1","floor":20},{"not_picked":["Quick Slash","Outmaneuver","Underhanded Strike","Accuracy"],"picked":"SKIP","floor":21},{"not_picked":["Setup","Phantasmal Killer","Slice"],"picked":"Dodge and Roll+1","floor":23},{"not_picked":["Malaise","Dagger Throw","Catalyst"],"picked":"Predator+1","floor":27},{"not_picked":["Prepared","Backflip","Cloak And Dagger"],"picked":"Leg Sweep","floor":28},{"not_picked":["Flechettes","Reflex+1","Riddle With Holes+1"],"picked":"Well Laid Plans","floor":29},{"not_picked":["Bouncing Flask","Flechettes+1","Backstab"],"picked":"Cloak And Dagger","floor":30},{"not_picked":["Prepared","Deadly Poison","Dagger Throw+1"],"picked":"Masterful Stab+1","floor":31},{"not_picked":["Bullet Time","After Image","Die Die Die"],"picked":"Envenom","floor":33},{"not_picked":["Prepared","Dagger Throw+1","Catalyst"],"picked":"Flying Knee+1","floor":35},{"not_picked":["Flying Knee+1","Escape Plan","Deadly Poison"],"picked":"Endless Agony","floor":36},{"not_picked":["Flechettes+1","Bane","Riddle With Holes"],"picked":"Backflip","floor":37},{"not_picked":["Envenom","All Out Attack+1","Finisher"],"picked":"Bane+1","floor":39},{"not_picked":["Underhanded Strike","Bane+1","Dagger Spray"],"picked":"Backstab+1","floor":40},{"not_picked":["Skewer","Corpse Explosion","Poisoned Stab"],"picked":"Sucker Punch+1","floor":42},{"not_picked":["Bane","Expertise","Flechettes+1"],"picked":"Footwork+1","floor":45},{"not_picked":["Choke","All Out Attack","Underhanded Strike"],"picked":"Blur","floor":47},{"not_picked":["Flying Knee+1","Sucker Punch","Dodge and Roll+1"],"picked":"Blade Dance+1","floor":48},{"not_picked":["Eviscerate+1","Underhanded Strike+1","Slice+1"],"picked":"Outmaneuver+1","floor":54}],"player_experience":4730259,"relics_obtained":[{"floor":6,"key":"Incense Burner"},{"floor":9,"key":"War Paint"},{"floor":11,"key":"Question Card"},{"floor":23,"key":"Snake Skull"},{"floor":25,"key":"Necronomicon"},{"floor":26,"key":"The Courier"},{"floor":27,"key":"Singing Bowl"},{"floor":29,"key":"Girya"},{"floor":31,"key":"Dream Catcher"},{"floor":37,"key":"Calipers"},{"floor":40,"key":"Sundial"},{"floor":42,"key":"PreservedInsect"},{"floor":47,"key":"Bronze Scales"},{"floor":54,"key":"Gambling Chip"}],"event_choices":[{"damage_healed":0,"gold_gain":0,"player_choice":"Gave Potion","damage_taken":0,"relics_obtained":["Vajra"],"max_hp_gain":0,"max_hp_loss":0,"event_name":"WeMeetAgain","floor":4,"gold_loss":0},{"damage_healed":0,"gold_gain":0,"player_choice":"Became a vampire","damage_taken":0,"max_hp_gain":0,"max_hp_loss":21,"event_name":"Vampires","floor":19,"gold_loss":0,"cards_obtained":["Bite","Bite","Bite","Bite","Bite"]},{"damage_healed":0,"gold_gain":0,"player_choice":"Simplicity","damage_taken":0,"max_hp_gain":0,"max_hp_loss":0,"event_name":"Back to Basics","floor":22,"gold_loss":0,"cards_upgraded":["Defend_G","Defend_G","Defend_G","Defend_G","Defend_G"]},{"damage_healed":0,"gold_gain":0,"player_choice":"Obtained Book","damage_taken":16,"max_hp_gain":0,"max_hp_loss":0,"event_name":"Cursed Tome","floor":25,"gold_loss":0},{"damage_healed":0,"gold_gain":0,"player_choice":"Fight","damage_taken":0,"max_hp_gain":0,"max_hp_loss":0,"event_name":"Mysterious Sphere","floor":37,"gold_loss":0},{"damage_healed":0,"gold_gain":0,"player_choice":"Ignored","damage_taken":0,"max_hp_gain":0,"max_hp_loss":0,"event_name":"Tomb of Lord Red Mask","floor":38,"gold_loss":0},{"damage_healed":0,"gold_gain":0,"player_choice":"Bought 0 Potions","damage_taken":0,"max_hp_gain":0,"max_hp_loss":0,"event_name":"The Woman in Blue","floor":46,"gold_loss":0}],"is_beta":true,"boss_relics":[{"not_picked":["Ring of the Serpent","Pandora\u0027s Box"],"picked":"Sozu"},{"not_picked":["Runic Pyramid","HoveringKite"],"picked":"WristBlade"}],"items_purged_floors":[],"is_endless":false,"potions_floor_spawned":[1,3,6,12,18,28,29,30,35,37,45,48],"ascension_level":1}