{"gold_per_floor":[109,119,194,194,194,194,0,0,0,13,92,115,134,169,169,292,292,270,195,68,84,84,84,117,117,141,214,214,214,249,270,270,401,401,425,444,122,122,135,176,176,74,74,115,131,149,149,170,170,170,170,170,100,135,135],"floor_reached":56,"playtime":2876,"items_purged":["Strike_G","Strike_G"],"score":1338,"play_id":"6771453b-73bb-44ec-9b09-57cf58a6ef30","local_time":"20190326010525","is_ascension_mode":false,"campfire_choices":[{"data":"Backstab","floor":6,"key":"SMITH"},{"data":"Poisoned Stab","floor":8,"key":"SMITH"},{"data":"Deadly Poison","floor":15,"key":"SMITH"},{"data":"Footwork","floor":23,"key":"SMITH"},{"data":"Blade Dance","floor":25,"key":"SMITH"},{"data":"Cloak And Dagger","floor":32,"key":"SMITH"},{"data":"Crippling Poison","floor":41,"key":"SMITH"},{"floor":49,"key":"RECALL"},{"data":"Acrobatics","floor":52,"key":"SMITH"}],"neow_cost":"NONE","seed_source_timestamp":397562046904972,"circlet_count":0,"master_deck":["Defend_G","Defend_G","Defend_G","Defend_G","Survivor","Neutralize+1","Flying Knee","Backstab+1","Poisoned Stab+1","Deadly Poison+1","Blade Dance+1","Deflect","Footwork+1","After Image+1","Quick Slash+1","Acrobatics+1","Cloak And Dagger+1","RitualDagger","Heel Hook+1","Crippling Poison+1","After Image+1","Backflip","Accuracy+1","Parasite","Acrobatics+1","Well Laid Plans+1","Blade Dance","Caltrops+1","Dodge and Roll+1","Backstab","PiercingWail+1","Caltrops+1"],"relics":["Ring of the Snake","Golden Idol","Oddly Smooth Stone","Ornamental Fan","PreservedInsect","Frozen Egg 2","Empty Cage","Orichalcum","Lantern","Tiny Chest","Torii","Regal Pillow","Runic Dome","Snake Skull","FossilizedHelix","Bag of Preparation","Bronze Scales"],"potions_floor_usage":[13,24,27,33,33,55,55],"damage_taken":[{"damage":0,"enemies":"Cultist","floor":1,"turns":4},{"damage":0,"enemies":"Jaw Worm","floor":2,"turns":3},{"damage":0,"enemies":"Small Slimes","floor":10,"turns":2},{"damage":2,"enemies":"Gremlin Nob","floor":11,"turns":3},{"damage":0,"enemies":"3 Louse","floor":12,"turns":2},{"damage":6,"enemies":"Large Slime","floor":13,"turns":5},{"damage":0,"enemies":"Lagavulin","floor":14,"turns":4},{"damage":18,"enemies":"The Guardian","floor":16,"turns":11},{"damage":10,"enemies":"2 Thieves","floor":18,"turns":5},{"damage":1,"enemies":"Shell Parasite","floor":21,"turns":6},{"damage":3,"enemies":"Slavers","floor":24,"turns":6},{"damage":0,"enemies":"Book of Stabbing","floor":27,"turns":4},{"damage":1,"enemies":"Slavers","floor":30,"turns":6},{"damage":0,"enemies":"Cultist and Chosen","floor":31,"turns":5},{"damage":2,"enemies":"Champ","floor":33,"turns":15},{"damage":1,"enemies":"3 Darklings","floor":35,"turns":5},{"damage":1,"enemies":"3 Shapes","floor":36,"turns":5},{"damage":0,"enemies":"Writhing Mass","floor":39,"turns":7},{"damage":1,"enemies":"Nemesis","floor":40,"turns":7},{"damage":0,"enemies":"Giant Head","floor":44,"turns":6},{"damage":0,"enemies":"3 Darklings","floor":45,"turns":5},{"damage":0,"enemies":"Transient","floor":46,"turns":5},{"damage":0,"enemies":"Spire Growth","floor":48,"turns":5},{"damage":7,"enemies":"Awakened One","floor":50,"turns":16},{"damage":0,"enemies":"Shield and Spear","floor":54,"turns":5},{"damage":49,"enemies":"The Heart","floor":55,"turns":8}],"seed_played":"-5471679799815368910","potions_obtained":[{"floor":1,"key":"Swift Potion"},{"floor":11,"key":"LiquidBronze"},{"floor":16,"key":"GhostInAJar"},{"floor":18,"key":"Poison Potion"},{"floor":27,"key":"GamblersBrew"},{"floor":31,"key":"EssenceOfSteel"},{"floor":35,"key":"Strength Potion"},{"floor":44,"key":"GhostInAJar"}],"is_trial":false,"path_per_floor":["M","M","?","?","?","R","$","R","T","M","?","M","M","E","R","B",null,"M","?","$","M","?","R","E","R","T","E","T","?","E","M","R","B",null,"M","M","$","?","M","E","R","$","T","E","M","M","?","M","R","B",null,"R","$","E","B",null],"character_chosen":"THE_SILENT","items_purchased":["Oddly Smooth Stone","Poisoned Stab","Acrobatics","Snake Skull","Accuracy+1","Well Laid Plans+1","Blade Dance","Caltrops+1"],"campfire_rested":0,"item_purchase_floors":[7,7,20,37,37,42,42,53],"current_hp_per_floor":[77,77,66,66,66,66,66,66,66,66,64,64,58,58,58,40,71,61,61,61,60,54,54,51,51,51,51,51,51,50,50,50,48,71,70,69,69,67,67,66,66,66,66,66,66,66,66,66,66,59,67,67,67,67,18],"gold":135,"neow_bonus":"TEN_PERCENT_HP_BONUS","is_prod":false,"is_daily":false,"chose_seed":false,"campfire_upgraded":8,"win_rate":0,"timestamp":1553562325,"path_taken":["M","?","?","?","?","R","$","R","T","M","?","M","M","E","R","BOSS","M","?","$","M","?","R","E","R","T","E","?","?","E","M","R","BOSS","M","M","$","?","M","E","R","$","T","E","M","M","?","M","R","BOSS","R","$","E","BOSS"],"build_version":"2019-03-15","purchased_purges":2,"victory":true,"max_hp_per_floor":[77,77,77,71,71,71,71,71,71,71,71,71,71,71,71,71,71,71,71,71,71,71,71,71,71,71,71,71,71,71,71,71,71,71,71,71,71,67,67,67,67,67,67,67,67,67,67,67,67,67,67,67,67,67,67],"card_choices":[{"not_picked":["Dash","Sucker Punch"],"picked":"Flying Knee","floor":1},{"not_picked":["Setup","Acrobatics"],"picked":"Backstab","floor":2},{"not_picked":["Outmaneuver","Flechettes"],"picked":"Deadly Poison","floor":10},{"not_picked":["Dodge and Roll","Crippling Poison"],"picked":"Blade Dance","floor":11},{"not_picked":["Acrobatics","Flying Knee"],"picked":"Deflect","floor":12},{"not_picked":["Deadly Poison","Accuracy"],"picked":"Footwork","floor":13},{"not_picked":["Storm of Steel","Masterful Stab","Terror"],"picked":"SKIP","floor":14},{"not_picked":["Doppelganger","Burst"],"picked":"After Image+1","floor":16},{"not_picked":["Slice","Flechettes"],"picked":"Quick Slash+1","floor":18},{"not_picked":["Eviscerate","Dagger Throw"],"picked":"Cloak And Dagger","floor":21},{"not_picked":["Acrobatics","Endless Agony"],"picked":"Heel Hook+1","floor":24},{"not_picked":["Expertise","Bane"],"picked":"Crippling Poison","floor":27},{"not_picked":["PiercingWail","Tactician","Underhanded Strike+1"],"picked":"SKIP","floor":30},{"not_picked":["Outmaneuver","Storm of Steel","Dagger Spray+1"],"picked":"SKIP","floor":31},{"not_picked":["Venomology","Die Die Die"],"picked":"After Image+1","floor":33},{"not_picked":["Dodge and Roll+1","Prepared"],"picked":"Backflip","floor":35},{"not_picked":["Outmaneuver","Poisoned Stab+1","Riddle With Holes"],"picked":"SKIP","floor":36},{"not_picked":["Leg Sweep+1","Distraction"],"picked":"Acrobatics+1","floor":39},{"not_picked":["Outmaneuver+1","Concentrate","Underhanded Strike"],"picked":"SKIP","floor":40},{"not_picked":["Riddle With Holes","Backstab"],"picked":"Caltrops+1","floor":44},{"not_picked":["Dagger Spray","Sucker Punch+1"],"picked":"Dodge and Roll+1","floor":45},{"not_picked":["Slice","Flying Knee"],"picked":"Backstab","floor":46},{"not_picked":["Riddle With Holes+1","Backflip"],"picked":"PiercingWail+1","floor":48},{"not_picked":["PiercingWail","Riddle With Holes","Heel Hook+1"],"picked":"SKIP","floor":54}],"player_experience":1149214,"relics_obtained":[{"floor":9,"key":"Ornamental Fan"},{"floor":14,"key":"Frozen Egg 2"},{"floor":24,"key":"Orichalcum"},{"floor":26,"key":"Lantern"},{"floor":27,"key":"Tiny Chest"},{"floor":28,"key":"Torii"},{"floor":30,"key":"Regal Pillow"},{"floor":40,"key":"FossilizedHelix"},{"floor":44,"key":"Bag of Preparation"},{"floor":54,"key":"Bronze Scales"}],"event_choices":[{"damage_healed":0,"gold_gain":75,"player_choice":"Gather Gold","damage_taken":11,"max_hp_gain":0,"max_hp_loss":0,"event_name":"World of Goop","floor":3,"gold_loss":0},{"damage_healed":0,"gold_gain":0,"player_choice":"Lose Max HP","damage_taken":0,"relics_obtained":["Golden Idol"],"max_hp_gain":0,"max_hp_loss":6,"event_name":"Golden Idol","floor":4,"gold_loss":0},{"damage_healed":0,"gold_gain":0,"player_choice":"Grow","damage_taken":0,"max_hp_gain":0,"max_hp_loss":0,"event_name":"Living Wall","floor":5,"gold_loss":0,"cards_upgraded":["Neutralize"]},{"damage_healed":0,"gold_gain":0,"player_choice":"Searched \u00272\u0027 times","damage_taken":0,"relics_obtained":["PreservedInsect"],"max_hp_gain":0,"max_hp_loss":0,"event_name":"Dead Adventurer","floor":11,"gold_loss":0},{"cards_removed":["Strike_G"],"damage_healed":0,"gold_gain":0,"player_choice":"Gave Gold","damage_taken":0,"max_hp_gain":0,"max_hp_loss":0,"event_name":"Beggar","floor":19,"gold_loss":75},{"damage_healed":0,"gold_gain":0,"player_choice":"Joined the Cult","damage_taken":6,"max_hp_gain":0,"max_hp_loss":0,"event_name":"Nest","floor":22,"gold_loss":0,"cards_obtained":["RitualDagger"]},{"cards_removed":["Strike_G"],"damage_healed":0,"gold_gain":0,"player_choice":"Elegance","damage_taken":0,"max_hp_gain":0,"max_hp_loss":0,"event_name":"Back to Basics","floor":29,"gold_loss":0},{"damage_healed":0,"gold_gain":0,"player_choice":"Max HP","damage_taken":0,"max_hp_gain":0,"max_hp_loss":4,"event_name":"Winding Halls","floor":38,"gold_loss":0},{"damage_healed":0,"gold_gain":0,"player_choice":"Ignored","damage_taken":0,"max_hp_gain":0,"max_hp_loss":0,"event_name":"Tomb of Lord Red Mask","floor":47,"gold_loss":0}],"is_beta":true,"boss_relics":[{"not_picked":["Ectoplasm","HoveringKite"],"picked":"Empty Cage"},{"not_picked":["Snecko Eye","White Beast Statue"],"picked":"Runic Dome"}],"items_purged_floors":[20,37],"is_endless":false,"potions_floor_spawned":[1,11,16,18,27,31,35,44,46,54],"ascension_level":0}