{"gold_per_floor":[115,31,43,63,138,138,163,163,163,182,202,222,233,263,263,263],"floor_reached":16,"playtime":607,"items_purged":[],"score":148,"play_id":"f24e3142-2eb9-4b69-872a-8700ace49615","local_time":"20181230142810","is_ascension_mode":true,"campfire_choices":[{"data":"Double Tap","floor":6,"key":"SMITH"},{"floor":8,"key":"REST"},{"floor":15,"key":"REST"}],"neow_cost":"TEN_PERCENT_HP_LOSS","seed_source_timestamp":756072908863142,"circlet_count":0,"master_deck":["Strike_R","Strike_R","Strike_R","Strike_R","Strike_R","Defend_R","Defend_R","Defend_R","Defend_R","Bash","Double Tap+1","Sword Boomerang","Rampage","Shrug It Off","Flex","Flex","Dual Wield","Entrench","Metallicize","Clash","Whirlwind","Shrug It Off"],"relics":["Burning Blood","Peace Pipe","Letter Opener","Ice Cream"],"potions_floor_usage":[3,10,14,16],"damage_taken":[{"damage":9,"enemies":"2 Louse","floor":1,"turns":4},{"damage":20,"enemies":"Small Slimes","floor":3,"turns":3},{"damage":1,"enemies":"Cultist","floor":4,"turns":3},{"damage":50,"enemies":"Gremlin Nob","floor":7,"turns":5},{"damage":10,"enemies":"Lots of Slimes","floor":10,"turns":2},{"damage":22,"enemies":"Exordium Thugs","floor":11,"turns":5},{"damage":12,"enemies":"Large Slime","floor":12,"turns":6},{"damage":1,"enemies":"Looter","floor":13,"turns":4},{"damage":7,"enemies":"3 Sentries","floor":14,"turns":7},{"damage":35,"enemies":"Hexaghost","floor":16,"turns":9}],"seed_played":"-3852612391762624816","potions_obtained":[{"floor":1,"key":"BloodPotion"},{"floor":7,"key":"AttackPotion"},{"floor":10,"key":"Poison Potion"},{"floor":12,"key":"Fire Potion"}],"is_trial":false,"path_per_floor":["M","$","M","M","?","R","E","R","T","M","M","M","M","E","R","B"],"character_chosen":"IRONCLAD","items_purchased":["Rampage","Shrug It Off"],"campfire_rested":2,"item_purchase_floors":[2,2],"current_hp_per_floor":[69,69,62,67,56,56,12,33,33,29,13,7,12,11,32,0],"gold":263,"neow_bonus":"THREE_RARE_CARDS","is_prod":false,"is_daily":false,"chose_seed":false,"campfire_upgraded":1,"win_rate":0,"timestamp":1546190890,"path_taken":["M","$","M","M","?","R","E","R","T","M","M","M","M","E","R","BOSS"],"build_version":"2018-12-20","purchased_purges":0,"victory":false,"max_hp_per_floor":[72,72,72,72,72,72,72,72,72,72,72,72,72,72,72,72],"card_choices":[{"not_picked":["Barricade","Exhume"],"picked":"Double Tap","floor":0},{"not_picked":["Hemokinesis","Havoc"],"picked":"Sword Boomerang","floor":1},{"not_picked":["Pummel","Body Slam"],"picked":"Flex","floor":3},{"not_picked":["Uppercut","Clash"],"picked":"Flex","floor":4},{"not_picked":["Uppercut","Heavy Blade"],"picked":"Dual Wield","floor":7},{"not_picked":["Heavy Blade","Dark Embrace"],"picked":"Entrench","floor":10},{"not_picked":["Twin Strike","Disarm"],"picked":"Metallicize","floor":11},{"not_picked":["Fire Breathing","Wild Strike"],"picked":"Clash","floor":12},{"not_picked":["Hemokinesis","Searing Blow"],"picked":"Whirlwind","floor":13},{"not_picked":["Feed","Pommel Strike"],"picked":"Shrug It Off","floor":14}],"player_experience":577828,"relics_obtained":[{"floor":7,"key":"Peace Pipe"},{"floor":9,"key":"Letter Opener"},{"floor":14,"key":"Ice Cream"}],"event_choices":[{"damage_healed":0,"gold_gain":75,"player_choice":"Gather Gold","damage_taken":11,"max_hp_gain":0,"max_hp_loss":0,"event_name":"World of Goop","floor":5,"gold_loss":0}],"is_beta":false,"boss_relics":[],"items_purged_floors":[],"is_endless":false,"potions_floor_spawned":[1,7,10,12],"killed_by":"Hexaghost","ascension_level":6}