{"gold_per_floor":[116,131,131,131,144,144,206,206,233,233],"floor_reached":10,"playtime":283,"items_purged":[],"score":116,"play_id":"f8058e10-cc36-4cb8-a1ef-b5be485088e5","local_time":"20190509164002","is_ascension_mode":true,"campfire_choices":[{"floor":6,"key":"REST"},{"data":"Zap","floor":8,"key":"SMITH"}],"neow_cost":"NONE","seed_source_timestamp":2429799676497363,"circlet_count":0,"master_deck":["AscendersBane","Strike_B+1","Strike_B","Strike_B","Defend_B","Defend_B","Defend_B","Defend_B","Zap+1","Dualcast","Sweeping Beam","Genetic Algorithm+1","FTL"],"relics":["Cracked Core","Tiny Chest","Vajra"],"potions_floor_usage":[7,7],"damage_taken":[{"damage":0,"enemies":"Cultist","floor":1,"turns":3},{"damage":6,"enemies":"2 Louse","floor":2,"turns":3},{"damage":10,"enemies":"Small Slimes","floor":5,"turns":4},{"damage":26,"enemies":"3 Sentries","floor":7,"turns":6},{"damage":23,"enemies":"Lagavulin","floor":10,"turns":4}],"seed_played":"-3228896651584206781","potions_obtained":[{"floor":1,"key":"AttackPotion"},{"floor":5,"key":"Fire Potion"}],"is_trial":false,"path_per_floor":["M","M","?","?","M","R","E","R","T","E"],"character_chosen":"DEFECT","items_purchased":[],"campfire_rested":1,"item_purchase_floors":[],"current_hp_per_floor":[71,65,58,35,25,48,22,22,22,0],"gold":233,"neow_bonus":"TEN_PERCENT_HP_BONUS","is_prod":false,"is_daily":false,"chose_seed":false,"campfire_upgraded":1,"win_rate":0,"timestamp":1557430802,"path_taken":["M","M","?","?","M","R","E","R","T","E"],"build_version":"2019-01-23","purchased_purges":0,"victory":false,"max_hp_per_floor":[78,78,78,78,78,78,78,78,78,78],"card_choices":[{"not_picked":["Turbo","Aggregate"],"picked":"Sweeping Beam","floor":1},{"not_picked":["White Noise","Beam Cell"],"picked":"Genetic Algorithm","floor":2},{"not_picked":["Gash","Barrage","Streamline"],"picked":"SKIP","floor":5},{"not_picked":["Gash","Double Energy"],"picked":"FTL","floor":7}],"player_experience":1315087,"relics_obtained":[{"floor":7,"key":"Tiny Chest"},{"floor":9,"key":"Vajra"}],"event_choices":[{"cards_removed":["Strike_B"],"damage_healed":0,"gold_gain":0,"player_choice":"Card Removal","damage_taken":7,"max_hp_gain":0,"max_hp_loss":0,"event_name":"Golden Wing","floor":3,"gold_loss":0},{"damage_healed":0,"gold_gain":0,"player_choice":"Entered Light","damage_taken":23,"max_hp_gain":0,"max_hp_loss":0,"event_name":"Shining Light","floor":4,"gold_loss":0,"cards_upgraded":["Genetic Algorithm","Strike_B"]}],"is_beta":false,"boss_relics":[],"items_purged_floors":[],"is_endless":false,"potions_floor_spawned":[1,5],"killed_by":"Lagavulin","ascension_level":15}