{"gold_per_floor":[109,184,184,194,369,399,399,413,413,413,442,505,505,521,521,621,621,639,639,656,48,58,90,90,101,125,153,153,183,201,236,236,339,339,355,370,384,384,403,435,447,491,529,568,590,621,633,664,676,688,700,712,49,81,81],"floor_reached":56,"playtime":4543,"items_purged":["Strike_G","Strike_G"],"score":1718,"play_id":"430cad66-401e-45b7-9203-7979f279662a","local_time":"20190501154040","is_ascension_mode":true,"campfire_choices":[{"data":"Doppelganger","floor":7,"key":"SMITH"},{"data":"Deadly Poison","floor":10,"key":"SMITH"},{"data":"Deadly Poison","floor":15,"key":"SMITH"},{"data":"Neutralize","floor":24,"key":"SMITH"},{"data":"Cloak And Dagger","floor":32,"key":"SMITH"},{"floor":41,"key":"RECALL"},{"data":"Footwork","floor":49,"key":"SMITH"},{"data":"A Thousand Cuts","floor":52,"key":"SMITH"}],"neow_cost":"NONE","seed_source_timestamp":4391244628443718,"circlet_count":0,"master_deck":["Defend_G","Defend_G","Defend_G","Defend_G","Defend_G","Strike_G","Strike_G","Strike_G","Survivor","Neutralize+1","Deadly Poison+1","PiercingWail","Doppelganger+1","Deadly Poison+1","Backflip","Poisoned Stab","PiercingWail","Corpse Explosion","Flying Knee+1","Outmaneuver","Cloak And Dagger+1","Calculated Gamble","Cloak And Dagger","Deflect+1","Leg Sweep+1","Deadly Poison+1","A Thousand Cuts+1","Footwork+1","Sucker Punch+1","Deep Breath+1","Bandage Up+1","Master of Strategy+1","Cloak And Dagger+1","Deflect+1","Venomology+1","Terror+1","Well Laid Plans+1","Pain","Cloak And Dagger+1","Infinite Blades","Accuracy","Distraction+1","Prepared+1","Backflip+1"],"relics":["Ring of the Snake","NeowsBlessing","Shuriken","Bottled Lightning","Mummified Hand","Strawberry","The Courier","White Beast Statue","Blood Vial","Meat on the Bone","Dead Branch","Paper Crane","Toxic Egg 2","NlothsMask","Bag of Preparation","PreservedInsect","Coffee Dripper","MawBank","Bag of Marbles","Bottled Tornado","WarpedTongs","Snake Skull","Pantograph","Anchor"],"potions_floor_usage":[16,16,18,23,25,27,27,29,33,33,36,50,55,55,55,55],"damage_taken":[{"damage":0,"enemies":"Small Slimes","floor":1,"turns":1},{"damage":0,"enemies":"Jaw Worm","floor":4,"turns":1},{"damage":0,"enemies":"Gremlin Nob","floor":6,"turns":1},{"damage":0,"enemies":"2 Louse","floor":8,"turns":3},{"damage":14,"enemies":"3 Sentries","floor":11,"turns":10},{"damage":28,"enemies":"3 Sentries","floor":12,"turns":10},{"damage":3,"enemies":"Exordium Wildlife","floor":14,"turns":3},{"damage":0,"enemies":"Hexaghost","floor":16,"turns":9},{"damage":11,"enemies":"Chosen","floor":18,"turns":5},{"damage":16,"enemies":"Spheric Guardian","floor":20,"turns":4},{"damage":23,"enemies":"Snake Plant","floor":22,"turns":6},{"damage":29,"enemies":"Book of Stabbing","floor":23,"turns":7},{"damage":1,"enemies":"Sentry and Sphere","floor":25,"turns":6},{"damage":4,"enemies":"Gremlin Leader","floor":27,"turns":8},{"damage":7,"enemies":"Slavers","floor":29,"turns":7},{"damage":2,"enemies":"Snecko","floor":30,"turns":5},{"damage":0,"enemies":"Gremlin Leader","floor":31,"turns":8},{"damage":0,"enemies":"Champ","floor":33,"turns":11},{"damage":0,"enemies":"3 Shapes","floor":35,"turns":5},{"damage":0,"enemies":"3 Darklings","floor":36,"turns":3},{"damage":0,"enemies":"Jaw Worm Horde","floor":37,"turns":4},{"damage":0,"enemies":"Sphere and 2 Shapes","floor":39,"turns":5},{"damage":0,"enemies":"Nemesis","floor":40,"turns":7},{"damage":22,"enemies":"Giant Head","floor":42,"turns":8},{"damage":1,"enemies":"Reptomancer","floor":44,"turns":7},{"damage":0,"enemies":"Writhing Mass","floor":45,"turns":7},{"damage":0,"enemies":"4 Shapes","floor":46,"turns":3},{"damage":8,"enemies":"Transient","floor":48,"turns":5},{"damage":25,"enemies":"Awakened One","floor":50,"turns":11},{"damage":0,"enemies":"Shield and Spear","floor":54,"turns":4},{"damage":2,"enemies":"The Heart","floor":55,"turns":6}],"seed_played":"-275351966608609512","potions_obtained":[{"floor":4,"key":"GamblersBrew"},{"floor":11,"key":"Regen Potion"},{"floor":14,"key":"Fire Potion"},{"floor":16,"key":"Ancient Potion"},{"floor":18,"key":"PowerPotion"},{"floor":20,"key":"FairyPotion"},{"floor":22,"key":"Explosive Potion"},{"floor":23,"key":"SkillPotion"},{"floor":25,"key":"PowerPotion"},{"floor":27,"key":"FearPotion"},{"floor":29,"key":"EssenceOfSteel"},{"floor":30,"key":"SpeedPotion"},{"floor":31,"key":"GhostInAJar"},{"floor":33,"key":"Ancient Potion"},{"floor":35,"key":"AttackPotion"},{"floor":36,"key":"Explosive Potion"},{"floor":39,"key":"Dexterity Potion"},{"floor":42,"key":"Ancient Potion"},{"floor":46,"key":"PowerPotion"}],"is_trial":false,"path_per_floor":["M","?","T","M","?","E","R","M","T","R","E","?","?","M","R","B",null,"M","?","M","$","M","E","R","M","T","E","?","E","M","E","R","B",null,"M","M","M","?","M","E","R","E","T","E","M","M","?","M","R","B",null,"R","$","E","B",null],"character_chosen":"THE_SILENT","items_purchased":["Blood Vial","Meat on the Bone","Dead Branch","Infinite Blades","Accuracy","Distraction+1","Prepared+1","PowerPotion","Snake Skull","Pantograph"],"campfire_rested":0,"item_purchase_floors":[21,21,21,53,53,53,53,53,53,53],"current_hp_per_floor":[70,59,59,59,59,59,59,59,59,59,52,24,29,26,26,26,82,71,71,55,55,46,46,46,47,47,45,45,52,52,54,54,56,82,82,82,82,72,80,82,82,60,60,67,75,82,82,80,80,57,82,82,82,82,80],"gold":81,"neow_bonus":"THREE_ENEMY_KILL","is_prod":false,"is_daily":false,"chose_seed":false,"campfire_upgraded":7,"win_rate":0,"timestamp":1556739640,"path_taken":["M","?","?","M","?","E","R","M","T","R","E","?","?","?","R","BOSS","M","?","M","$","?","E","R","M","T","E","?","E","?","E","R","BOSS","M","M","?","?","M","E","R","E","T","E","M","M","?","?","R","BOSS","R","$","E","BOSS"],"build_version":"2019-04-23","purchased_purges":2,"victory":true,"max_hp_per_floor":[70,70,70,70,70,70,70,70,70,70,77,77,82,82,82,82,82,82,82,82,82,82,82,82,82,82,82,82,82,82,82,82,82,82,82,82,82,82,82,82,82,82,82,82,82,82,82,82,82,82,82,82,82,82,82],"card_choices":[{"not_picked":["Bane","Backflip"],"picked":"Deadly Poison","floor":1},{"not_picked":["Outmaneuver","Calculated Gamble"],"picked":"PiercingWail","floor":4},{"not_picked":["Deflect","Masterful Stab"],"picked":"Doppelganger","floor":6},{"not_picked":["Slice","Backstab"],"picked":"Deadly Poison","floor":8},{"not_picked":["PiercingWail","Calculated Gamble"],"picked":"Backflip","floor":11},{"not_picked":["Prepared","Flying Knee"],"picked":"Poisoned Stab","floor":12},{"not_picked":["Poisoned Stab","Sucker Punch"],"picked":"PiercingWail","floor":14},{"not_picked":["Bullet Time","Adrenaline"],"picked":"Corpse Explosion","floor":16},{"not_picked":["Sucker Punch","Prepared"],"picked":"Flying Knee+1","floor":18},{"not_picked":["Slice+1","Reflex+1"],"picked":"Outmaneuver","floor":20},{"not_picked":["Heel Hook","Setup"],"picked":"Cloak And Dagger","floor":22},{"not_picked":["Bane+1","Poisoned Stab"],"picked":"Calculated Gamble","floor":23},{"not_picked":["Poisoned Stab+1","Dagger Spray+1"],"picked":"Cloak And Dagger","floor":25},{"not_picked":["Flying Knee","Grand Finale"],"picked":"Deflect","floor":27},{"not_picked":["Blur+1","Dagger Throw"],"picked":"Leg Sweep+1","floor":29},{"not_picked":["Dagger Throw","Skewer"],"picked":"Deadly Poison+1","floor":30},{"not_picked":["Acrobatics+1","Quick Slash","Dagger Throw"],"picked":"SKIP","floor":31},{"not_picked":["Venomology+1","Night Terror+1"],"picked":"A Thousand Cuts","floor":33},{"not_picked":["Slice+1","PiercingWail+1","Bouncing Flask+1"],"picked":"SKIP","floor":35},{"not_picked":["Bane","Choke+1"],"picked":"Footwork","floor":36},{"not_picked":["Prepared+1","Deflect+1"],"picked":"Sucker Punch+1","floor":37},{"not_picked":["Magnetism","Swift Strike"],"picked":"Deep Breath+1","floor":38},{"not_picked":["Forethought+1","Purity+1"],"picked":"Bandage Up+1","floor":38},{"not_picked":["The Bomb+1","Mind Blast"],"picked":"Master of Strategy+1","floor":38},{"not_picked":["Bane+1","Deflect+1"],"picked":"Cloak And Dagger+1","floor":39},{"not_picked":["Deadly Poison+1","Sucker Punch"],"picked":"Deflect+1","floor":40},{"not_picked":["Flying Knee+1","Night Terror+1"],"picked":"Venomology+1","floor":42},{"not_picked":["PiercingWail+1","Poisoned Stab+1","Underhanded Strike"],"picked":"SKIP","floor":44},{"not_picked":["Dagger Spray","Flying Knee+1"],"picked":"Terror+1","floor":45},{"not_picked":["Flying Knee","Noxious Fumes+1"],"picked":"Well Laid Plans+1","floor":46},{"not_picked":["Dagger Throw+1","Deadly Poison+1"],"picked":"Cloak And Dagger+1","floor":48},{"not_picked":["Sucker Punch","Calculated Gamble+1"],"picked":"Backflip+1","floor":54}],"player_experience":5579549,"relics_obtained":[{"floor":3,"key":"Shuriken"},{"floor":6,"key":"Bottled Lightning"},{"floor":9,"key":"Mummified Hand"},{"floor":11,"key":"Strawberry"},{"floor":12,"key":"The Courier"},{"floor":23,"key":"Paper Crane"},{"floor":27,"key":"Toxic Egg 2"},{"floor":29,"key":"Bag of Preparation"},{"floor":31,"key":"PreservedInsect"},{"floor":40,"key":"MawBank"},{"floor":42,"key":"Bag of Marbles"},{"floor":44,"key":"Bottled Tornado"},{"floor":54,"key":"Anchor"}],"event_choices":[{"damage_healed":0,"gold_gain":75,"player_choice":"Gather Gold","damage_taken":11,"max_hp_gain":0,"max_hp_loss":0,"event_name":"World of Goop","floor":2,"gold_loss":0},{"damage_healed":0,"gold_gain":175,"player_choice":"AGREE","damage_taken":0,"max_hp_gain":0,"max_hp_loss":0,"event_name":"Liars Game","floor":5,"gold_loss":0,"cards_obtained":["Doubt"]},{"damage_healed":0,"gold_gain":0,"player_choice":"Searched \u00271\u0027 times","damage_taken":0,"max_hp_gain":0,"max_hp_loss":0,"event_name":"Dead Adventurer","floor":12,"gold_loss":0},{"damage_healed":0,"gold_gain":0,"player_choice":"Donut","damage_taken":0,"max_hp_gain":5,"max_hp_loss":0,"event_name":"Big Fish","floor":13,"gold_loss":0},{"cards_removed":["Doubt"],"damage_healed":0,"gold_gain":0,"player_choice":"Removed Curses","damage_taken":0,"max_hp_gain":0,"max_hp_loss":0,"event_name":"Fountain of Cleansing","floor":19,"gold_loss":0},{"damage_healed":0,"gold_gain":0,"player_choice":"Trade","damage_taken":0,"relics_obtained":["NlothsMask"],"max_hp_gain":0,"max_hp_loss":0,"event_name":"FaceTrader","floor":28,"gold_loss":0},{"damage_healed":0,"gold_gain":0,"player_choice":"Memory 3","damage_taken":10,"max_hp_gain":0,"max_hp_loss":0,"event_name":"SensoryStone","floor":38,"gold_loss":0},{"damage_healed":0,"gold_gain":0,"player_choice":"Rummage","damage_taken":0,"relics_obtained":["WarpedTongs"],"max_hp_gain":0,"max_hp_loss":0,"event_name":"Accursed Blacksmith","floor":47,"gold_loss":0,"cards_obtained":["Pain"]}],"is_beta":true,"boss_relics":[{"not_picked":["HoveringKite","Snecko Eye"],"picked":"White Beast Statue"},{"not_picked":["Philosopher\u0027s Stone","Fusion Hammer"],"picked":"Coffee Dripper"}],"items_purged_floors":[21,53],"is_endless":false,"potions_floor_spawned":[4,11,14,16,18,20,22,23,25,27,29,30,31,33,35,36,37,39,40,42,44,45,46,48,54],"ascension_level":1}