{"gold_per_floor":[117,133,133,83,1,35,35,69,69,21,57,73,144,159,159,282,282,295,295,40,63,76,76,109,109,109,122,142,57,57,75,75,180,180,192,192,210,55,55,55,388,402,455,488,11,25,45,55,55,55],"floor_reached":51,"playtime":3208,"items_purged":[],"score":822,"play_id":"05b9b7e3-ea17-473d-89da-4ed773608157","local_time":"20190514182202","is_ascension_mode":false,"campfire_choices":[{"data":"Noxious Fumes","floor":15,"key":"SMITH"},{"data":"Malaise","floor":23,"key":"SMITH"},{"data":"Wraith Form v2","floor":25,"key":"SMITH"},{"data":"Footwork","floor":32,"key":"SMITH"},{"data":"Poisoned Stab","floor":40,"key":"SMITH"},{"data":"Noxious Fumes","floor":49,"key":"SMITH"}],"neow_cost":"NONE","seed_source_timestamp":1405972975602614,"circlet_count":0,"master_deck":["Defend_G","Defend_G","Defend_G","Defend_G","Defend_G","Strike_G","Strike_G","Strike_G","Strike_G","Survivor","Neutralize","Poisoned Stab","Poisoned Stab+1","All Out Attack","Caltrops+1","Noxious Fumes+1","Deflect","Malaise+1","Acrobatics","Wraith Form v2+1","Neutralize","Escape Plan","Quick Slash+1","Footwork+1","Doppelganger","Dodge and Roll+1","PiercingWail+1","Backflip","PiercingWail","Noxious Fumes+1","Backflip+1"],"relics":["Ring of the Serpent","Bloody Idol","Bottled Lightning","Dodecahedron","Thread and Needle","Pantograph","Ninja Scroll","Gremlin Horn","Eternal Feather","Mercury Hourglass","Happy Flower","Bottled Flame","Question Card","Oddly Smooth Stone","Old Coin","Strawberry","MawBank","Gambling Chip","Vajra"],"potions_floor_usage":[13,18,18,24,31,33,44,50,50],"damage_taken":[{"damage":0,"enemies":"2 Louse","floor":1,"turns":2},{"damage":0,"enemies":"Small Slimes","floor":2,"turns":4},{"damage":9,"enemies":"3 Sentries","floor":6,"turns":7},{"damage":13,"enemies":"Lagavulin","floor":8,"turns":7},{"damage":13,"enemies":"3 Sentries","floor":11,"turns":6},{"damage":0,"enemies":"Jaw Worm","floor":12,"turns":3},{"damage":12,"enemies":"Lagavulin Event","floor":13,"turns":5},{"damage":0,"enemies":"Looter","floor":14,"turns":2},{"damage":1,"enemies":"Hexaghost","floor":16,"turns":9},{"damage":6,"enemies":"2 Thieves","floor":18,"turns":4},{"damage":0,"enemies":"Spheric Guardian","floor":21,"turns":5},{"damage":1,"enemies":"3 Cultists","floor":22,"turns":5},{"damage":4,"enemies":"Book of Stabbing","floor":24,"turns":6},{"damage":0,"enemies":"Snake Plant","floor":27,"turns":5},{"damage":0,"enemies":"Sentry and Sphere","floor":28,"turns":5},{"damage":0,"enemies":"Cultist and Chosen","floor":31,"turns":6},{"damage":3,"enemies":"Automaton","floor":33,"turns":11},{"damage":10,"enemies":"3 Shapes","floor":35,"turns":4},{"damage":4,"enemies":"3 Darklings","floor":37,"turns":7},{"damage":1,"enemies":"Nemesis","floor":41,"turns":9},{"damage":0,"enemies":"Writhing Mass","floor":42,"turns":8},{"damage":0,"enemies":"Reptomancer","floor":44,"turns":7},{"damage":4,"enemies":"Transient","floor":46,"turns":5},{"damage":0,"enemies":"Maw","floor":47,"turns":8},{"damage":0,"enemies":"Jaw Worm Horde","floor":48,"turns":4},{"damage":0,"enemies":"Donu and Deca","floor":50,"turns":9}],"seed_played":"1018675419709937191","potions_obtained":[{"floor":2,"key":"GamblersBrew"},{"floor":11,"key":"PowerPotion"},{"floor":14,"key":"Ancient Potion"},{"floor":21,"key":"AttackPotion"},{"floor":24,"key":"FearPotion"},{"floor":27,"key":"GamblersBrew"},{"floor":28,"key":"LiquidBronze"},{"floor":31,"key":"Poison Potion"},{"floor":35,"key":"Poison Potion"},{"floor":42,"key":"PowerPotion"}],"is_trial":false,"path_per_floor":["M","M","?","?","$","E","T","E","T","$","E","M","?","M","R","B",null,"M","?","$","M","M","R","E","R","T","M","M","?","?","M","R","B",null,"M","?","M","$","?","R","E","M","T","E","$","M","M","M","R","B",null],"character_chosen":"THE_SILENT","items_purchased":["All Out Attack","Explosive Potion","Mercury Hourglass","Oddly Smooth Stone","Gambling Chip","Vajra","Backflip"],"campfire_rested":0,"item_purchase_floors":[5,10,20,38,45,45,45],"current_hp_per_floor":[77,77,71,71,71,62,62,49,49,49,36,36,24,24,24,48,71,65,65,65,65,64,71,67,71,71,71,71,71,71,71,71,71,71,66,66,67,67,67,71,71,71,78,78,78,78,78,78,78,78],"gold":55,"neow_bonus":"TEN_PERCENT_HP_BONUS","is_prod":false,"is_daily":false,"chose_seed":false,"campfire_upgraded":6,"win_rate":0.0,"timestamp":1557854522,"path_taken":["M","M","?","?","$","E","?","E","T","?","E","M","?","?","R","BOSS","M","?","$","?","M","R","E","R","T","M","M","?","?","M","R","BOSS","M","?","M","$","?","R","E","?","T","E","$","?","M","M","R","BOSS"],"build_version":"2019-05-07","purchased_purges":0,"victory":true,"max_hp_per_floor":[77,77,71,71,71,71,71,71,71,71,71,71,71,71,71,71,71,71,71,71,71,71,71,71,71,71,71,71,71,71,71,71,71,71,71,71,71,71,71,71,71,71,78,78,78,78,78,78,78,78],"card_choices":[{"not_picked":["Sucker Punch","Deadly Poison"],"picked":"Poisoned Stab","floor":1},{"not_picked":["Deflect","Riddle With Holes"],"picked":"Poisoned Stab","floor":2},{"not_picked":["PiercingWail","Endless Agony"],"picked":"Caltrops","floor":6},{"not_picked":["Night Terror","Skewer"],"picked":"Noxious Fumes","floor":8},{"not_picked":["Endless Agony","Dash","Prepared"],"picked":"SKIP","floor":11},{"not_picked":["Dodge and Roll","Deflect","Distraction"],"picked":"SKIP","floor":12},{"not_picked":["All Out Attack","Poisoned Stab"],"picked":"Deflect","floor":14},{"not_picked":["A Thousand Cuts","Tools of the Trade"],"picked":"Malaise","floor":16},{"not_picked":["Underhanded Strike","Bouncing Flask"],"picked":"Acrobatics","floor":18},{"not_picked":["Eviscerate","Underhanded Strike+1","Noxious Fumes"],"picked":"SKIP","floor":21},{"not_picked":["Finisher","Noxious Fumes","Terror"],"picked":"SKIP","floor":22},{"not_picked":["Deadly Poison","Terror","Dodge and Roll"],"picked":"SKIP","floor":24},{"not_picked":["Acrobatics","PiercingWail"],"picked":"Quick Slash+1","floor":27},{"not_picked":["Dagger Spray","Skewer+1","Underhanded Strike"],"picked":"SKIP","floor":28},{"not_picked":["Noxious Fumes","Heel Hook+1","Bouncing Flask"],"picked":"Footwork","floor":31},{"not_picked":["Unload","Malaise","Glass Knife"],"picked":"Doppelganger","floor":33},{"not_picked":["Outmaneuver","Footwork","Dagger Throw"],"picked":"Dodge and Roll+1","floor":35},{"not_picked":["Quick Slash","Heel Hook+1","Poisoned Stab","Skewer+1"],"picked":"SKIP","floor":37},{"not_picked":["Dagger Spray+1","Flying Knee+1","Outmaneuver+1","Sucker Punch+1"],"picked":"SKIP","floor":41},{"not_picked":["Backflip","Backstab+1","Outmaneuver"],"picked":"PiercingWail+1","floor":42},{"not_picked":["Quick Slash","Envenom","Reflex","Outmaneuver+1"],"picked":"SKIP","floor":44},{"not_picked":["Escape Plan","Deadly Poison+1","Underhanded Strike"],"picked":"PiercingWail","floor":46},{"not_picked":["Sucker Punch+1","Backstab","Dodge and Roll+1"],"picked":"Noxious Fumes","floor":47},{"not_picked":["Reflex+1","Prepared","Dagger Throw+1"],"picked":"Backflip+1","floor":48}],"player_experience":2253,"relics_obtained":[{"floor":6,"key":"Bottled Lightning"},{"floor":7,"key":"Dodecahedron"},{"floor":8,"key":"Thread and Needle"},{"floor":9,"key":"Pantograph"},{"floor":11,"key":"Ninja Scroll"},{"floor":13,"key":"Gremlin Horn"},{"floor":24,"key":"Happy Flower"},{"floor":26,"key":"Bottled Flame"},{"floor":41,"key":"Old Coin"},{"floor":43,"key":"Strawberry"},{"floor":44,"key":"MawBank"}],"event_choices":[{"damage_healed":0,"gold_gain":0,"player_choice":"Lose Max HP","damage_taken":0,"relics_obtained":["Golden Idol"],"max_hp_gain":0,"max_hp_loss":6,"event_name":"Golden Idol","floor":3,"gold_loss":0},{"cards_removed":["Strike_G"],"damage_healed":0,"gold_gain":0,"player_choice":"Card Removal","damage_taken":0,"max_hp_gain":0,"max_hp_loss":0,"event_name":"The Cleric","floor":4,"gold_loss":50},{"damage_healed":0,"gold_gain":0,"player_choice":"Searched \u00271\u0027 times","damage_taken":0,"max_hp_gain":0,"max_hp_loss":0,"event_name":"Dead Adventurer","floor":13,"gold_loss":0},{"damage_healed":0,"gold_gain":0,"player_choice":"3 cards matched","damage_taken":0,"max_hp_gain":0,"max_hp_loss":0,"event_name":"Match and Keep!","floor":19,"gold_loss":0,"cards_obtained":["Wraith Form v2","Neutralize","Escape Plan"]},{"damage_healed":0,"gold_gain":0,"player_choice":"Obtained Relic","damage_taken":0,"relics_obtained":["Question Card"],"max_hp_gain":0,"max_hp_loss":0,"event_name":"Addict","floor":29,"gold_loss":85},{"damage_healed":0,"gold_gain":0,"player_choice":"Gave Idol","damage_taken":0,"relics_obtained":["Bloody Idol"],"max_hp_gain":0,"max_hp_loss":0,"event_name":"Forgotten Altar","floor":30,"relics_lost":["Golden Idol"],"gold_loss":0},{"damage_healed":0,"gold_gain":0,"player_choice":"Ignored","damage_taken":0,"max_hp_gain":0,"max_hp_loss":0,"event_name":"Tomb of Lord Red Mask","floor":36,"gold_loss":0},{"damage_healed":0,"gold_gain":0,"player_choice":"Upgraded","damage_taken":0,"max_hp_gain":0,"max_hp_loss":0,"event_name":"Upgrade Shrine","floor":39,"gold_loss":0,"cards_upgraded":["Caltrops"]}],"is_beta":true,"boss_relics":[{"not_picked":["Ectoplasm","Busted Crown"],"picked":"Eternal Feather"},{"not_picked":["WristBlade","HoveringKite"],"picked":"Ring of the Serpent"}],"items_purged_floors":[],"is_endless":false,"potions_floor_spawned":[2,11,14,16,21,24,27,28,31,35,41,42],"ascension_level":0}