{"gold_per_floor":[209,227,7,7,23,23,34,34,34,59,59,59,73,100,100,172,172,148,158,171,171],"floor_reached":21,"playtime":1428,"items_purged":[],"score":382,"play_id":"5f4269ca-3f59-4a89-8f4b-ea03a8ed987b","local_time":"20181121093221","is_ascension_mode":true,"campfire_choices":[{"data":"Neutralize","floor":6,"key":"SMITH"},{"data":"Noxious Fumes","floor":8,"key":"SMITH"},{"data":"1","floor":11,"key":"LIFT"},{"floor":15,"key":"REST"}],"neow_cost":"NONE","seed_source_timestamp":568543845730927,"circlet_count":0,"master_deck":["AscendersBane","Defend_G","Defend_G","Defend_G","Defend_G","Defend_G","Strike_G","Strike_G","Strike_G","Strike_G","Survivor","Neutralize+1","Predator","Endless Agony","Noxious Fumes+1","Poisoned Stab","Dodge and Roll","After Image","Skewer","Footwork"],"relics":["Ring of the Snake","ClockworkSouvenir","Girya","Calipers","Shovel","Cursed Key"],"potions_floor_usage":[16,20,21],"damage_taken":[{"damage":0,"enemies":"Jaw Worm","floor":1,"turns":5},{"damage":1,"enemies":"Small Slimes","floor":2,"turns":3},{"damage":0,"enemies":"Cultist","floor":5,"turns":3},{"damage":5,"enemies":"Red Slaver","floor":7,"turns":4},{"damage":19,"enemies":"3 Sentries","floor":10,"turns":7},{"damage":0,"enemies":"Blue Slaver","floor":13,"turns":4},{"damage":17,"enemies":"Lagavulin","floor":14,"turns":6},{"damage":21,"enemies":"Slime Boss","floor":16,"turns":13},{"damage":10,"enemies":"2 Thieves","floor":18,"turns":4},{"damage":18,"enemies":"3 Byrds","floor":19,"turns":6},{"damage":23,"enemies":"3 Cultists","floor":20,"turns":7},{"damage":12,"enemies":"Colosseum Slavers","floor":21,"turns":1}],"seed_played":"-3608776963913804617","potions_obtained":[{"floor":5,"key":"Explosive Potion"},{"floor":7,"key":"LiquidBronze"},{"floor":14,"key":"SpeedPotion"},{"floor":16,"key":"GhostInAJar"},{"floor":20,"key":"Energy Potion"}],"is_trial":false,"path_per_floor":["M","M","$","?","M","R","M","R","T","E","R","?","M","E","R","B",null,"M","M","M","?"],"character_chosen":"THE_SILENT","items_purchased":["ClockworkSouvenir"],"campfire_rested":1,"item_purchase_floors":[3],"current_hp_per_floor":[59,58,58,51,51,51,46,46,46,27,27,27,27,10,29,8,52,42,24,1,0],"gold":171,"neow_bonus":"HUNDRED_GOLD","is_prod":false,"is_daily":false,"chose_seed":false,"campfire_upgraded":2,"win_rate":0,"timestamp":1542810741,"path_taken":["M","M","$","?","M","R","M","R","T","E","R","?","M","E","R","BOSS","M","M","M","?"],"build_version":"2018-11-15","purchased_purges":0,"victory":false,"max_hp_per_floor":[66,66,66,66,66,66,66,66,66,66,66,66,66,66,66,66,66,66,66,66,66],"card_choices":[{"not_picked":["Deflect","Bane","Outmaneuver"],"picked":"SKIP","floor":1},{"not_picked":["Tactician","Underhanded Strike"],"picked":"Predator","floor":2},{"not_picked":["Backflip","Cloak And Dagger"],"picked":"Endless Agony","floor":5},{"not_picked":["Expertise","Quick Slash"],"picked":"Noxious Fumes","floor":7},{"not_picked":["Flying Knee","Underhanded Strike"],"picked":"Poisoned Stab","floor":10},{"not_picked":["Dodge and Roll","Setup","Flying Knee"],"picked":"SKIP","floor":13},{"not_picked":["Riddle With Holes","Die Die Die"],"picked":"Dodge and Roll","floor":14},{"not_picked":["Burst","Venomology"],"picked":"After Image","floor":16},{"not_picked":["Outmaneuver","Blade Dance"],"picked":"Skewer","floor":18},{"not_picked":["Bane","Prepared","Quick Slash"],"picked":"SKIP","floor":19},{"not_picked":["Terror","Dagger Spray+1"],"picked":"Footwork","floor":20}],"player_experience":1003589,"relics_obtained":[{"floor":9,"key":"Girya"},{"floor":10,"key":"Calipers"},{"floor":14,"key":"Shovel"}],"event_choices":[{"cards_removed":["Strike_G"],"damage_healed":0,"gold_gain":0,"player_choice":"Card Removal","damage_taken":7,"max_hp_gain":0,"max_hp_loss":0,"event_name":"Golden Wing","floor":4,"gold_loss":0},{"damage_healed":0,"gold_gain":0,"player_choice":"Fled","damage_taken":0,"max_hp_gain":0,"max_hp_loss":0,"event_name":"Scrap Ooze","floor":12,"gold_loss":0},{"damage_healed":0,"gold_gain":0,"player_choice":"Fight","damage_taken":0,"max_hp_gain":0,"max_hp_loss":0,"event_name":"Colosseum","floor":21,"gold_loss":0}],"is_beta":true,"boss_relics":[{"not_picked":["Ring of the Serpent","Snecko Eye"],"picked":"Cursed Key"}],"items_purged_floors":[],"is_endless":false,"potions_floor_spawned":[5,7,14,16,19,20],"killed_by":"Colosseum Slavers","ascension_level":20}