{"gold_per_floor":[112,122,132,147,161,161,180,209,209,241,261,272,272,6,6,102,102,112,37,53,73,73,73,90,90,90,103,103,103,118,135,135,231,231,243,343,361,361,381,381,401,401,401,401,411,411,411,411,411,411],"floor_reached":51,"playtime":1208,"items_purged":["Strike_R"],"score":665,"play_id":"49ff9b2a-08d9-4f6d-8743-93ed6fe6f16e","local_time":"20190405204933","is_ascension_mode":false,"campfire_choices":[{"data":"Metallicize","floor":6,"key":"SMITH"},{"data":"Rage","floor":13,"key":"SMITH"},{"data":"Double Tap","floor":15,"key":"SMITH"},{"data":"Sword Boomerang","floor":23,"key":"SMITH"},{"data":"Flame Barrier","floor":25,"key":"SMITH"},{"data":"Heavy Blade","floor":32,"key":"SMITH"},{"data":"Sword Boomerang","floor":40,"key":"SMITH"},{"data":"Shrug It Off","floor":42,"key":"SMITH"},{"data":"Bash","floor":44,"key":"SMITH"},{"data":"True Grit","floor":46,"key":"SMITH"},{"data":"Impervious","floor":49,"key":"SMITH"}],"neow_cost":"PERCENT_DAMAGE","seed_source_timestamp":47324467470700,"circlet_count":0,"master_deck":["Strike_R","Strike_R","Strike_R","Defend_R","Defend_R","Defend_R","Defend_R","Bash+1","Double Tap+1","Pommel Strike","Metallicize+1","Flame Barrier+1","Cleave","Sword Boomerang+1","Inflame","Impervious","True Grit+1","Rage+1","Reaper","Shrug It Off+1","Twin Strike","Body Slam+1","Impervious+1","Sword Boomerang+1","Heavy Blade+1","Impervious","Pummel+1","Shrug It Off+1","Cleave+1","Battle Trance+1","Impatience"],"relics":["Black Blood","Dodecahedron","Omamori","Art of War","Brimstone","Sozu","Centennial Puzzle","Meat on the Bone","MutagenicStrength","CultistMask","Magic Flower","Shuriken"],"potions_floor_usage":[3,16,16,36],"damage_taken":[{"damage":1,"enemies":"Cultist","floor":1,"turns":3},{"damage":7,"enemies":"2 Louse","floor":2,"turns":2},{"damage":4,"enemies":"Small Slimes","floor":3,"turns":4},{"damage":5,"enemies":"Looter","floor":4,"turns":4},{"damage":0,"enemies":"2 Fungi Beasts","floor":5,"turns":3},{"damage":9,"enemies":"Red Slaver","floor":7,"turns":4},{"damage":28,"enemies":"Lagavulin","floor":8,"turns":7},{"damage":12,"enemies":"Gremlin Nob","floor":10,"turns":4},{"damage":10,"enemies":"Looter","floor":11,"turns":3},{"damage":7,"enemies":"3 Louse","floor":12,"turns":3},{"damage":9,"enemies":"Hexaghost","floor":16,"turns":7},{"damage":10,"enemies":"2 Thieves","floor":18,"turns":3},{"damage":1,"enemies":"3 Byrds","floor":20,"turns":4},{"damage":18,"enemies":"Snecko","floor":21,"turns":4},{"damage":9,"enemies":"Shelled Parasite and Fungi","floor":24,"turns":5},{"damage":7,"enemies":"Snake Plant","floor":27,"turns":3},{"damage":16,"enemies":"Centurion and Healer","floor":30,"turns":5},{"damage":2,"enemies":"Chosen and Byrds","floor":31,"turns":3},{"damage":26,"enemies":"Collector","floor":33,"turns":6},{"damage":23,"enemies":"3 Darklings","floor":35,"turns":3},{"damage":9,"enemies":"Mind Bloom Boss Battle","floor":36,"turns":5},{"damage":0,"enemies":"Orb Walker","floor":37,"turns":2},{"damage":0,"enemies":"Writhing Mass","floor":39,"turns":3},{"damage":0,"enemies":"3 Darklings","floor":41,"turns":4},{"damage":13,"enemies":"Maw","floor":45,"turns":5},{"damage":50,"enemies":"Donu and Deca","floor":50,"turns":7}],"seed_played":"5603115435180355682","potions_obtained":[{"floor":2,"key":"BloodPotion"},{"floor":3,"key":"SpeedPotion"},{"floor":7,"key":"SkillPotion"},{"floor":12,"key":"AttackPotion"},{"floor":16,"key":"SkillPotion"}],"is_trial":false,"path_per_floor":["M","M","M","M","M","R","M","E","T","E","M","M","R","$","R","B",null,"M","?","M","M","?","R","M","R","T","M","?","?","M","M","R","B",null,"M","?","M","?","M","R","M","R","T","R","M","R","?","?","R","B",null],"character_chosen":"IRONCLAD","items_purchased":["Brimstone"],"campfire_rested":0,"item_purchase_floors":[14],"current_hp_per_floor":[61,60,70,71,77,77,74,52,52,46,42,41,41,41,41,38,80,76,76,80,68,68,68,65,65,65,64,64,64,70,74,74,66,80,67,68,80,76,76,76,76,76,76,76,76,76,76,76,76,70],"gold":411,"neow_bonus":"THREE_RARE_CARDS","is_prod":false,"is_daily":false,"chose_seed":false,"campfire_upgraded":11,"win_rate":0,"timestamp":1554490173,"path_taken":["M","M","M","M","M","R","?","E","T","E","M","M","R","?","R","BOSS","M","?","M","M","?","R","M","R","T","M","?","?","?","M","R","BOSS","M","?","M","?","M","R","M","R","T","R","M","R","?","?","R","BOSS"],"build_version":"2019-01-23","purchased_purges":1,"victory":true,"max_hp_per_floor":[80,80,80,80,80,80,80,80,80,80,80,80,80,80,80,80,80,80,80,80,80,80,80,80,80,80,80,80,80,80,80,80,80,80,80,80,80,76,76,76,76,76,76,76,76,76,76,76,76,76],"card_choices":[{"not_picked":["Berserk","Dark Embrace"],"picked":"Double Tap","floor":0},{"not_picked":["True Grit","Heavy Blade"],"picked":"Pommel Strike","floor":1},{"not_picked":["Thunderclap","Pommel Strike"],"picked":"Metallicize","floor":2},{"not_picked":["Thunderclap","Headbutt"],"picked":"Flame Barrier","floor":3},{"not_picked":["Body Slam","Bloodletting"],"picked":"Cleave","floor":4},{"not_picked":["Sever Soul","Rampage"],"picked":"Sword Boomerang","floor":5},{"not_picked":["Heavy Blade","Hemokinesis","Burning Pact"],"picked":"SKIP","floor":7},{"not_picked":["Armaments","Clothesline"],"picked":"Inflame","floor":8},{"not_picked":["Wild Strike","Clash"],"picked":"Impervious","floor":10},{"not_picked":["Clash","Thunderclap"],"picked":"True Grit","floor":11},{"not_picked":["Pummel","Searing Blow"],"picked":"Rage","floor":12},{"not_picked":["Bludgeon","Demon Form"],"picked":"Reaper","floor":16},{"not_picked":["Uppercut+1","Flex"],"picked":"Shrug It Off+1","floor":18},{"not_picked":["Clothesline+1","True Grit"],"picked":"Feel No Pain+1","floor":20},{"not_picked":["Perfected Strike","Pommel Strike"],"picked":"Twin Strike","floor":21},{"not_picked":["Pommel Strike","Iron Wave+1"],"picked":"Body Slam+1","floor":24},{"not_picked":["Disarm","Dual Wield"],"picked":"Impervious","floor":27},{"not_picked":["Wild Strike+1","True Grit+1"],"picked":"Sword Boomerang","floor":30},{"not_picked":["Disarm","Cleave"],"picked":"Heavy Blade","floor":31},{"not_picked":["Dark Embrace","Offering"],"picked":"Impervious","floor":33},{"not_picked":["Heavy Blade+1","Anger"],"picked":"Pummel+1","floor":35},{"not_picked":["Seeing Red+1","Spot Weakness+1"],"picked":"Shrug It Off","floor":36},{"not_picked":["Armaments","Dark Embrace","Metallicize"],"picked":"SKIP","floor":37},{"not_picked":["Perfected Strike+1","Havoc+1","Cleave"],"picked":"SKIP","floor":39},{"not_picked":["Uppercut","Iron Wave+1"],"picked":"Cleave+1","floor":41},{"not_picked":["Iron Wave","Rupture"],"picked":"Battle Trance+1","floor":45},{"not_picked":["Discovery","PanicButton"],"picked":"Impatience","floor":48}],"player_experience":578424,"relics_obtained":[{"floor":8,"key":"Dodecahedron"},{"floor":9,"key":"Omamori"},{"floor":10,"key":"Art of War"},{"floor":26,"key":"Meat on the Bone"},{"floor":36,"key":"Magic Flower"},{"floor":43,"key":"Shuriken"}],"event_choices":[{"cards_removed":["Strike_R"],"damage_healed":0,"gold_gain":0,"player_choice":"Gave Gold","damage_taken":0,"max_hp_gain":0,"max_hp_loss":0,"event_name":"Beggar","floor":19,"gold_loss":75},{"damage_healed":0,"gold_gain":0,"player_choice":"Opened","damage_taken":0,"relics_obtained":["Centennial Puzzle"],"max_hp_gain":0,"max_hp_loss":0,"event_name":"The Mausoleum","floor":22,"gold_loss":0},{"damage_healed":0,"gold_gain":0,"player_choice":"Inject Mutagens","damage_taken":0,"relics_obtained":["MutagenicStrength"],"max_hp_gain":0,"max_hp_loss":0,"event_name":"Drug Dealer","floor":28,"gold_loss":0},{"damage_healed":0,"gold_gain":0,"player_choice":"Trade","damage_taken":0,"relics_obtained":["CultistMask"],"max_hp_gain":0,"max_hp_loss":0,"event_name":"FaceTrader","floor":29,"gold_loss":0},{"damage_healed":0,"gold_gain":0,"player_choice":"Fight","damage_taken":0,"max_hp_gain":0,"max_hp_loss":0,"event_name":"MindBloom","floor":36,"gold_loss":0},{"damage_healed":0,"gold_gain":0,"player_choice":"Max HP","damage_taken":0,"max_hp_gain":0,"max_hp_loss":4,"event_name":"Winding Halls","floor":38,"gold_loss":0},{"cards_removed":["Feel No Pain"],"damage_healed":0,"gold_gain":0,"player_choice":"Removed Power","damage_taken":0,"max_hp_gain":0,"max_hp_loss":0,"event_name":"Falling","floor":47,"gold_loss":0},{"damage_healed":0,"gold_gain":0,"player_choice":"Memory 1","damage_taken":0,"max_hp_gain":0,"max_hp_loss":0,"event_name":"SensoryStone","floor":48,"gold_loss":0}],"is_beta":false,"boss_relics":[{"not_picked":["Eternal Feather","Pandora\u0027s Box"],"picked":"Sozu"},{"not_picked":["Lizard Tail","Runic Pyramid"],"picked":"Black Blood"}],"items_purged_floors":[14],"is_endless":false,"potions_floor_spawned":[2,3,7,12,16,20,27,31,35,36,45],"ascension_level":0}