{"gold_per_floor":[115,115,135,220,239,267,267,285,308,325,325,380,380,13,13,89,89,107,121,44,44,143,143,172,187,239,271,282,282,297,320,320,392,392,404,404,420,438,453,453,470,470],"floor_reached":42,"playtime":1509,"items_purged":["Strike_R"],"score":773,"play_id":"2a043264-7d33-439c-a59b-2457762e798f","local_time":"20190330180843","is_ascension_mode":true,"campfire_choices":[{"floor":7,"key":"REST"},{"data":"Limit Break","floor":11,"key":"SMITH"},{"data":"Pummel","floor":13,"key":"SMITH"},{"data":"Metallicize","floor":15,"key":"SMITH"},{"floor":23,"key":"REST"},{"floor":29,"key":"REST"},{"floor":32,"key":"REST"},{"floor":40,"key":"RECALL"}],"neow_cost":"PERCENT_DAMAGE","seed_source_timestamp":841860415935589,"circlet_count":0,"master_deck":["AscendersBane","Strike_R+1","Strike_R","Strike_R+1","Strike_R","Defend_R","Defend_R","Defend_R","Defend_R","Bash","Iron Wave+1","Thunderclap","Pummel+1","Limit Break+1","Twin Strike","Shrug It Off","Metallicize+1","Limit Break","Headbutt","Spot Weakness","Impervious","Shame","Battle Trance","Iron Wave","Ghostly Armor","Exhume","Ghostly Armor","Seeing Red+1","Anger+1","Flame Barrier+1","True Grit+1"],"relics":["Burning Blood","Du-Vu Doll","Tiny Chest","Darkstone Periapt","Strawberry","Bag of Preparation","Lee\u0027s Waffle","Eternal Feather","Boot","Ice Cream","Whetstone","Oddly Smooth Stone","Red Skull","Lizard Tail"],"potions_floor_usage":[6,18,24,28,33,39,42,42],"damage_taken":[{"damage":2,"enemies":"Jaw Worm","floor":1,"turns":3},{"damage":0,"enemies":"2 Louse","floor":3,"turns":3},{"damage":15,"enemies":"Small Slimes","floor":5,"turns":4},{"damage":25,"enemies":"3 Sentries","floor":6,"turns":9},{"damage":4,"enemies":"Blue Slaver","floor":8,"turns":3},{"damage":0,"enemies":"Exordium Wildlife","floor":10,"turns":3},{"damage":49,"enemies":"Hexaghost","floor":16,"turns":9},{"damage":15,"enemies":"Spheric Guardian","floor":18,"turns":4},{"damage":47,"enemies":"2 Thieves","floor":19,"turns":4},{"damage":17,"enemies":"Book of Stabbing","floor":24,"turns":3},{"damage":2,"enemies":"Sentry and Sphere","floor":25,"turns":5},{"damage":50,"enemies":"Slavers","floor":27,"turns":4},{"damage":10,"enemies":"Cultist and Chosen","floor":28,"turns":6},{"damage":53,"enemies":"Shelled Parasite and Fungi","floor":30,"turns":4},{"damage":52,"enemies":"Collector","floor":33,"turns":10},{"damage":10,"enemies":"Orb Walker","floor":35,"turns":3},{"damage":27,"enemies":"3 Darklings","floor":37,"turns":5},{"damage":26,"enemies":"Maw","floor":38,"turns":6},{"damage":35,"enemies":"Spire Growth","floor":39,"turns":5},{"damage":54,"enemies":"3 Darklings","floor":41,"turns":6},{"damage":32,"enemies":"Reptomancer","floor":42,"turns":4}],"seed_played":"5934188312443935233","potions_obtained":[{"floor":3,"key":"Dexterity Potion"},{"floor":5,"key":"Poison Potion"},{"floor":8,"key":"Explosive Potion"},{"floor":19,"key":"PowerPotion"},{"floor":24,"key":"Dexterity Potion"},{"floor":33,"key":"PowerPotion"},{"floor":39,"key":"EssenceOfSteel"},{"floor":41,"key":"SneckoOil"}],"is_trial":false,"path_per_floor":["M","?","M","T","M","E","R","M","T","M","R","T","R","$","R","B",null,"M","M","$","?","?","R","E","M","T","E","M","R","M","T","R","B",null,"M","?","M","M","M","R","M","E"],"character_chosen":"IRONCLAD","items_purchased":["Lee\u0027s Waffle","Metallicize","Impervious"],"campfire_rested":4,"item_purchase_floors":[14,14,20],"current_hp_per_floor":[54,54,60,60,51,32,54,56,63,69,69,69,69,89,89,46,78,69,28,28,34,34,74,63,67,67,23,19,59,12,12,55,9,74,70,70,49,29,53,71,23,0],"gold":470,"neow_bonus":"ONE_RARE_RELIC","is_prod":false,"is_daily":false,"chose_seed":false,"campfire_upgraded":3,"win_rate":0,"timestamp":1553980123,"path_taken":["M","?","M","?","M","E","R","M","T","M","R","?","R","$","R","BOSS","M","M","$","?","?","R","E","M","T","E","M","R","M","?","R","BOSS","M","?","M","M","M","R","M","E"],"build_version":"2019-01-23","purchased_purges":1,"victory":false,"max_hp_per_floor":[75,75,75,75,75,75,75,75,82,82,82,82,82,89,89,89,89,89,89,89,95,95,95,95,95,95,95,95,95,95,95,95,95,95,95,95,95,95,95,95,95,95],"card_choices":[{"not_picked":["Cleave","Ghostly Armor"],"picked":"Iron Wave","floor":1},{"not_picked":["Blood for Blood","Seeing Red"],"picked":"Thunderclap","floor":3},{"not_picked":["Heavy Blade","Rage"],"picked":"Pummel","floor":5},{"not_picked":["Heavy Blade","True Grit"],"picked":"Limit Break","floor":6},{"not_picked":["Flex","Headbutt"],"picked":"Twin Strike","floor":8},{"not_picked":["Warcry","Carnage"],"picked":"Shrug It Off","floor":10},{"not_picked":["Fiend Fire","Immolate"],"picked":"Limit Break","floor":16},{"not_picked":["Twin Strike","Clothesline"],"picked":"Headbutt","floor":18},{"not_picked":["Reckless Charge","Flex"],"picked":"Spot Weakness","floor":19},{"not_picked":["Twin Strike","Perfected Strike","Entrench+1"],"picked":"SKIP","floor":24},{"not_picked":["Clothesline","Sever Soul","Fire Breathing"],"picked":"SKIP","floor":25},{"not_picked":["Body Slam+1","Seeing Red"],"picked":"Battle Trance","floor":27},{"not_picked":["Barricade","Burning Pact"],"picked":"Iron Wave","floor":28},{"not_picked":["Wild Strike","Rupture"],"picked":"Ghostly Armor","floor":30},{"not_picked":["Brutality","Fiend Fire"],"picked":"Exhume","floor":33},{"not_picked":["Blood for Blood+1","Sword Boomerang"],"picked":"Ghostly Armor","floor":35},{"not_picked":["Wild Strike","Headbutt"],"picked":"Seeing Red+1","floor":37},{"not_picked":["Pommel Strike","Havoc+1"],"picked":"Anger+1","floor":38},{"not_picked":["Perfected Strike","Sword Boomerang"],"picked":"Flame Barrier+1","floor":39},{"not_picked":["Cleave","Wild Strike"],"picked":"True Grit+1","floor":41}],"player_experience":1010461,"relics_obtained":[{"floor":4,"key":"Tiny Chest"},{"floor":6,"key":"Darkstone Periapt"},{"floor":9,"key":"Strawberry"},{"floor":12,"key":"Bag of Preparation"},{"floor":24,"key":"Ice Cream"},{"floor":26,"key":"Whetstone"},{"floor":27,"key":"Oddly Smooth Stone"},{"floor":31,"key":"Red Skull"}],"event_choices":[{"damage_healed":0,"gold_gain":0,"player_choice":"Grow","damage_taken":0,"max_hp_gain":0,"max_hp_loss":0,"event_name":"Living Wall","floor":2,"gold_loss":0,"cards_upgraded":["Iron Wave"]},{"damage_healed":0,"gold_gain":0,"player_choice":"Stole Relic","damage_taken":0,"relics_obtained":["Boot"],"max_hp_gain":0,"max_hp_loss":0,"event_name":"Addict","floor":21,"gold_loss":0,"cards_obtained":["Shame"]},{"damage_healed":0,"gold_gain":99,"player_choice":"Stole From Cult","damage_taken":0,"max_hp_gain":0,"max_hp_loss":0,"event_name":"Nest","floor":22,"gold_loss":0},{"damage_healed":0,"gold_gain":0,"player_choice":"Ignored","damage_taken":0,"max_hp_gain":0,"max_hp_loss":0,"event_name":"Mysterious Sphere","floor":36,"gold_loss":0}],"is_beta":false,"boss_relics":[{"not_picked":["Runic Pyramid","Snecko Eye"],"picked":"Eternal Feather"},{"not_picked":["Coffee Dripper","Astrolabe"],"picked":"Lizard Tail"}],"items_purged_floors":[14],"is_endless":false,"potions_floor_spawned":[3,5,8,19,24,27,33,39,41],"killed_by":"Reptomancer","ascension_level":14}