{"gold_per_floor":[11,31,46,65,65,65,104,279,303,303,303,336,336,357,357,357],"floor_reached":16,"playtime":723,"items_purged":[],"score":142,"play_id":"fc5a55c6-f8d7-4a94-a998-9491b1df50da","local_time":"20190424075225","is_ascension_mode":true,"campfire_choices":[{"data":"Perfected Strike","floor":6,"key":"SMITH"},{"data":"Bash","floor":11,"key":"SMITH"},{"data":"True Grit","floor":13,"key":"SMITH"},{"data":"Pommel Strike","floor":15,"key":"SMITH"}],"neow_cost":"NO_GOLD","seed_source_timestamp":3762206129524618,"circlet_count":0,"master_deck":["Strike_R","Strike_R","Strike_R","Strike_R+1","Strike_R+1","Defend_R","Defend_R","Defend_R","Defend_R","Bash+1","Headbutt","Power Through","Perfected Strike+1","Feel No Pain","Sentinel","Doubt","True Grit+1","Pommel Strike+1"],"relics":["Burning Blood","Calipers","Golden Idol","Vajra","Regal Pillow","Oddly Smooth Stone"],"potions_floor_usage":[4,7],"damage_taken":[{"damage":6,"enemies":"Cultist","floor":1,"turns":4},{"damage":10,"enemies":"Small Slimes","floor":2,"turns":3},{"damage":2,"enemies":"Jaw Worm","floor":3,"turns":6},{"damage":0,"enemies":"Exordium Wildlife","floor":4,"turns":3},{"damage":0,"enemies":"3 Sentries","floor":7,"turns":5},{"damage":31,"enemies":"Lagavulin","floor":12,"turns":6},{"damage":10,"enemies":"Exordium Thugs","floor":14,"turns":4},{"damage":27,"enemies":"Slime Boss","floor":16,"turns":10}],"seed_played":"-866500706758764206","potions_obtained":[{"floor":1,"key":"Fire Potion"},{"floor":2,"key":"Ancient Potion"},{"floor":4,"key":"Explosive Potion"}],"is_trial":false,"path_per_floor":["M","M","M","M","?","R","E","?","T","?","R","E","R","M","R","B"],"character_chosen":"IRONCLAD","items_purchased":[],"campfire_rested":0,"item_purchase_floors":[],"current_hp_per_floor":[80,76,80,80,60,60,66,66,66,50,50,25,25,21,21,0],"gold":357,"neow_bonus":"ONE_RARE_RELIC","is_prod":false,"is_daily":false,"chose_seed":false,"campfire_upgraded":4,"win_rate":0,"timestamp":1556106745,"path_taken":["M","M","M","M","?","R","E","?","T","?","R","E","R","M","R","BOSS"],"build_version":"2019-04-23","purchased_purges":0,"victory":false,"max_hp_per_floor":[80,80,80,80,80,80,80,80,80,80,80,80,80,80,80,80],"card_choices":[{"not_picked":["Corruption","Sword Boomerang"],"picked":"Headbutt","floor":1},{"not_picked":["Pummel","Twin Strike"],"picked":"Power Through","floor":2},{"not_picked":["Heavy Blade","Cleave"],"picked":"Perfected Strike","floor":3},{"not_picked":["Hemokinesis","Fire Breathing"],"picked":"Feel No Pain","floor":4},{"not_picked":["Infernal Blade","Anger"],"picked":"Sentinel","floor":7},{"not_picked":["Warcry","Heavy Blade"],"picked":"True Grit","floor":12},{"not_picked":["Seeing Red","Clothesline"],"picked":"Pommel Strike","floor":14}],"player_experience":5467231,"relics_obtained":[{"floor":7,"key":"Vajra"},{"floor":9,"key":"Regal Pillow"},{"floor":12,"key":"Oddly Smooth Stone"}],"event_choices":[{"damage_healed":0,"gold_gain":0,"player_choice":"Take Damage","damage_taken":20,"relics_obtained":["Golden Idol"],"max_hp_gain":0,"max_hp_loss":0,"event_name":"Golden Idol","floor":5,"gold_loss":0},{"damage_healed":0,"gold_gain":175,"player_choice":"AGREE","damage_taken":0,"max_hp_gain":0,"max_hp_loss":0,"event_name":"Liars Game","floor":8,"gold_loss":0,"cards_obtained":["Doubt"]},{"damage_healed":0,"gold_gain":0,"player_choice":"Entered Light","damage_taken":16,"max_hp_gain":0,"max_hp_loss":0,"event_name":"Shining Light","floor":10,"gold_loss":0,"cards_upgraded":["Strike_R","Strike_R"]}],"is_beta":true,"boss_relics":[],"items_purged_floors":[],"is_endless":false,"potions_floor_spawned":[1,2,4],"killed_by":"Slime Boss","ascension_level":1}