{"gold_per_floor":[118,130,10,85,85,113,113,139,192,226,226,255,271,112,112,112],"floor_reached":16,"playtime":393,"items_purged":["Strike_R","Strike_R"],"score":282,"play_id":"b7e7d4c8-2f4d-4250-b5e4-f3a8ed39fc34","local_time":"20190515151535","is_ascension_mode":true,"campfire_choices":[{"data":"True Grit","floor":7.0,"key":"SMITH"},{"data":"Uppercut","floor":11.0,"key":"SMITH"},{"data":"Body Slam","floor":15.0,"key":"SMITH"}],"neow_cost":"NONE","seed_source_timestamp":431989222230205,"circlet_count":0,"master_deck":["AscendersBane","Strike_R","Strike_R+1","Strike_R","Defend_R","Defend_R","Defend_R+1","Defend_R","Bash","Uppercut+1","True Grit+1","Feel No Pain","Carnage","Body Slam+1","Shrug It Off"],"special_seed":0,"relics":["Burning Blood","NeowsBlessing","Self Forming Clay","Odd Mushroom","Oddly Smooth Stone","Singing Bowl","Bag of Preparation"],"potions_floor_usage":[16,16],"damage_taken":[{"damage":0.0,"enemies":"Jaw Worm","floor":1.0,"turns":1.0},{"damage":0.0,"enemies":"Small Slimes","floor":2.0,"turns":2.0},{"damage":0.0,"enemies":"Lagavulin","floor":6.0,"turns":2.0},{"damage":20.0,"enemies":"The Mushroom Lair","floor":8.0,"turns":6.0},{"damage":6.0,"enemies":"Gremlin Nob","floor":10.0,"turns":4.0},{"damage":18.0,"enemies":"3 Sentries","floor":12.0,"turns":10.0},{"damage":0.0,"enemies":"2 Louse","floor":13.0,"turns":2.0},{"damage":31,"enemies":"Slime Boss","floor":16,"turns":8}],"seed_played":"3257472421400904972","potions_obtained":[{"floor":2.0,"key":"AttackPotion"},{"floor":6.0,"key":"FearPotion"},{"floor":13.0,"key":"Poison Potion"}],"is_trial":false,"path_per_floor":["M","M","$","?","?","E","R","?","T","E","R","E","M","$","R","B"],"character_chosen":"IRONCLAD","items_purchased":["Feel No Pain","Shrug It Off"],"campfire_rested":0,"item_purchase_floors":[3,14],"current_hp_per_floor":[74,75,75,64,41,47,47,33,33,35,35,23,31,31,31,0],"gold":112,"neow_bonus":"THREE_ENEMY_KILL","is_prod":false,"is_daily":false,"chose_seed":false,"campfire_upgraded":3,"win_rate":0,"timestamp":1557904535,"path_taken":["M","M","$","?","?","E","R","?","T","E","R","E","M","$","R","BOSS"],"build_version":"2019-01-23","purchased_purges":2,"victory":false,"max_hp_per_floor":[75,75,75,75,75,75,75,75,75,77,77,77,79,79,79,79],"card_choices":[{"not_picked":["Clash","Shrug It Off"],"picked":"Uppercut","floor":1.0},{"not_picked":["Reaper","Uppercut"],"picked":"True Grit","floor":2.0},{"not_picked":["Reaper","Rage","Anger"],"picked":"SKIP","floor":6.0},{"not_picked":["Sword Boomerang","Warcry"],"picked":"Carnage","floor":8.0},{"not_picked":["Rage","Inflame","Entrench"],"picked":"Singing Bowl","floor":10.0},{"not_picked":["Pummel","Thunderclap"],"picked":"Body Slam","floor":12.0},{"not_picked":["Havoc","Whirlwind","Cleave"],"picked":"Singing Bowl","floor":13.0}],"player_experience":1690412,"relics_obtained":[{"floor":6.0,"key":"Self Forming Clay"},{"floor":8.0,"key":"Odd Mushroom"},{"floor":9.0,"key":"Oddly Smooth Stone"},{"floor":10.0,"key":"Singing Bowl"},{"floor":12.0,"key":"Bag of Preparation"}],"event_choices":[{"damage_healed":0.0,"max_hp_gain":0.0,"max_hp_loss":0.0,"gold_gain":75.0,"event_name":"World of Goop","player_choice":"Gather Gold","floor":4.0,"gold_loss":0.0,"damage_taken":11.0},{"damage_healed":0.0,"max_hp_gain":0.0,"max_hp_loss":0.0,"gold_gain":0.0,"event_name":"Shining Light","player_choice":"Entered Light","floor":5.0,"gold_loss":0.0,"damage_taken":23.0,"cards_upgraded":["Strike_R","Defend_R"]},{"damage_healed":0.0,"max_hp_gain":0.0,"max_hp_loss":0.0,"gold_gain":0.0,"event_name":"Mushrooms","player_choice":"Fought Mushrooms","floor":8.0,"gold_loss":0.0,"damage_taken":0.0}],"is_beta":false,"boss_relics":[],"items_purged_floors":[3,14],"is_endless":false,"potions_floor_spawned":[2,6,8,13],"killed_by":"Slime Boss","ascension_level":20}