{"gold_per_floor":[116,127,92,103,113,113,141,152,204,204],"floor_reached":10,"playtime":331,"items_purged":[],"score":88,"play_id":"7ba16eb9-7626-4fff-81b0-ffcf0337f4a1","local_time":"20190124020659","is_ascension_mode":true,"campfire_choices":[{"data":"Night Terror","floor":6,"key":"SMITH"}],"neow_cost":"PERCENT_DAMAGE","seed_source_timestamp":101520125540871,"circlet_count":0,"master_deck":["Defend_G","Defend_G","Defend_G","Defend_G","Defend_G","Strike_G","Strike_G","Strike_G","Strike_G","Strike_G","Survivor","Neutralize","Night Terror+1","Deadly Poison","Deadly Poison","Escape Plan","Slice","Finisher","Sucker Punch"],"relics":["Ring of the Snake","Strawberry","Juzu Bracelet"],"potions_floor_usage":[7,10],"damage_taken":[{"damage":0,"enemies":"Jaw Worm","floor":1,"turns":4},{"damage":1,"enemies":"2 Louse","floor":2,"turns":3},{"damage":2,"enemies":"Small Slimes","floor":4,"turns":4},{"damage":15,"enemies":"2 Fungi Beasts","floor":5,"turns":4},{"damage":36,"enemies":"3 Sentries","floor":7,"turns":11},{"damage":13,"enemies":"Exordium Thugs","floor":8,"turns":5},{"damage":9,"enemies":"Red Slaver","floor":10,"turns":1}],"seed_played":"5243396822761947634","potions_obtained":[{"floor":4,"key":"AttackPotion"},{"floor":7,"key":"SteroidPotion"}],"is_trial":false,"path_per_floor":["M","M","?","M","M","R","E","M","T","M"],"character_chosen":"THE_SILENT","items_purchased":[],"campfire_rested":0,"item_purchase_floors":[],"current_hp_per_floor":[49,48,65,63,48,48,19,6,6,0],"gold":204,"neow_bonus":"THREE_RARE_CARDS","is_prod":false,"is_daily":false,"chose_seed":false,"campfire_upgraded":1,"win_rate":0,"timestamp":1548306419,"path_taken":["M","M","?","M","M","R","E","M","T","M"],"build_version":"2019-01-23","purchased_purges":0,"victory":false,"max_hp_per_floor":[70,70,70,70,70,70,77,77,77,77],"card_choices":[{"not_picked":["Grand Finale","Doppelganger"],"picked":"Night Terror","floor":0},{"not_picked":["Acrobatics","Sucker Punch"],"picked":"Deadly Poison","floor":1},{"not_picked":["Endless Agony","Dagger Throw"],"picked":"Deadly Poison","floor":2},{"not_picked":["Slice","Expertise"],"picked":"Escape Plan","floor":4},{"not_picked":["Dagger Spray","Expertise"],"picked":"Slice","floor":5},{"not_picked":["Deadly Poison","Slice"],"picked":"Finisher","floor":7},{"not_picked":["Flying Knee","Underhanded Strike"],"picked":"Sucker Punch","floor":8}],"player_experience":671190,"relics_obtained":[{"floor":7,"key":"Strawberry"},{"floor":9,"key":"Juzu Bracelet"}],"event_choices":[{"damage_healed":17,"gold_gain":0,"player_choice":"Healed","damage_taken":0,"max_hp_gain":0,"max_hp_loss":0,"event_name":"The Cleric","floor":3,"gold_loss":35}],"is_beta":false,"boss_relics":[],"items_purged_floors":[],"is_endless":false,"potions_floor_spawned":[4,7],"killed_by":"Red Slaver","ascension_level":5}