{"gold_per_floor":[119,69,22,22,22,55,69,69,69,84,84,94,94,112,112,214,214,228,256,256,256,269,269,298,298,298,298,213,225,78,91,91,91],"floor_reached":33,"playtime":1299,"items_purged":[],"score":408,"play_id":"bbfff3fc-d44a-474a-81fe-a338d3855cc2","local_time":"20190314210423","is_ascension_mode":true,"campfire_choices":[{"floor":11,"key":"REST"},{"data":"Defragment","floor":13,"key":"SMITH"},{"floor":15,"key":"REST"},{"floor":23,"key":"REST"},{"floor":25,"key":"REST"},{"data":"Electrodynamics","floor":27,"key":"SMITH"},{"data":"Electrodynamics","floor":32,"key":"SMITH"}],"neow_cost":"NONE","seed_source_timestamp":156129979931511,"circlet_count":0,"master_deck":["AscendersBane","Strike_B+1","Strike_B+1","Strike_B+1","Defend_B+1","Defend_B+1","Defend_B+1","Defend_B+1","Zap+1","Dualcast","Defragment+1","Ball Lightning","Hologram+1","Redo+1","Machine Learning","Electrodynamics+1","Hologram+1","Ball Lightning","Chill+1","Redo+1","Coolheaded+1","Electrodynamics+1"],"relics":["Cracked Core","Orichalcum","Lantern","Toxic Egg 2","Lizard Tail","Red Mask","Blue Candle","Strawberry","Centennial Puzzle","Omamori"],"potions_floor_usage":[12,16,16,24],"damage_taken":[{"damage":9,"enemies":"Jaw Worm","floor":1,"turns":3},{"damage":34,"enemies":"3 Sentries","floor":6,"turns":7},{"damage":5,"enemies":"Small Slimes","floor":7,"turns":2},{"damage":0,"enemies":"Cultist","floor":10,"turns":3},{"damage":11,"enemies":"Blue Slaver","floor":12,"turns":3},{"damage":5,"enemies":"2 Fungi Beasts","floor":14,"turns":3},{"damage":7,"enemies":"The Guardian","floor":16,"turns":8},{"damage":7,"enemies":"3 Byrds","floor":18,"turns":2},{"damage":72,"enemies":"Masked Bandits","floor":19,"turns":4},{"damage":3,"enemies":"Spheric Guardian","floor":22,"turns":3},{"damage":29,"enemies":"Book of Stabbing","floor":24,"turns":5},{"damage":11,"enemies":"Snake Plant","floor":29,"turns":3},{"damage":0,"enemies":"Centurion and Healer","floor":31,"turns":4},{"damage":70,"enemies":"Champ","floor":33,"turns":8}],"seed_played":"-3811974383718681694","potions_obtained":[{"floor":6,"key":"Strength Potion"},{"floor":10,"key":"Regen Potion"},{"floor":12,"key":"Fire Potion"},{"floor":18,"key":"FairyPotion"},{"floor":22,"key":"Weak Potion"}],"is_trial":false,"path_per_floor":["M","?","$","?","?","E","M","$","T","M","R","M","R","M","R","B",null,"M","?","?","?","M","R","E","R","T","R","?","M","$","M","R","B"],"character_chosen":"DEFECT","items_purchased":["Ball Lightning","Omamori"],"campfire_rested":4,"item_purchase_floors":[3,30],"current_hp_per_floor":[59,59,59,59,59,25,20,20,20,20,42,40,40,35,57,50,69,62,7,7,7,4,26,37,59,66,66,66,55,55,55,55,0],"gold":91,"neow_bonus":"UPGRADE_CARD","is_prod":false,"is_daily":false,"chose_seed":false,"campfire_upgraded":3,"win_rate":0,"timestamp":1552608263,"path_taken":["M","?","?","?","?","E","M","$","T","?","R","M","R","M","R","BOSS","M","?","?","?","M","R","E","R","T","R","?","M","?","?","R","BOSS"],"build_version":"2019-01-23","purchased_purges":0,"victory":false,"max_hp_per_floor":[75,75,75,75,75,75,75,75,75,75,75,75,75,75,75,75,75,75,75,75,75,75,75,75,75,82,82,82,82,82,82,82,82],"card_choices":[{"not_picked":["Coolheaded","Redo"],"picked":"Defragment","floor":1},{"not_picked":["Fusion","Lockon","Heatsinks"],"picked":"SKIP","floor":6},{"not_picked":["Hello World","Turbo","Beam Cell"],"picked":"SKIP","floor":7},{"not_picked":["Barrage","Ball Lightning"],"picked":"Hologram+1","floor":10},{"not_picked":["Lockon","Steam+1"],"picked":"Redo+1","floor":12},{"not_picked":["Compile Driver","Turbo+1"],"picked":"Machine Learning","floor":14},{"not_picked":["Machine Learning","Creative AI"],"picked":"Electrodynamics","floor":16},{"not_picked":["Cold Snap+1","Ball Lightning"],"picked":"Hologram+1","floor":18},{"not_picked":["Doom and Gloom","Genetic Algorithm+1"],"picked":"Ball Lightning","floor":19},{"not_picked":["Sweeping Beam+1","Streamline"],"picked":"Chill+1","floor":22},{"not_picked":["Aggregate+1","Conserve Battery+1"],"picked":"Redo+1","floor":24},{"not_picked":["Stack+1","Steam Power+1"],"picked":"Coolheaded+1","floor":29},{"not_picked":["Aggregate+1","Coolheaded+1"],"picked":"Electrodynamics","floor":31}],"player_experience":955853,"relics_obtained":[{"floor":6,"key":"Lantern"},{"floor":9,"key":"Toxic Egg 2"},{"floor":19,"key":"Red Mask"},{"floor":24,"key":"Blue Candle"},{"floor":26,"key":"Strawberry"}],"event_choices":[{"cards_removed":["Strike_B"],"damage_healed":0,"gold_gain":0,"player_choice":"Card Removal","damage_taken":0,"max_hp_gain":0,"max_hp_loss":0,"event_name":"The Cleric","floor":2,"gold_loss":50},{"damage_healed":0,"gold_gain":0,"player_choice":"Box","damage_taken":0,"relics_obtained":["Orichalcum"],"max_hp_gain":0,"max_hp_loss":0,"event_name":"Big Fish","floor":4,"gold_loss":0,"cards_obtained":["Regret"]},{"cards_removed":["Regret"],"damage_healed":0,"gold_gain":0,"player_choice":"Purged","damage_taken":0,"max_hp_gain":0,"max_hp_loss":0,"event_name":"Purifier","floor":5,"gold_loss":0},{"damage_healed":0,"gold_gain":0,"player_choice":"Fought Bandits","damage_taken":0,"max_hp_gain":0,"max_hp_loss":0,"event_name":"Masked Bandits","floor":19,"gold_loss":0},{"damage_healed":0,"gold_gain":0,"player_choice":"Simplicity","damage_taken":0,"max_hp_gain":0,"max_hp_loss":0,"event_name":"Back to Basics","floor":20,"gold_loss":0,"cards_upgraded":["Strike_B","Strike_B","Strike_B","Defend_B","Defend_B","Defend_B","Defend_B"]},{"damage_healed":0,"gold_gain":0,"player_choice":"Ignored","damage_taken":0,"max_hp_gain":0,"max_hp_loss":0,"event_name":"Cursed Tome","floor":21,"gold_loss":0},{"damage_healed":0,"gold_gain":0,"player_choice":"Obtained Relic","damage_taken":0,"relics_obtained":["Centennial Puzzle"],"max_hp_gain":0,"max_hp_loss":0,"event_name":"Addict","floor":28,"gold_loss":85}],"is_beta":false,"boss_relics":[{"not_picked":["Ectoplasm","White Beast Statue"],"picked":"Lizard Tail"}],"items_purged_floors":[],"is_endless":false,"potions_floor_spawned":[6,10,12,18,22],"killed_by":"Champ","ascension_level":11}