{"gold_per_floor":[117,40,40,40,57,92,110,110,110,137,153,166,196,215,215,312,312,331,347,347,375,375,375,401,19,19,53,53,81,94,114,114,211,211,226,226,271,281,298,323,323,354,354,364,391,391,424,438,438,438,438,438,4,31,31],"floor_reached":56,"playtime":4293,"items_purged":["Zap"],"score":1710,"play_id":"2f9a8f6e-b7db-431c-b253-8db81ae38f32","local_time":"20190417065311","is_ascension_mode":true,"campfire_choices":[{"data":"Loop","floor":8,"key":"SMITH"},{"data":"Hello World","floor":15,"key":"SMITH"},{"data":"Chill","floor":23,"key":"SMITH"},{"data":"Storm","floor":28,"key":"SMITH"},{"data":"Capacitor","floor":32,"key":"SMITH"},{"floor":41,"key":"RECALL"},{"data":"Fission","floor":49,"key":"SMITH"},{"data":"Beam Cell","floor":52,"key":"SMITH"}],"neow_cost":"NONE","seed_source_timestamp":3150248760154573,"circlet_count":0,"master_deck":["Dualcast","Sunder+1","Hello World+1","Stack","Ball Lightning","Loop+1","Chill+1","Hologram","Coolheaded","Capacitor+1","Conserve Battery","Electrodynamics","Cold Snap+1","Steam Power","Ghostly","Ghostly","Ghostly","Ghostly","Ghostly","Steam+1","Storm+1","Doom and Gloom","Self Repair","Steam+1","FTL+1","Reboot","Machine Learning+1","FTL","Go for the Eyes","Cold Snap","Biased Cognition+1","Force Field","BootSequence","FTL","Aggregate+1","Barrage+1","Hologram+1","Steam Power+1","Consume+1","All For One","BootSequence","Beam Cell+1","Fission+1","Turbo+1","Capacitor+1","FTL","White Noise","Leap","Stack","Hologram"],"relics":["Cracked Core","NeowsBlessing","Pantograph","The Courier","Smiling Mask","Orichalcum","Runic Dome","Red Mask","Shuriken","Gambling Chip","Ancient Tea Set","Frozen Egg 2","Pandora\u0027s Box","FossilizedHelix","Art of War","Bottled Flame","Sundial","StoneCalendar","Anchor","DataDisk","Letter Opener"],"potions_floor_usage":[10,21,33,33,42,54,55,55],"damage_taken":[{"damage":0,"enemies":"Small Slimes","floor":1,"turns":1},{"damage":0,"enemies":"Jaw Worm","floor":5,"turns":1},{"damage":0,"enemies":"Lagavulin","floor":6,"turns":1},{"damage":0,"enemies":"2 Louse","floor":7,"turns":2},{"damage":14,"enemies":"Gremlin Nob","floor":10,"turns":4},{"damage":1,"enemies":"Large Slime","floor":11,"turns":5},{"damage":7,"enemies":"3 Louse","floor":12,"turns":3},{"damage":0,"enemies":"3 Sentries","floor":13,"turns":9},{"damage":8,"enemies":"Blue Slaver","floor":14,"turns":3},{"damage":28,"enemies":"Hexaghost","floor":16,"turns":9},{"damage":15,"enemies":"Shell Parasite","floor":18,"turns":6},{"damage":1,"enemies":"Chosen","floor":19,"turns":5},{"damage":5,"enemies":"Masked Bandits","floor":21,"turns":4},{"damage":0,"enemies":"Gremlin Leader","floor":24,"turns":7},{"damage":1,"enemies":"Book of Stabbing","floor":27,"turns":7},{"damage":5,"enemies":"Slavers","floor":29,"turns":4},{"damage":3,"enemies":"Snecko","floor":30,"turns":7},{"damage":0,"enemies":"3 Cultists","floor":31,"turns":5},{"damage":12,"enemies":"Champ","floor":33,"turns":9},{"damage":1,"enemies":"3 Shapes","floor":35,"turns":4},{"damage":0,"enemies":"2 Orb Walkers","floor":37,"turns":5},{"damage":0,"enemies":"3 Darklings","floor":38,"turns":5},{"damage":0,"enemies":"4 Shapes","floor":39,"turns":3},{"damage":0,"enemies":"Giant Head","floor":40,"turns":7},{"damage":0,"enemies":"Reptomancer","floor":42,"turns":5},{"damage":0,"enemies":"Jaw Worm Horde","floor":44,"turns":3},{"damage":0,"enemies":"Nemesis","floor":45,"turns":8},{"damage":0,"enemies":"Giant Head","floor":47,"turns":7},{"damage":0,"enemies":"Writhing Mass","floor":48,"turns":4},{"damage":0,"enemies":"Donu and Deca","floor":50,"turns":7},{"damage":0,"enemies":"Shield and Spear","floor":54,"turns":3},{"damage":39,"enemies":"The Heart","floor":55,"turns":8}],"seed_played":"-8734189760413780498","potions_obtained":[{"floor":5,"key":"LiquidBronze"},{"floor":7,"key":"Poison Potion"},{"floor":12,"key":"FearPotion"},{"floor":16,"key":"Dexterity Potion"},{"floor":18,"key":"AttackPotion"},{"floor":27,"key":"GamblersBrew"},{"floor":33,"key":"LiquidBronze"},{"floor":39,"key":"Swift Potion"},{"floor":42,"key":"Poison Potion"},{"floor":45,"key":"Swift Potion"},{"floor":47,"key":"Swift Potion"}],"is_trial":false,"path_per_floor":["M","$","?","?","M","E","M","R","T","E","M","M","E","M","R","B",null,"M","M","?","?","?","R","E","$","T","E","R","E","M","M","R","B",null,"M","?","?","M","M","E","R","E","T","M","E","?","E","M","R","B",null,"R","$","E","B",null],"character_chosen":"DEFECT","items_purchased":["Hello World","Gambling Chip","Storm","Doom and Gloom","Self Repair","Capacitor+1","DataDisk","FTL","White Noise","Leap","Stack","Hologram"],"campfire_rested":0,"item_purchase_floors":[2,25,25,25,25,53,53,53,53,53,53,53],"current_hp_per_floor":[75,75,75,80,80,80,80,80,80,66,65,58,58,50,50,47,80,65,64,49,44,42,42,42,42,42,42,42,42,42,42,42,37,42,42,40,40,40,40,40,40,40,40,40,40,40,40,40,40,40,40,40,40,40,8],"gold":31,"neow_bonus":"THREE_ENEMY_KILL","is_prod":false,"is_daily":false,"chose_seed":false,"campfire_upgraded":7,"win_rate":0,"timestamp":1555498391,"path_taken":["M","$","?","?","M","E","M","R","T","E","M","M","E","?","R","BOSS","M","M","?","?","?","R","E","?","T","E","R","E","M","M","R","BOSS","M","?","?","M","M","E","R","E","T","M","E","?","E","?","R","BOSS","R","$","E","BOSS"],"build_version":"2019-04-04","purchased_purges":1,"victory":true,"max_hp_per_floor":[75,75,75,80,80,80,80,80,80,80,80,80,80,80,80,80,80,80,80,85,85,42,42,42,42,42,42,42,42,42,42,42,42,42,42,40,40,40,40,40,40,40,40,40,40,40,40,40,40,40,40,40,40,40,40],"card_choices":[{"not_picked":["Beam Cell","Hologram"],"picked":"Sunder","floor":1},{"not_picked":["Beam Cell","Turbo"],"picked":"Stack","floor":5},{"not_picked":["Redo","Leap"],"picked":"Ball Lightning","floor":6},{"not_picked":["Cold Snap","Compile Driver"],"picked":"Loop","floor":7},{"not_picked":["Ball Lightning","Redo"],"picked":"Chill","floor":10},{"not_picked":["Streamline","Redo"],"picked":"Hologram","floor":11},{"not_picked":["Streamline","Leap"],"picked":"Coolheaded","floor":12},{"not_picked":["Conserve Battery","Steam Power"],"picked":"Capacitor","floor":13},{"not_picked":["Streamline","Seek"],"picked":"Conserve Battery","floor":14},{"not_picked":["Thunder Strike","Amplify"],"picked":"Electrodynamics","floor":16},{"not_picked":["Streamline","Redo"],"picked":"Cold Snap+1","floor":18},{"not_picked":["Conserve Battery","Auto Shields"],"picked":"Steam Power","floor":19},{"not_picked":["Go for the Eyes","Rebound+1"],"picked":"Steam+1","floor":24},{"not_picked":["Steam","Rebound","Sweeping Beam"],"picked":"SKIP","floor":27},{"not_picked":["Sweeping Beam","Melter"],"picked":"Steam+1","floor":29},{"not_picked":["Ball Lightning","Steam"],"picked":"FTL+1","floor":30},{"not_picked":["Stack","Steam+1"],"picked":"Reboot","floor":31},{"not_picked":["Core Surge","Multi-Cast"],"picked":"Machine Learning+1","floor":33},{"not_picked":["Conserve Battery+1","Turbo+1"],"picked":"Aggregate+1","floor":35},{"not_picked":["Rebound+1","Cold Snap"],"picked":"Barrage+1","floor":37},{"not_picked":["Rebound","Gash"],"picked":"Hologram+1","floor":38},{"not_picked":["Stack+1","Melter"],"picked":"Steam Power+1","floor":39},{"not_picked":["Sweeping Beam","Double Energy+1"],"picked":"Consume+1","floor":40},{"not_picked":["Rip and Tear+1","Reprogram+1"],"picked":"All For One","floor":42},{"not_picked":["Conserve Battery","Steam+1"],"picked":"BootSequence","floor":44},{"not_picked":["Lockon+1","Streamline"],"picked":"Beam Cell","floor":45},{"not_picked":["Fusion+1","Heatsinks+1"],"picked":"Fission","floor":47},{"not_picked":["Stack+1","Hologram+1"],"picked":"Turbo+1","floor":48},{"not_picked":["Ball Lightning+1","Aggregate+1","Self Repair+1"],"picked":"SKIP","floor":54}],"player_experience":5363438,"relics_obtained":[{"floor":6,"key":"Pantograph"},{"floor":9,"key":"The Courier"},{"floor":10,"key":"Smiling Mask"},{"floor":13,"key":"Orichalcum"},{"floor":21,"key":"Red Mask"},{"floor":24,"key":"Shuriken"},{"floor":27,"key":"Ancient Tea Set"},{"floor":29,"key":"Frozen Egg 2"},{"floor":37,"key":"FossilizedHelix"},{"floor":40,"key":"Art of War"},{"floor":42,"key":"Bottled Flame"},{"floor":43,"key":"Sundial"},{"floor":45,"key":"StoneCalendar"},{"floor":47,"key":"Anchor"},{"floor":54,"key":"Letter Opener"}],"event_choices":[{"damage_healed":0,"gold_gain":0,"player_choice":"Grow","damage_taken":0,"max_hp_gain":0,"max_hp_loss":0,"event_name":"Living Wall","floor":3,"gold_loss":0,"cards_upgraded":["Sunder"]},{"damage_healed":0,"gold_gain":0,"player_choice":"Donut","damage_taken":0,"max_hp_gain":5,"max_hp_loss":0,"event_name":"Big Fish","floor":4,"gold_loss":0},{"damage_healed":0,"gold_gain":0,"player_choice":"Shed Blood","damage_taken":20,"max_hp_gain":5,"max_hp_loss":0,"event_name":"Forgotten Altar","floor":20,"gold_loss":0},{"damage_healed":0,"gold_gain":0,"player_choice":"Fought Bandits","damage_taken":0,"max_hp_gain":0,"max_hp_loss":0,"event_name":"Masked Bandits","floor":21,"gold_loss":0},{"damage_healed":0,"gold_gain":0,"player_choice":"Became a Ghost","damage_taken":0,"max_hp_gain":0,"max_hp_loss":43,"event_name":"Ghosts","floor":22,"gold_loss":0,"cards_obtained":["Ghostly","Ghostly","Ghostly","Ghostly","Ghostly"]},{"damage_healed":0,"gold_gain":0,"player_choice":"Max HP","damage_taken":0,"max_hp_gain":0,"max_hp_loss":2,"event_name":"Winding Halls","floor":36,"gold_loss":0},{"damage_healed":0,"gold_gain":0,"player_choice":"Fight","damage_taken":0,"max_hp_gain":0,"max_hp_loss":0,"event_name":"Mysterious Sphere","floor":37,"gold_loss":0},{"cards_removed":["Redo"],"damage_healed":0,"gold_gain":0,"player_choice":"Purged","damage_taken":0,"max_hp_gain":0,"max_hp_loss":0,"event_name":"Purifier","floor":46,"gold_loss":0}],"is_beta":true,"boss_relics":[{"not_picked":["Eternal Feather","Cursed Key"],"picked":"Runic Dome"},{"not_picked":["Snecko Eye","Philosopher\u0027s Stone"],"picked":"Pandora\u0027s Box"}],"items_purged_floors":[53],"is_endless":false,"potions_floor_spawned":[5,7,12,16,18,27,30,33,39,40,42,45,47],"ascension_level":1}