{"gold_per_floor":[112,3,3,15,15,44,64,94,94,127,141,154,154,171,171,271,271,286,376,390,401,401,401,434,434,434,449,449,463,480,506,518,629,641,664,676,707,1718,879,909,924,1254,1277,1325,1352,491,491,491,491,491,491,491,7,35,35],"floor_reached":56,"playtime":5221,"items_purged":["Defend_G","Normality","Strike_G","Normality"],"score":1785,"play_id":"66e4c616-e266-43b7-ba9d-efb7dc6881b9","local_time":"20190417130703","is_ascension_mode":true,"campfire_choices":[{"data":"Terror","floor":13,"key":"SMITH"},{"data":"Noxious Fumes","floor":15,"key":"SMITH"},{"floor":23,"key":"REST"},{"floor":25,"key":"REST"},{"data":"Tools of the Trade","floor":32,"key":"SMITH"},{"data":"Well Laid Plans","floor":47,"key":"SMITH"},{"floor":49,"key":"RECALL"},{"data":"Footwork","floor":52,"key":"SMITH"}],"neow_cost":"NONE","seed_source_timestamp":3171754453870085,"circlet_count":0,"master_deck":["Defend_G","Defend_G","Defend_G","Defend_G+1","Strike_G","Strike_G","Strike_G","Survivor","Neutralize+1","Leg Sweep","Terror+1","Poisoned Stab","Noxious Fumes+1","Footwork+1","Dodge and Roll","Bouncing Flask","Corpse Explosion","Backflip","Tools of the Trade+1","Tactician","Dodge and Roll","Prepared+1","PiercingWail","PiercingWail","Bane","Adrenaline","Sucker Punch+1","Dodge and Roll","Well Laid Plans+1","Deflect","Expertise","Parasite","Noxious Fumes","Crippling Poison","Malaise","Backflip+1","Acrobatics"],"relics":["Ring of the Snake","Bag of Preparation","Nunchaku","Bottled Lightning","Bird Faced Urn","Black Star","Pocketwatch","Tingsha","Sundial","Vajra","MawBank","Thread and Needle","HoveringKite","Matryoshka","Strawberry","TheAbacus","Pear","Oddly Smooth Stone","Old Coin","Anchor","Tough Bandages","Bag of Marbles","Boot","Happy Flower","Incense Burner","OrangePellets","Bottled Tornado","Ginger","War Paint"],"potions_floor_usage":[16,20,24,30,40,44,55],"damage_taken":[{"damage":5,"enemies":"Small Slimes","floor":1,"turns":4},{"damage":0,"enemies":"Cultist","floor":4,"turns":3},{"damage":38,"enemies":"3 Sentries","floor":6,"turns":22},{"damage":0,"enemies":"2 Louse","floor":7,"turns":3},{"damage":0,"enemies":"Lagavulin","floor":8,"turns":7},{"damage":15,"enemies":"3 Sentries","floor":10,"turns":8},{"damage":0,"enemies":"2 Fungi Beasts","floor":11,"turns":4},{"damage":0,"enemies":"3 Louse","floor":12,"turns":6},{"damage":0,"enemies":"Red Slaver","floor":14,"turns":4},{"damage":0,"enemies":"Hexaghost","floor":16,"turns":9},{"damage":0,"enemies":"Shell Parasite","floor":18,"turns":8},{"damage":15,"enemies":"2 Thieves","floor":20,"turns":3},{"damage":11,"enemies":"3 Cultists","floor":21,"turns":4},{"damage":16,"enemies":"Gremlin Leader","floor":24,"turns":8},{"damage":0,"enemies":"Centurion and Healer","floor":27,"turns":5},{"damage":6,"enemies":"Cultist and Chosen","floor":29,"turns":6},{"damage":0,"enemies":"3 Cultists","floor":30,"turns":3},{"damage":3,"enemies":"Book of Stabbing","floor":31,"turns":7},{"damage":18,"enemies":"Automaton","floor":33,"turns":9},{"damage":0,"enemies":"3 Darklings","floor":35,"turns":4},{"damage":0,"enemies":"3 Shapes","floor":37,"turns":5},{"damage":0,"enemies":"Giant Head","floor":40,"turns":9},{"damage":2,"enemies":"Writhing Mass","floor":41,"turns":8},{"damage":3,"enemies":"Nemesis","floor":42,"turns":9},{"damage":7,"enemies":"2 Orb Walkers","floor":44,"turns":4},{"damage":0,"enemies":"Giant Head","floor":45,"turns":9},{"damage":0,"enemies":"Time Eater","floor":50,"turns":13},{"damage":0,"enemies":"Shield and Spear","floor":54,"turns":8},{"damage":0,"enemies":"The Heart","floor":55,"turns":11}],"seed_played":"-8950341276539077028","potions_obtained":[{"floor":7,"key":"SkillPotion"},{"floor":11,"key":"Fruit Juice"},{"floor":12,"key":"Swift Potion"},{"floor":27,"key":"Block Potion"},{"floor":29,"key":"SmokeBomb"},{"floor":31,"key":"FearPotion"},{"floor":36,"key":"EssenceOfSteel"},{"floor":36,"key":"Poison Potion"},{"floor":37,"key":"Fire Potion"},{"floor":42,"key":"AttackPotion"},{"floor":44,"key":"Explosive Potion"}],"is_trial":false,"path_per_floor":["M","$","?","M","?","E","M","E","T","E","M","M","R","M","R","B",null,"M","?","M","M","?","R","E","R","T","M","?","M","M","E","R","B",null,"M","?","M","?","$","E","M","E","T","?","E","$","R","?","R","B",null,"R","$","E","B",null],"character_chosen":"THE_SILENT","items_purchased":["Leg Sweep","Matryoshka","Well Laid Plans","Deflect","Strawberry","TheAbacus","SkillPotion","Happy Flower","Incense Burner","OrangePellets","Backflip","Acrobatics","Bottled Tornado","LiquidBronze"],"campfire_rested":2,"item_purchase_floors":[2,39,39,39,39,39,39,46,46,46,46,46,53,53],"current_hp_per_floor":[65,65,70,70,70,32,32,32,32,17,21,25,25,27,27,36,80,80,64,55,50,35,60,50,75,75,81,81,79,83,82,82,67,85,85,85,85,85,92,102,100,102,102,95,102,102,102,102,102,102,102,102,102,102,102],"gold":35,"neow_bonus":"UPGRADE_CARD","is_prod":false,"is_daily":false,"chose_seed":false,"campfire_upgraded":5,"win_rate":0,"timestamp":1555520823,"path_taken":["M","$","?","M","?","E","?","E","T","E","M","M","R","?","R","BOSS","M","?","?","M","?","R","E","R","T","M","?","M","M","E","R","BOSS","M","?","?","?","$","E","M","E","T","?","E","?","R","?","R","BOSS","R","$","E","BOSS"],"build_version":"2019-04-04","purchased_purges":4,"victory":true,"max_hp_per_floor":[70,70,75,75,75,75,75,75,75,75,75,75,75,75,75,80,80,80,80,80,80,85,85,85,85,85,85,85,85,85,85,85,85,85,85,85,85,85,92,102,102,102,102,102,102,102,102,102,102,102,102,102,102,102,102],"card_choices":[{"not_picked":["Outmaneuver","Blade Dance"],"picked":"Flying Knee","floor":1},{"not_picked":["PiercingWail","Quick Slash"],"picked":"Terror","floor":4},{"not_picked":["Terror","Backflip"],"picked":"Poisoned Stab","floor":6},{"not_picked":["Cloak And Dagger","Setup"],"picked":"Noxious Fumes","floor":7},{"not_picked":["Dagger Throw","Blur"],"picked":"Footwork","floor":8},{"not_picked":["All Out Attack","Poisoned Stab"],"picked":"Dodge and Roll","floor":10},{"not_picked":["Deflect","Deadly Poison"],"picked":"Bouncing Flask","floor":11},{"not_picked":["Dagger Throw","Terror"],"picked":"Corpse Explosion","floor":12},{"not_picked":["Sucker Punch","Flechettes"],"picked":"Backflip","floor":14},{"not_picked":["Doppelganger","Venomology"],"picked":"Tools of the Trade","floor":16},{"not_picked":["Calculated Gamble+1","Backflip"],"picked":"Tactician","floor":18},{"not_picked":["Accuracy","Dagger Throw"],"picked":"Dodge and Roll","floor":20},{"not_picked":["Skewer","Outmaneuver"],"picked":"Prepared+1","floor":21},{"not_picked":["Dagger Throw","All Out Attack"],"picked":"PiercingWail","floor":24},{"not_picked":["Cloak And Dagger+1","Prepared"],"picked":"PiercingWail","floor":27},{"not_picked":["Dodge and Roll","Underhanded Strike","Unload"],"picked":"SKIP","floor":29},{"not_picked":["Blade Dance+1","Slice","PiercingWail"],"picked":"SKIP","floor":30},{"not_picked":["Flying Knee","Choke"],"picked":"Bane","floor":31},{"not_picked":["Glass Knife","Envenom"],"picked":"Adrenaline","floor":33},{"not_picked":["Poisoned Stab","Bane"],"picked":"Sucker Punch+1","floor":35},{"not_picked":["Masterful Stab","PiercingWail+1"],"picked":"Dodge and Roll","floor":37},{"not_picked":["Prepared","Backstab+1"],"picked":"Expertise","floor":40},{"not_picked":["Bane+1","Blade Dance","Dodge and Roll+1"],"picked":"SKIP","floor":41},{"not_picked":["Deadly Poison+1","Tactician+1"],"picked":"Noxious Fumes","floor":42},{"not_picked":["Prepared","Flechettes"],"picked":"Crippling Poison","floor":44},{"not_picked":["Crippling Poison+1","Calculated Gamble+1"],"picked":"Malaise","floor":45},{"not_picked":["Choke","Expertise+1","Slice"],"picked":"SKIP","floor":54}],"player_experience":5370763,"relics_obtained":[{"floor":6,"key":"Bag of Preparation"},{"floor":8,"key":"Nunchaku"},{"floor":9,"key":"Bottled Lightning"},{"floor":10,"key":"Bird Faced Urn"},{"floor":24,"key":"Pocketwatch"},{"floor":24,"key":"Tingsha"},{"floor":26,"key":"Sundial"},{"floor":31,"key":"MawBank"},{"floor":31,"key":"Thread and Needle"},{"floor":40,"key":"Pear"},{"floor":42,"key":"Oddly Smooth Stone"},{"floor":42,"key":"Old Coin"},{"floor":43,"key":"Anchor"},{"floor":44,"key":"Tough Bandages"},{"floor":45,"key":"Bag of Marbles"},{"floor":45,"key":"Boot"},{"floor":54,"key":"Ginger"},{"floor":54,"key":"War Paint"}],"event_choices":[{"damage_healed":0,"gold_gain":0,"player_choice":"Donut","damage_taken":0,"max_hp_gain":5,"max_hp_loss":0,"event_name":"Big Fish","floor":3,"gold_loss":0},{"cards_removed":["Strike_G"],"damage_healed":0,"gold_gain":0,"player_choice":"Card Removal","damage_taken":0,"max_hp_gain":0,"max_hp_loss":0,"event_name":"Wheel of Change","floor":5,"gold_loss":0},{"damage_healed":0,"gold_gain":90,"player_choice":"GOLD ","damage_taken":16,"max_hp_gain":0,"max_hp_loss":0,"event_name":"Knowing Skull","floor":19,"potions_obtained":[],"gold_loss":0,"cards_obtained":[]},{"damage_healed":0,"gold_gain":0,"player_choice":"Shed Blood","damage_taken":20,"max_hp_gain":5,"max_hp_loss":0,"event_name":"Forgotten Altar","floor":22,"gold_loss":0},{"damage_healed":0,"gold_gain":0,"player_choice":"Opened","damage_taken":0,"relics_obtained":["Vajra"],"max_hp_gain":0,"max_hp_loss":0,"event_name":"The Mausoleum","floor":28,"gold_loss":0},{"damage_healed":0,"gold_gain":0,"player_choice":"Got Potions","damage_taken":0,"max_hp_gain":0,"max_hp_loss":0,"event_name":"Lab","floor":36,"gold_loss":0},{"damage_healed":0,"gold_gain":999,"player_choice":"Gold","damage_taken":0,"max_hp_gain":0,"max_hp_loss":0,"event_name":"MindBloom","floor":38,"gold_loss":0,"cards_obtained":["Normality","Normality"]},{"damage_healed":0,"gold_gain":0,"player_choice":"Fight","damage_taken":0,"max_hp_gain":0,"max_hp_loss":0,"event_name":"Mysterious Sphere","floor":44,"gold_loss":0},{"cards_removed":["Flying Knee"],"damage_healed":0,"gold_gain":0,"player_choice":"Removed Attack","damage_taken":0,"max_hp_gain":0,"max_hp_loss":0,"event_name":"Falling","floor":48,"gold_loss":0}],"is_beta":true,"boss_relics":[{"not_picked":["Calling Bell","Tiny House"],"picked":"Black Star"},{"not_picked":["Empty Cage","WristBlade"],"picked":"HoveringKite"}],"items_purged_floors":[2,39,46,53],"is_endless":false,"potions_floor_spawned":[7,11,12,14,27,29,31,37,42,44],"ascension_level":1}