{"gold_per_floor":[109,109,125,12,31,31,60,60,83,108,121,140,174,186,186,281,281,297,309,319,89,105,135,159,171,235,247,259,285,324,346,358,466,478,504,296,571,583,593,593,608,639,639,666,666,683,712,727,727,727],"floor_reached":51,"playtime":3434,"items_purged":["Defend_B","Strike_B+1"],"score":997,"play_id":"d126d6ad-0856-434e-af2c-c9345d31dc9c","local_time":"20190424231822","is_ascension_mode":true,"campfire_choices":[{"data":"Dramatic Entrance","floor":6,"key":"SMITH"},{"data":"Coolheaded","floor":15,"key":"SMITH"},{"data":"Fission","floor":25,"key":"SMITH"},{"data":"Coolheaded","floor":27,"key":"SMITH"},{"data":"Defragment","floor":32,"key":"SMITH"},{"data":"Defragment","floor":40,"key":"SMITH"},{"data":"Blizzard","floor":45,"key":"SMITH"},{"data":"Coolheaded","floor":49,"key":"SMITH"}],"neow_cost":"NONE","seed_source_timestamp":339618514171758,"circlet_count":0,"master_deck":["Strike_B+1","Defend_B","Defend_B","Dualcast","Coolheaded+1","Ball Lightning","Dramatic Entrance+1","Conserve Battery","Ball Lightning","Compile Driver","Leap","Ball Lightning","FTL","Coolheaded+1","Blizzard+1","Fission+1","Coolheaded+1","Coolheaded","Skim+1","Defragment+1","Fission","Conserve Battery+1","Defragment+1","Cold Snap+1","Cold Snap+1","Redo+1","Hologram+1","Blizzard","Aggregate+1","Glacier+1"],"relics":["Cracked Core","Whetstone","Omamori","Calipers","Happy Flower","Empty Cage","Anchor","MawBank","Potion Belt","Mercury Hourglass","Ice Cream","Lizard Tail","Mummified Hand","Kunai","Smiling Mask","Oddly Smooth Stone"],"potions_floor_usage":[7,16,20,23,33,33,33,38,50,50,50,50],"damage_taken":[{"damage":0,"enemies":"Small Slimes","floor":1,"turns":2},{"damage":0,"enemies":"2 Louse","floor":3,"turns":2},{"damage":0,"enemies":"Cultist","floor":5,"turns":3},{"damage":2,"enemies":"3 Sentries","floor":7,"turns":3},{"damage":5,"enemies":"Lagavulin","floor":10,"turns":5},{"damage":3,"enemies":"Exordium Thugs","floor":11,"turns":3},{"damage":1,"enemies":"Red Slaver","floor":12,"turns":2},{"damage":4,"enemies":"3 Sentries","floor":13,"turns":6},{"damage":1,"enemies":"Looter","floor":14,"turns":3},{"damage":7,"enemies":"The Guardian","floor":16,"turns":10},{"damage":2,"enemies":"Shell Parasite","floor":18,"turns":5},{"damage":0,"enemies":"Spheric Guardian","floor":19,"turns":3},{"damage":10,"enemies":"Snake Plant","floor":20,"turns":8},{"damage":2,"enemies":"Chosen and Byrds","floor":22,"turns":5},{"damage":9,"enemies":"Book of Stabbing","floor":23,"turns":6},{"damage":0,"enemies":"Centurion and Healer","floor":24,"turns":6},{"damage":6,"enemies":"Snake Plant","floor":29,"turns":4},{"damage":0,"enemies":"Gremlin Leader","floor":30,"turns":6},{"damage":9,"enemies":"Snecko","floor":31,"turns":4},{"damage":32,"enemies":"Automaton","floor":33,"turns":14},{"damage":0,"enemies":"3 Shapes","floor":35,"turns":3},{"damage":0,"enemies":"3 Darklings","floor":38,"turns":4},{"damage":0,"enemies":"Maw","floor":39,"turns":9},{"damage":14,"enemies":"Spire Growth","floor":41,"turns":6},{"damage":17,"enemies":"Nemesis","floor":42,"turns":7},{"damage":0,"enemies":"Giant Head","floor":44,"turns":11},{"damage":0,"enemies":"4 Shapes","floor":46,"turns":3},{"damage":0,"enemies":"Reptomancer","floor":47,"turns":7},{"damage":0,"enemies":"Maw","floor":48,"turns":7},{"damage":0,"enemies":"Donu and Deca","floor":50,"turns":8}],"seed_played":"4070475924151150916","potions_obtained":[{"floor":1,"key":"SteroidPotion"},{"floor":7,"key":"PowerPotion"},{"floor":12,"key":"Dexterity Potion"},{"floor":16,"key":"Regen Potion"},{"floor":19,"key":"Energy Potion"},{"floor":20,"key":"Dexterity Potion"},{"floor":23,"key":"Energy Potion"},{"floor":31,"key":"Weak Potion"},{"floor":35,"key":"Poison Potion"},{"floor":42,"key":"FairyPotion"},{"floor":47,"key":"PowerPotion"},{"floor":48,"key":"Weak Potion"}],"is_trial":false,"path_per_floor":["M","?","M","$","M","R","E","?","T","E","M","M","E","M","R","B",null,"M","M","M","$","M","E","M","R","T","R","T","M","E","M","R","B",null,"M","$","?","M","M","R","M","E","T","E","R","M","E","M","R","B",null],"character_chosen":"DEFECT","items_purchased":["Dramatic Entrance","Conserve Battery","Anchor","Defragment","Energy Potion"],"campfire_rested":0,"item_purchase_floors":[4,4,21,36,36],"current_hp_per_floor":[75,68,68,68,68,68,66,66,66,61,58,57,53,52,52,45,75,73,73,63,63,61,52,52,52,52,52,52,46,46,37,37,20,75,75,75,75,75,75,75,61,44,44,44,44,44,44,44,44,44],"gold":727,"neow_bonus":"RANDOM_COMMON_RELIC","is_prod":false,"is_daily":false,"chose_seed":false,"campfire_upgraded":8,"win_rate":1,"timestamp":1556144302,"path_taken":["M","?","M","$","M","R","E","?","T","E","M","M","E","M","R","BOSS","M","?","M","$","M","E","M","R","T","R","?","M","E","?","R","BOSS","M","$","?","M","M","R","?","E","T","E","R","M","E","M","R","BOSS"],"build_version":"2019-04-23","purchased_purges":2,"victory":true,"max_hp_per_floor":[75,75,75,75,75,75,75,75,75,75,75,75,75,75,75,75,75,75,75,75,75,75,75,75,75,75,75,75,75,75,75,75,75,75,75,75,75,75,75,75,75,75,75,75,75,75,75,75,75,75],"card_choices":[{"not_picked":["Skim","Double Energy"],"picked":"Coolheaded","floor":1},{"not_picked":["Storm","Skim"],"picked":"Ball Lightning","floor":3},{"not_picked":["Fusion","Leap"],"picked":"Ball Lightning","floor":5},{"not_picked":["Coolheaded","Doom and Gloom"],"picked":"Compile Driver","floor":7},{"not_picked":["Conserve Battery","Coolheaded"],"picked":"Leap","floor":10},{"not_picked":["FTL","Tempest"],"picked":"Ball Lightning","floor":11},{"not_picked":["Conserve Battery","Reprogram"],"picked":"FTL","floor":12},{"not_picked":["Beam Cell","Chaos"],"picked":"Coolheaded","floor":13},{"not_picked":["Leap","Conserve Battery"],"picked":"Blizzard","floor":14},{"not_picked":["Machine Learning","Rainbow"],"picked":"Fission","floor":16},{"not_picked":["Force Field+1","Gash","Conserve Battery+1"],"picked":"SKIP","floor":18},{"not_picked":["Fusion","Redo"],"picked":"Coolheaded","floor":19},{"not_picked":["Static Discharge","Stack","Scrape"],"picked":"SKIP","floor":20},{"not_picked":["White Noise","Stack","Ball Lightning"],"picked":"SKIP","floor":22},{"not_picked":["Rip and Tear","Rainbow"],"picked":"Coolheaded","floor":23},{"not_picked":["Cold Snap","Gash"],"picked":"Skim+1","floor":24},{"not_picked":["Loop+1","Rip and Tear"],"picked":"Defragment","floor":29},{"not_picked":["Gash+1","Reboot","Barrage"],"picked":"SKIP","floor":30},{"not_picked":["Self Repair","Streamline","Stack"],"picked":"SKIP","floor":31},{"not_picked":["Multi-Cast","Creative AI"],"picked":"Fission","floor":33},{"not_picked":["Go for the Eyes","Barrage+1"],"picked":"Conserve Battery+1","floor":35},{"not_picked":["Ball Lightning+1","Genetic Algorithm"],"picked":"Cold Snap+1","floor":38},{"not_picked":["Self Repair+1","Compile Driver","Rebound"],"picked":"SKIP","floor":39},{"not_picked":["Buffer","Barrage"],"picked":"Cold Snap+1","floor":41},{"not_picked":["Ball Lightning+1","Seek"],"picked":"Redo+1","floor":42},{"not_picked":["Rebound","Compile Driver"],"picked":"Hologram+1","floor":44},{"not_picked":["Gash+1","Hologram"],"picked":"Blizzard","floor":46},{"not_picked":["Cold Snap","White Noise"],"picked":"Aggregate+1","floor":47},{"not_picked":["Rebound+1","Force Field"],"picked":"Glacier+1","floor":48}],"player_experience":14338,"relics_obtained":[{"floor":7,"key":"Omamori"},{"floor":10,"key":"Calipers"},{"floor":13,"key":"Happy Flower"},{"floor":23,"key":"MawBank"},{"floor":26,"key":"Potion Belt"},{"floor":28,"key":"Mercury Hourglass"},{"floor":30,"key":"Ice Cream"},{"floor":42,"key":"Mummified Hand"},{"floor":43,"key":"Kunai"},{"floor":44,"key":"Smiling Mask"},{"floor":47,"key":"Oddly Smooth Stone"}],"event_choices":[{"cards_removed":["Strike_B"],"damage_healed":0,"gold_gain":0,"player_choice":"Card Removal","damage_taken":7,"max_hp_gain":0,"max_hp_loss":0,"event_name":"Golden Wing","floor":2,"gold_loss":0},{"cards_removed":["Strike_B"],"damage_healed":0,"gold_gain":0,"player_choice":"Purged","damage_taken":0,"max_hp_gain":0,"max_hp_loss":0,"event_name":"Purifier","floor":8,"gold_loss":0},{"damage_healed":0,"gold_gain":275,"player_choice":"Desecrate","damage_taken":0,"max_hp_gain":0,"max_hp_loss":0,"event_name":"Golden Shrine","floor":37,"gold_loss":0,"cards_obtained":["Regret"]}],"is_beta":true,"boss_relics":[{"not_picked":["Calling Bell","Eternal Feather"],"picked":"Empty Cage"},{"not_picked":["Snecko Eye","Sozu"],"picked":"Lizard Tail"}],"items_purged_floors":[21,36],"is_endless":false,"potions_floor_spawned":[1,7,12,16,19,20,23,31,35,42,47,48],"ascension_level":1}