{"gold_per_floor":[113,113,113,123,138,138,48,48,73,128,146,146],"floor_reached":12,"playtime":460,"items_purged":[],"score":156,"play_id":"fda2e13c-ba11-41e4-bb00-99e9c0696cb9","local_time":"20181223172854","is_ascension_mode":true,"campfire_choices":[{"data":"Neutralize","floor":6,"key":"SMITH"},{"data":"Bouncing Flask","floor":8,"key":"SMITH"}],"neow_cost":"NONE","seed_source_timestamp":344886669501686,"circlet_count":0,"master_deck":["AscendersBane","Defend_G","Defend_G","Defend_G","Defend_G","Defend_G","Strike_G","Strike_G","Strike_G","Strike_G","Strike_G","Survivor","Neutralize+1","Dagger Throw","Bouncing Flask+1","Footwork","Backflip","Infinite Blades","Predator"],"relics":["Ring of the Snake","NeowsBlessing","Lantern","NlothsMask","Tiny Chest"],"potions_floor_usage":[10,12],"damage_taken":[{"damage":0,"enemies":"Small Slimes","floor":1,"turns":1},{"damage":0,"enemies":"2 Louse","floor":4,"turns":1},{"damage":0,"enemies":"Cultist","floor":5,"turns":1},{"damage":41,"enemies":"Gremlin Nob","floor":10,"turns":6},{"damage":1,"enemies":"Lots of Slimes","floor":11,"turns":7},{"damage":6,"enemies":"3 Sentries","floor":12,"turns":3}],"seed_played":"-7251835700345318938","potions_obtained":[{"floor":4,"key":"SteroidPotion"},{"floor":11,"key":"FearPotion"}],"is_trial":false,"path_per_floor":["M","?","?","M","M","R","$","R","T","E","M","E"],"character_chosen":"THE_SILENT","items_purchased":["Footwork","Backflip"],"campfire_rested":0,"item_purchase_floors":[7,7],"current_hp_per_floor":[59,54,54,54,54,54,54,54,54,13,12,6],"gold":146,"neow_bonus":"THREE_ENEMY_KILL","is_prod":false,"is_daily":false,"chose_seed":false,"campfire_upgraded":2,"win_rate":0,"timestamp":1545604134,"path_taken":["M","?","?","?","?","R","$","R","T","E","M","E"],"build_version":"2018-12-20","purchased_purges":0,"victory":false,"max_hp_per_floor":[66,66,66,66,66,66,66,66,66,66,66,66],"card_choices":[{"not_picked":["Backflip","Tactician"],"picked":"Dagger Throw","floor":1},{"not_picked":["Reflex","Catalyst","Blade Dance"],"picked":"SKIP","floor":4},{"not_picked":["Outmaneuver","Dodge and Roll"],"picked":"Bouncing Flask","floor":5},{"not_picked":["Storm of Steel","Dagger Throw"],"picked":"Infinite Blades","floor":10},{"not_picked":["Expertise","Choke"],"picked":"Predator","floor":11}],"player_experience":1078339,"relics_obtained":[{"floor":10,"key":"Tiny Chest"}],"event_choices":[{"damage_healed":0,"gold_gain":0,"player_choice":"Success","damage_taken":5,"relics_obtained":["Lantern"],"max_hp_gain":0,"max_hp_loss":0,"event_name":"Scrap Ooze","floor":2,"gold_loss":0},{"damage_healed":0,"gold_gain":0,"player_choice":"Trade","damage_taken":0,"relics_obtained":["NlothsMask"],"max_hp_gain":0,"max_hp_loss":0,"event_name":"FaceTrader","floor":3,"gold_loss":0}],"is_beta":true,"boss_relics":[],"items_purged_floors":[],"is_endless":false,"potions_floor_spawned":[4,11],"killed_by":"3 Sentries","ascension_level":20}