{"gold_per_floor":[110,130,146,146,146,180,190,190,215,243,254,314,314,11,11,111,111,131,231,243,257,257,257,288,301,350,350,375,32,51,84,84,183,183,196,249,249,249,260,260,260,293,343,355,200,218,249,268,268,268,268,268,15,41,41],"floor_reached":56,"playtime":3391,"items_purged":["Defend_R","Decay"],"score":1461,"play_id":"bc8c05c2-ec70-4659-bc20-3d97fcfbc3c6","local_time":"20190425110100","is_ascension_mode":true,"campfire_choices":[{"floor":8,"key":"REST"},{"data":"Inflame","floor":15,"key":"SMITH"},{"data":"Barricade","floor":23,"key":"SMITH"},{"data":"Inflame","floor":32,"key":"SMITH"},{"floor":40,"key":"RECALL"},{"data":"Brutality","floor":44,"key":"SMITH"},{"data":"Feel No Pain","floor":49,"key":"SMITH"},{"data":"Metallicize","floor":52,"key":"SMITH"}],"neow_cost":"NONE","seed_source_timestamp":3857215486972621,"circlet_count":0,"master_deck":["Strike_R","Strike_R","Strike_R+1","Strike_R+1","Defend_R+1","Defend_R+1","Defend_R+1","Bash","Uppercut+1","Disarm","Rage","Whirlwind+1","Clash","Clash","Metallicize+1","Inflame+1","Barricade+1","True Grit+1","Feel No Pain+1","Inflame+1","Thunderclap+1","Sever Soul","Reaper","Battle Trance","Shrug It Off+1","Iron Wave","Brutality+1","Pommel Strike+1","Shrug It Off+1","Pummel","Sword Boomerang","Headbutt","Blood for Blood"],"relics":["Burning Blood","NeowsBlessing","Juzu Bracelet","Happy Flower","Lantern","Pear","Tiny Chest","War Paint","Velvet Choker","Magic Flower","Question Card","Boot","Enchiridion","Orichalcum","Membership Card","Thread and Needle","Peace Pipe","Cursed Key","Art of War","PreservedInsect","MawBank","Whetstone","Pen Nib","Ice Cream","Chemical X","Bottled Lightning"],"potions_floor_usage":[6,12,25,28,31,55,55,55],"damage_taken":[{"damage":0,"enemies":"Cultist","floor":1,"turns":1},{"damage":0,"enemies":"Small Slimes","floor":2,"turns":1},{"damage":0,"enemies":"2 Louse","floor":3,"turns":1},{"damage":23,"enemies":"Lagavulin","floor":6,"turns":7},{"damage":0,"enemies":"Large Slime","floor":7,"turns":4},{"damage":30,"enemies":"3 Sentries","floor":10,"turns":10},{"damage":0,"enemies":"3 Louse","floor":11,"turns":1},{"damage":15,"enemies":"Lagavulin","floor":12,"turns":5},{"damage":14,"enemies":"The Guardian","floor":16,"turns":7},{"damage":0,"enemies":"3 Byrds","floor":18,"turns":3},{"damage":11,"enemies":"Colosseum Slavers","floor":19,"turns":5},{"damage":15,"enemies":"Colosseum Nobs","floor":19,"turns":5},{"damage":7,"enemies":"Shell Parasite","floor":20,"turns":5},{"damage":11,"enemies":"Snake Plant","floor":21,"turns":4},{"damage":44,"enemies":"Slavers","floor":24,"turns":4},{"damage":1,"enemies":"3 Cultists","floor":25,"turns":4},{"damage":24,"enemies":"Book of Stabbing","floor":28,"turns":5},{"damage":0,"enemies":"Cultist and Chosen","floor":30,"turns":3},{"damage":4,"enemies":"Gremlin Leader","floor":31,"turns":7},{"damage":0,"enemies":"Automaton","floor":33,"turns":8},{"damage":3,"enemies":"Orb Walker","floor":35,"turns":4},{"damage":5,"enemies":"3 Darklings","floor":39,"turns":6},{"damage":4,"enemies":"Giant Head","floor":42,"turns":6},{"damage":2,"enemies":"Sphere and 2 Shapes","floor":46,"turns":3},{"damage":2,"enemies":"Nemesis","floor":47,"turns":3},{"damage":5,"enemies":"4 Shapes","floor":48,"turns":6},{"damage":27,"enemies":"Donu and Deca","floor":50,"turns":9},{"damage":22,"enemies":"Shield and Spear","floor":54,"turns":3},{"damage":113,"enemies":"The Heart","floor":55,"turns":10}],"seed_played":"-121104074034738896","potions_obtained":[{"floor":1,"key":"AttackPotion"},{"floor":2,"key":"BloodPotion"},{"floor":11,"key":"Poison Potion"},{"floor":21,"key":"LiquidBronze"},{"floor":24,"key":"AttackPotion"},{"floor":25,"key":"Weak Potion"},{"floor":30,"key":"AttackPotion"},{"floor":35,"key":"BloodPotion"},{"floor":47,"key":"PowerPotion"}],"is_trial":false,"path_per_floor":["M","M","M","?","?","E","M","R","T","E","M","E","?","$","R","B",null,"M","?","M","M","?","R","E","M","T","?","E","$","M","E","R","B",null,"M","T","?","?","M","R","?","E","T","R","$","M","E","M","R","B",null,"R","$","E","B",null],"character_chosen":"IRONCLAD","items_purchased":["Inflame","War Paint","Membership Card","Thread and Needle","Whetstone","Pummel","Ice Cream","Chemical X"],"campfire_rested":1,"item_purchase_floors":[14,14,29,29,45,45,53,53],"current_hp_per_floor":[80,80,80,62,46,29,35,59,59,45,51,42,42,42,42,34,90,90,76,78,76,76,76,41,76,76,60,45,45,54,90,90,90,90,90,90,90,90,90,90,85,85,85,85,85,85,85,85,85,85,85,85,85,72,33],"gold":41,"neow_bonus":"THREE_ENEMY_KILL","is_prod":false,"is_daily":false,"chose_seed":false,"campfire_upgraded":6,"win_rate":0,"timestamp":1556204460,"path_taken":["M","?","M","?","?","E","M","R","T","E","M","E","?","$","R","BOSS","M","?","M","M","?","R","E","M","T","?","E","?","M","E","R","BOSS","M","?","?","?","M","R","?","E","T","R","$","M","E","M","R","BOSS","R","$","E","BOSS"],"build_version":"2019-04-23","purchased_purges":2,"victory":true,"max_hp_per_floor":[80,80,80,80,80,80,80,80,80,90,90,90,90,90,90,90,90,90,90,90,90,90,90,90,90,90,90,90,90,90,90,90,90,90,90,90,90,90,90,90,85,85,85,85,85,85,85,85,85,85,85,85,85,85,85],"card_choices":[{"not_picked":["Intimidate","Pommel Strike"],"picked":"Uppercut","floor":1},{"not_picked":["True Grit","Clothesline"],"picked":"Disarm","floor":2},{"not_picked":["Clash","Carnage"],"picked":"Rage","floor":3},{"not_picked":["Anger","Blood for Blood"],"picked":"Whirlwind","floor":6},{"not_picked":["Heavy Blade","Flex"],"picked":"Clash","floor":7},{"not_picked":["Pummel","Entrench","Wild Strike"],"picked":"SKIP","floor":10},{"not_picked":["Entrench","Heavy Blade"],"picked":"Clash","floor":11},{"not_picked":["Warcry","Searing Blow"],"picked":"Metallicize","floor":12},{"not_picked":["Bludgeon","Feed"],"picked":"Barricade","floor":16},{"not_picked":["Thunderclap","Shrug It Off+1"],"picked":"True Grit+1","floor":18},{"not_picked":["Combust","Sword Boomerang+1"],"picked":"Feel No Pain","floor":19},{"not_picked":["Battle Trance+1","Twin Strike","Flex"],"picked":"Inflame","floor":20},{"not_picked":["True Grit","Wild Strike","Second Wind"],"picked":"Thunderclap+1","floor":21},{"not_picked":["Ghostly Armor","Sever Soul","Warcry"],"picked":"Reaper","floor":24},{"not_picked":["Perfected Strike+1","Cleave","True Grit","Reckless Charge"],"picked":"SKIP","floor":25},{"not_picked":["Rupture","Second Wind","Warcry"],"picked":"Battle Trance","floor":28},{"not_picked":["Heavy Blade","Rage+1","Clash"],"picked":"Shrug It Off+1","floor":30},{"not_picked":["Armaments","Warcry+1","Heavy Blade"],"picked":"Iron Wave","floor":31},{"not_picked":["Dark Embrace","Berserk","Fiend Fire"],"picked":"Brutality","floor":33},{"not_picked":["Twin Strike+1","Warcry+1","Cleave+1"],"picked":"Pommel Strike+1","floor":35},{"not_picked":["Warcry+1","Evolve+1","Fire Breathing","Pommel Strike+1"],"picked":"SKIP","floor":39},{"not_picked":["Anger+1","Wild Strike","Carnage"],"picked":"Shrug It Off+1","floor":42},{"not_picked":["Whirlwind","Iron Wave","Perfected Strike+1"],"picked":"Sword Boomerang","floor":46},{"not_picked":["Exhume","Iron Wave+1","Pommel Strike"],"picked":"Headbutt","floor":47},{"not_picked":["Searing Blow","Havoc+1","Fire Breathing+1","Warcry+1"],"picked":"SKIP","floor":48},{"not_picked":["Headbutt","Corruption+1","Shrug It Off"],"picked":"Blood for Blood","floor":54}],"player_experience":5487338,"relics_obtained":[{"floor":6,"key":"Happy Flower"},{"floor":9,"key":"Lantern"},{"floor":10,"key":"Pear"},{"floor":12,"key":"Tiny Chest"},{"floor":19,"key":"Magic Flower"},{"floor":19,"key":"Question Card"},{"floor":24,"key":"Boot"},{"floor":27,"key":"Enchiridion"},{"floor":28,"key":"Orichalcum"},{"floor":31,"key":"Peace Pipe"},{"floor":36,"key":"Art of War"},{"floor":42,"key":"PreservedInsect"},{"floor":43,"key":"MawBank"},{"floor":47,"key":"Pen Nib"},{"floor":54,"key":"Bottled Lightning"}],"event_choices":[{"damage_healed":0,"gold_gain":0,"player_choice":"Success","damage_taken":18,"relics_obtained":["Juzu Bracelet"],"max_hp_gain":0,"max_hp_loss":0,"event_name":"Scrap Ooze","floor":4,"gold_loss":0},{"damage_healed":0,"gold_gain":0,"player_choice":"Entered Light","damage_taken":16,"max_hp_gain":0,"max_hp_loss":0,"event_name":"Shining Light","floor":5,"gold_loss":0,"cards_upgraded":["Strike_R","Defend_R"]},{"damage_healed":0,"gold_gain":0,"player_choice":"Grow","damage_taken":0,"max_hp_gain":0,"max_hp_loss":0,"event_name":"Living Wall","floor":13,"gold_loss":0,"cards_upgraded":["Uppercut"]},{"damage_healed":0,"gold_gain":0,"player_choice":"Fight","damage_taken":0,"max_hp_gain":0,"max_hp_loss":0,"event_name":"Colosseum","floor":19,"gold_loss":0},{"damage_healed":0,"gold_gain":0,"player_choice":"Fought Nobs","damage_taken":0,"max_hp_gain":0,"max_hp_loss":0,"event_name":"Colosseum","floor":19,"gold_loss":0},{"damage_healed":0,"gold_gain":0,"player_choice":"Read","damage_taken":0,"max_hp_gain":0,"max_hp_loss":0,"event_name":"The Library","floor":22,"gold_loss":0,"cards_obtained":["Sever Soul"]},{"damage_healed":0,"gold_gain":0,"player_choice":"Obtained Book","damage_taken":16,"max_hp_gain":0,"max_hp_loss":0,"event_name":"Cursed Tome","floor":27,"gold_loss":0},{"cards_removed":["Strike_R"],"damage_healed":0,"gold_gain":0,"player_choice":"Removed Attack","damage_taken":0,"max_hp_gain":0,"max_hp_loss":0,"event_name":"Falling","floor":37,"gold_loss":0},{"cards_removed":["Pain"],"damage_healed":0,"gold_gain":0,"player_choice":"Removed Curses","damage_taken":0,"max_hp_gain":0,"max_hp_loss":0,"event_name":"Fountain of Cleansing","floor":38,"gold_loss":0},{"damage_healed":0,"gold_gain":0,"player_choice":"Max HP","damage_taken":0,"max_hp_gain":0,"max_hp_loss":5,"event_name":"Winding Halls","floor":41,"gold_loss":0}],"is_beta":true,"boss_relics":[{"not_picked":["Orrery","Pandora\u0027s Box"],"picked":"Velvet Choker"},{"not_picked":["Lizard Tail","Sozu"],"picked":"Cursed Key"}],"items_purged_floors":[14,45],"is_endless":false,"potions_floor_spawned":[1,2,11,19,21,24,25,30,35,47,48],"ascension_level":1}