{"gold_per_floor":[110,15,15,15,30,30,60,110,110,110,129,145,145,157,157,228,228,228,228,28,28,28,28,28,28,28,28,28,28,28,28,28,28],"floor_reached":33,"playtime":1525,"items_purged":["Strike_R"],"score":546,"play_id":"eb921bf1-9dcf-4f65-8adb-33034f01582c","local_time":"20190219151544","is_ascension_mode":true,"campfire_choices":[{"data":"Bash","floor":6,"key":"SMITH"},{"data":"Cleave","floor":10,"key":"SMITH"},{"data":"True Grit","floor":13,"key":"SMITH"},{"data":"Flame Barrier","floor":15,"key":"SMITH"},{"data":"Shrug It Off","floor":23,"key":"SMITH"},{"data":"Limit Break","floor":32,"key":"SMITH"}],"neow_cost":"NONE","seed_source_timestamp":166190889228273,"circlet_count":0,"master_deck":["AscendersBane","Strike_R+1","Strike_R+1","Strike_R+1","Defend_R+1","Defend_R+1","Defend_R+1","Defend_R+1","Bash+1","Cleave+1","Spot Weakness","Twin Strike","Rampage","True Grit+1","Flame Barrier+1","Feed","Shrug It Off+1","Pummel+1","Double Tap","Juggernaut","Clothesline","Limit Break+1","Heavy Blade"],"relics":["Burning Blood","Meat on the Bone","The Courier","Ectoplasm","Art of War","Bottled Flame"],"potions_floor_usage":[16,19,22,28],"damage_taken":[{"damage":14,"enemies":"Jaw Worm","floor":1,"turns":4},{"damage":0,"enemies":"2 Louse","floor":5,"turns":2},{"damage":40,"enemies":"3 Sentries","floor":7,"turns":7},{"damage":0,"enemies":"Cultist","floor":11,"turns":2},{"damage":18,"enemies":"Large Slime","floor":12,"turns":5},{"damage":9,"enemies":"2 Fungi Beasts","floor":14,"turns":3},{"damage":49,"enemies":"Hexaghost","floor":16,"turns":9},{"damage":16,"enemies":"Spheric Guardian","floor":18,"turns":4},{"damage":34,"enemies":"Shell Parasite","floor":19,"turns":8},{"damage":18,"enemies":"Cultist and Chosen","floor":22,"turns":7},{"damage":20,"enemies":"Snecko","floor":25,"turns":6},{"damage":18,"enemies":"Snake Plant","floor":28,"turns":5},{"damage":45,"enemies":"Gremlin Leader","floor":29,"turns":8},{"damage":8,"enemies":"Centurion and Healer","floor":30,"turns":6},{"damage":56,"enemies":"Champ","floor":33,"turns":13}],"seed_played":"-4052753525331465364","potions_obtained":[{"floor":5,"key":"Dexterity Potion"},{"floor":14,"key":"Block Potion"},{"floor":16,"key":"Block Potion"},{"floor":18,"key":"SteroidPotion"},{"floor":19,"key":"Strength Potion"},{"floor":29,"key":"SpeedPotion"},{"floor":30,"key":"Poison Potion"}],"is_trial":false,"path_per_floor":["M","$","?","?","M","R","E","?","T","R","M","M","R","M","R","B",null,"M","M","$","?","M","R","?","M","T","?","M","E","M","?","R","B"],"character_chosen":"IRONCLAD","items_purchased":["Spot Weakness","Twin Strike","Double Tap"],"campfire_rested":0,"item_purchase_floors":[2,2,20],"current_hp_per_floor":[67,67,67,72,78,78,44,44,44,44,50,50,50,59,59,28,72,62,49,49,49,52,52,52,53,53,53,56,29,42,42,42,0],"gold":28,"neow_bonus":"TEN_PERCENT_HP_BONUS","is_prod":false,"is_daily":false,"chose_seed":false,"campfire_upgraded":6,"win_rate":0,"timestamp":1550589344,"path_taken":["M","$","?","?","M","R","E","?","T","R","M","?","R","M","R","BOSS","M","M","$","?","M","R","?","M","T","?","M","E","?","?","R","BOSS"],"build_version":"2019-02-06","purchased_purges":1,"victory":false,"max_hp_per_floor":[82,82,82,87,87,87,87,87,87,87,87,87,87,87,87,87,87,87,90,90,90,93,93,93,96,96,96,99,99,102,102,102,102],"card_choices":[{"not_picked":["Rupture","Headbutt"],"picked":"Cleave","floor":1},{"not_picked":["Intimidate","Reckless Charge"],"picked":"Rampage","floor":5},{"not_picked":["Combust","Thunderclap","Havoc"],"picked":"SKIP","floor":7},{"not_picked":["Headbutt","Flame Barrier"],"picked":"True Grit","floor":11},{"not_picked":["Iron Wave","Wild Strike"],"picked":"Flame Barrier","floor":12},{"not_picked":["Spot Weakness","Twin Strike","Body Slam"],"picked":"SKIP","floor":14},{"not_picked":["Brutality","Exhume"],"picked":"Feed","floor":16},{"not_picked":["Fire Breathing","Perfected Strike"],"picked":"Shrug It Off","floor":18},{"not_picked":["Iron Wave","Perfected Strike+1"],"picked":"Pummel+1","floor":19},{"not_picked":["Clash","Infernal Blade","Thunderclap"],"picked":"SKIP","floor":22},{"not_picked":["Twin Strike","Havoc","Flex"],"picked":"SKIP","floor":25},{"not_picked":["Armaments","Clash"],"picked":"Clothesline","floor":28},{"not_picked":["Clash","Clothesline"],"picked":"Limit Break","floor":29},{"not_picked":["Reckless Charge","Body Slam","Clash"],"picked":"SKIP","floor":30}],"player_experience":943405,"relics_obtained":[{"floor":7,"key":"Meat on the Bone"},{"floor":9,"key":"The Courier"},{"floor":26,"key":"Art of War"},{"floor":29,"key":"Bottled Flame"}],"event_choices":[{"damage_healed":0,"gold_gain":0,"player_choice":"Ignored","damage_taken":0,"max_hp_gain":0,"max_hp_loss":0,"event_name":"Liars Game","floor":3,"gold_loss":0},{"damage_healed":0,"gold_gain":0,"player_choice":"Donut","damage_taken":0,"max_hp_gain":5,"max_hp_loss":0,"event_name":"Big Fish","floor":4,"gold_loss":0},{"damage_healed":0,"gold_gain":50,"player_choice":"Pray","damage_taken":0,"max_hp_gain":0,"max_hp_loss":0,"event_name":"Golden Shrine","floor":8,"gold_loss":0},{"damage_healed":0,"gold_gain":0,"player_choice":"Ignored","damage_taken":0,"max_hp_gain":0,"max_hp_loss":0,"event_name":"The Mausoleum","floor":21,"gold_loss":0},{"damage_healed":0,"gold_gain":0,"player_choice":"Simplicity","damage_taken":0,"max_hp_gain":0,"max_hp_loss":0,"event_name":"Back to Basics","floor":24,"gold_loss":0,"cards_upgraded":["Strike_R","Strike_R","Strike_R","Strike_R","Defend_R","Defend_R","Defend_R","Defend_R"]},{"damage_healed":0,"gold_gain":0,"cards_transformed":["Strike_R"],"player_choice":"Transformed","damage_taken":0,"max_hp_gain":0,"max_hp_loss":0,"event_name":"Transmorgrifier","floor":27,"gold_loss":0,"cards_obtained":["Juggernaut"]},{"damage_healed":0,"gold_gain":0,"player_choice":"Read","damage_taken":0,"max_hp_gain":0,"max_hp_loss":0,"event_name":"The Library","floor":31,"gold_loss":0,"cards_obtained":["Heavy Blade"]}],"is_beta":true,"boss_relics":[{"not_picked":["Busted Crown","Fusion Hammer"],"picked":"Ectoplasm"}],"items_purged_floors":[20],"is_endless":false,"potions_floor_spawned":[5,14,16,18,19,29,30],"killed_by":"Champ","ascension_level":19}