{"gold_per_floor":[113,36,51,81,95,95,106,106,174,174,174,205,280,290,290,290],"floor_reached":16,"playtime":449,"items_purged":[],"score":100,"play_id":"a6ffe212-e1b0-4e5c-8eb4-4c3bda9b7cdb","local_time":"20190514165105","is_ascension_mode":false,"campfire_choices":[{"data":"Feel No Pain","floor":6,"key":"SMITH"},{"data":"Feel No Pain","floor":8,"key":"SMITH"},{"floor":11,"key":"REST"},{"floor":15,"key":"REST"}],"neow_cost":"NONE","seed_source_timestamp":186979007681973,"circlet_count":0,"master_deck":["Strike_R","Strike_R","Strike_R","Strike_R","Defend_R","Defend_R","Defend_R","Defend_R","Bash","Cleave","Feel No Pain+1","Feel No Pain+1","True Grit"],"relics":["Burning Blood","Tiny Chest","Sundial","Bottled Flame"],"potions_floor_usage":[],"damage_taken":[{"damage":11,"enemies":"Jaw Worm","floor":1,"turns":4},{"damage":7,"enemies":"2 Louse","floor":3,"turns":4},{"damage":12,"enemies":"Small Slimes","floor":5,"turns":4},{"damage":17,"enemies":"Exordium Wildlife","floor":7,"turns":5},{"damage":58,"enemies":"Lagavulin","floor":12,"turns":9},{"damage":5,"enemies":"Large Slime","floor":14,"turns":5},{"damage":43,"enemies":"Slime Boss","floor":16,"turns":9}],"seed_played":"-8225057389214946743","potions_obtained":[{"floor":3,"key":"Ancient Potion"},{"floor":12,"key":"FairyPotion"}],"is_trial":false,"path_per_floor":["M","$","M","?","M","R","M","R","T","?","R","E","?","M","R","B"],"character_chosen":"IRONCLAD","items_purchased":["Feel No Pain"],"campfire_rested":2,"item_purchase_floors":[2],"current_hp_per_floor":[83,83,82,64,58,58,47,47,47,40,66,14,3,14,40,0],"gold":290,"neow_bonus":"TEN_PERCENT_HP_BONUS","is_prod":false,"is_daily":false,"chose_seed":false,"campfire_upgraded":2,"win_rate":0,"timestamp":1557867065,"path_taken":["M","$","M","?","M","R","M","R","T","?","R","E","?","M","R","BOSS"],"build_version":"2019-01-23","purchased_purges":0,"victory":false,"max_hp_per_floor":[88,88,88,88,88,88,88,88,88,88,88,88,88,88,88,88],"card_choices":[{"not_picked":["Warcry","Iron Wave"],"picked":"Cleave","floor":1},{"not_picked":["Iron Wave","Sever Soul"],"picked":"Feel No Pain","floor":3},{"not_picked":["Iron Wave","Dropkick","Flex"],"picked":"SKIP","floor":5},{"not_picked":["Shockwave","Power Through","Rage"],"picked":"SKIP","floor":7},{"not_picked":["Clothesline","Carnage","Blood for Blood"],"picked":"SKIP","floor":12},{"not_picked":["Pummel","Clothesline"],"picked":"True Grit","floor":14}],"player_experience":114577,"relics_obtained":[{"floor":9,"key":"Sundial"},{"floor":12,"key":"Bottled Flame"}],"event_choices":[{"damage_healed":0,"gold_gain":0,"player_choice":"Success","damage_taken":18,"relics_obtained":["Tiny Chest"],"max_hp_gain":0,"max_hp_loss":0,"event_name":"Scrap Ooze","floor":4,"gold_loss":0},{"cards_removed":["Strike_R"],"damage_healed":0,"gold_gain":0,"player_choice":"Card Removal","damage_taken":7,"max_hp_gain":0,"max_hp_loss":0,"event_name":"Golden Wing","floor":10,"gold_loss":0},{"damage_healed":0,"gold_gain":75,"player_choice":"Gather Gold","damage_taken":11,"max_hp_gain":0,"max_hp_loss":0,"event_name":"World of Goop","floor":13,"gold_loss":0}],"is_beta":false,"boss_relics":[],"items_purged_floors":[],"is_endless":false,"potions_floor_spawned":[3,12],"killed_by":"Slime Boss","ascension_level":0}