{"gold_per_floor":[111,55,71,146,17,48,48,79,104,104,69,69,69,69,69,69],"floor_reached":16,"playtime":193,"items_purged":["Strike_B"],"score":252,"play_id":"394d577a-cd4a-4779-8e71-d00b874893ff","local_time":"20190413191909","is_ascension_mode":true,"campfire_choices":[{"data":"Streamline","floor":7,"key":"SMITH"},{"floor":10,"key":"REST"},{"data":"Strike_B","floor":15,"key":"SMITH"}],"neow_cost":"NONE","seed_source_timestamp":182354493462413,"circlet_count":0,"master_deck":["AscendersBane","Strike_B","Strike_B","Strike_B+1","Defend_B","Defend_B","Defend_B","Defend_B","Zap","Dualcast","Genetic Algorithm","Sweeping Beam","Undo","Streamline+1","Beam Cell"],"relics":["Cracked Core","NeowsBlessing","DataDisk","Torii","Art of War","Golden Idol","Matryoshka"],"potions_floor_usage":[],"damage_taken":[{"damage":0,"enemies":"2 Louse","floor":1,"turns":1},{"damage":0,"enemies":"Jaw Worm","floor":3,"turns":1},{"damage":0,"enemies":"Lagavulin","floor":6,"turns":1},{"damage":32,"enemies":"3 Sentries","floor":8,"turns":6},{"damage":38,"enemies":"Slime Boss","floor":16,"turns":3}],"seed_played":"-7505295195530252298","potions_obtained":[{"floor":3,"key":"LiquidBronze"},{"floor":8,"key":"Energy Potion"}],"is_trial":false,"path_per_floor":["M","$","M","?","$","E","R","E","T","R","?","?","?","T","R","B"],"character_chosen":"DEFECT","items_purchased":["Sweeping Beam","Streamline"],"campfire_rested":1,"item_purchase_floors":[2,5],"current_hp_per_floor":[64,64,64,53,53,53,53,21,21,42,59,59,35,35,35,0],"gold":69,"neow_bonus":"THREE_ENEMY_KILL","is_prod":false,"is_daily":false,"chose_seed":false,"campfire_upgraded":2,"win_rate":0,"timestamp":1555197549,"path_taken":["M","$","M","?","?","E","R","E","T","R","?","?","?","?","R","BOSS"],"build_version":"2019-04-04","purchased_purges":1,"victory":false,"max_hp_per_floor":[71,71,71,71,71,71,71,71,71,71,71,71,71,71,71,71],"card_choices":[{"not_picked":["Coolheaded","Redo"],"picked":"Genetic Algorithm","floor":1},{"not_picked":["Turbo","Rebound"],"picked":"Undo","floor":3},{"not_picked":["Genetic Algorithm","Chaos","Aggregate"],"picked":"SKIP","floor":6},{"not_picked":["Skim","Sweeping Beam"],"picked":"Beam Cell","floor":8}],"player_experience":968705,"relics_obtained":[{"floor":6,"key":"DataDisk"},{"floor":8,"key":"Torii"},{"floor":9,"key":"Art of War"},{"floor":14,"key":"Matryoshka"}],"event_choices":[{"damage_healed":0,"gold_gain":75,"player_choice":"Gather Gold","damage_taken":11,"max_hp_gain":0,"max_hp_loss":0,"event_name":"World of Goop","floor":4,"gold_loss":0},{"damage_healed":17,"gold_gain":0,"player_choice":"Healed","damage_taken":0,"max_hp_gain":0,"max_hp_loss":0,"event_name":"The Cleric","floor":11,"gold_loss":35},{"damage_healed":0,"gold_gain":0,"player_choice":"Searched \u00270\u0027 times","damage_taken":0,"max_hp_gain":0,"max_hp_loss":0,"event_name":"Dead Adventurer","floor":12,"gold_loss":0},{"damage_healed":0,"gold_gain":0,"player_choice":"Take Damage","damage_taken":24,"relics_obtained":["Golden Idol"],"max_hp_gain":0,"max_hp_loss":0,"event_name":"Golden Idol","floor":13,"gold_loss":0}],"is_beta":true,"boss_relics":[],"items_purged_floors":[5],"is_endless":false,"potions_floor_spawned":[3,8],"killed_by":"Slime Boss","ascension_level":19}