{"gold_per_floor":[113,288,288,253,272,272,304,42,42,42,57,92,92,122,122,220,220,237,237,237,152,102,131,131,162,187,197,197,214,214,243,243,339,339,349,50,61,73,88,88,100,100,100,133,133,133,158,170,170,170],"floor_reached":51,"playtime":1804,"items_purged":[],"score":1233,"play_id":"f73a9336-bc07-4560-a92a-e72e0d11e666","local_time":"20190208164210","is_ascension_mode":true,"campfire_choices":[{"data":"Phantasmal Killer","floor":6,"key":"SMITH"},{"floor":10,"key":"REST"},{"floor":13,"key":"REST"},{"floor":15,"key":"REST"},{"data":"Catalyst","floor":24,"key":"SMITH"},{"floor":28,"key":"REST"},{"data":"Catalyst","floor":32,"key":"SMITH"},{"floor":40,"key":"RECALL"},{"floor":42,"key":"REST"},{"floor":45,"key":"REST"},{"floor":49,"key":"REST"}],"neow_cost":"PERCENT_DAMAGE","seed_source_timestamp":252689350493128,"circlet_count":0,"master_deck":["Defend_G","Defend_G","Defend_G","Defend_G","Defend_G","Survivor","Neutralize","Phantasmal Killer+1","Catalyst+1","Blade Dance","Masterful Stab","Catalyst+1","Noxious Fumes","Magnetism","Bouncing Flask","Well Laid Plans","Catalyst","Burst","All Out Attack+1","Quick Slash+1","Acrobatics+1","Footwork+1","Ghostly","Ghostly","Ghostly","Ghostly","Ghostly","Deadly Poison","Bouncing Flask+1","PiercingWail","Noxious Fumes","Adrenaline","Deadly Poison+1","Parasite","Catalyst","Adrenaline","Parasite","Well Laid Plans+1"],"relics":["Ring of the Snake","Lantern","Question Card","Orichalcum","Astrolabe","Bird Faced Urn","Oddly Smooth Stone","Mercury Hourglass","Centennial Puzzle","Art of War","Bronze Scales","Fusion Hammer","Ice Cream","The Specimen","Ancient Tea Set","Darkstone Periapt"],"potions_floor_usage":[7,16,41,44,50,50,50],"damage_taken":[{"damage":4,"enemies":"Small Slimes","floor":1,"turns":5},{"damage":1,"enemies":"Jaw Worm","floor":5,"turns":4},{"damage":47,"enemies":"3 Sentries","floor":7,"turns":13},{"damage":0,"enemies":"2 Louse","floor":11,"turns":4},{"damage":0,"enemies":"Gremlin Nob","floor":12,"turns":2},{"damage":8,"enemies":"Lots of Slimes","floor":14,"turns":5},{"damage":18,"enemies":"The Guardian","floor":16,"turns":7},{"damage":22,"enemies":"3 Byrds","floor":18,"turns":5},{"damage":14,"enemies":"Book of Stabbing","floor":23,"turns":5},{"damage":7,"enemies":"Gremlin Leader","floor":25,"turns":5},{"damage":0,"enemies":"2 Thieves","floor":27,"turns":4},{"damage":0,"enemies":"Snake Plant","floor":29,"turns":4},{"damage":0,"enemies":"Slavers","floor":31,"turns":5},{"damage":30,"enemies":"Automaton","floor":33,"turns":9},{"damage":0,"enemies":"Orb Walker","floor":35,"turns":5},{"damage":0,"enemies":"3 Shapes","floor":37,"turns":4},{"damage":0,"enemies":"Writhing Mass","floor":38,"turns":4},{"damage":0,"enemies":"Maw","floor":39,"turns":3},{"damage":0,"enemies":"Transient","floor":41,"turns":4},{"damage":8,"enemies":"Reptomancer","floor":44,"turns":3},{"damage":0,"enemies":"Giant Head","floor":47,"turns":5},{"damage":0,"enemies":"3 Darklings","floor":48,"turns":5},{"damage":33,"enemies":"Donu and Deca","floor":50,"turns":7}],"seed_played":"-1358536369263743883","potions_obtained":[{"floor":5,"key":"SpeedPotion"},{"floor":12,"key":"Swift Potion"},{"floor":14,"key":"Swift Potion"},{"floor":27,"key":"Weak Potion"},{"floor":29,"key":"Ancient Potion"},{"floor":30,"key":"SneckoOil"},{"floor":35,"key":"EssenceOfSteel"},{"floor":44,"key":"Poison Potion"},{"floor":47,"key":"AttackPotion"}],"is_trial":false,"path_per_floor":["M","?","?","?","M","R","E","$","T","R","M","E","R","M","R","B",null,"M","?","?","?","$","E","R","E","T","M","R","M","?","E","R","B",null,"M","$","M","M","M","R","M","R","T","E","R","?","E","M","R","B",null],"character_chosen":"THE_SILENT","items_purchased":["Noxious Fumes","Magnetism","Deadly Poison","Ice Cream"],"campfire_rested":7,"item_purchase_floors":[8,8,22,36],"current_hp_per_floor":[41,41,34,51,50,50,3,3,3,24,24,24,45,37,58,40,63,41,35,35,35,35,23,23,20,20,24,34,35,35,35,35,11,29,35,35,35,35,35,35,35,35,35,31,35,35,35,35,35,2],"gold":170,"neow_bonus":"TRANSFORM_TWO_CARDS","is_prod":false,"is_daily":false,"chose_seed":false,"campfire_upgraded":3,"win_rate":0,"timestamp":1549654930,"path_taken":["M","?","?","?","M","R","E","$","T","R","M","E","R","M","R","BOSS","M","?","?","?","?","E","R","E","T","M","R","?","?","E","R","BOSS","M","$","M","M","?","R","M","R","T","E","R","?","E","M","R","BOSS"],"build_version":"2019-01-23","purchased_purges":0,"victory":true,"max_hp_per_floor":[70,70,70,70,70,70,70,70,70,70,70,70,70,70,70,70,70,70,35,35,35,35,35,35,35,35,35,35,35,35,35,35,35,35,35,35,35,35,35,35,35,35,35,35,35,35,35,35,35,35],"card_choices":[{"not_picked":["Crippling Poison","Quick Slash"],"picked":"Blade Dance","floor":1},{"not_picked":["Dodge and Roll","Prepared"],"picked":"Masterful Stab","floor":5},{"not_picked":["Dagger Spray","Cloak And Dagger"],"picked":"Catalyst","floor":7},{"not_picked":["Acrobatics","Deflect","Bane"],"picked":"Bouncing Flask","floor":11},{"not_picked":["Concentrate","Dagger Throw","Backflip"],"picked":"Well Laid Plans","floor":12},{"not_picked":["Dagger Spray","Bullet Time","Blade Dance"],"picked":"Catalyst","floor":14},{"not_picked":["Storm of Steel","Venomology","Wraith Form v2"],"picked":"Burst","floor":16},{"not_picked":["Quick Slash","Backflip+1","Sucker Punch"],"picked":"Footwork+1","floor":18},{"not_picked":["Eviscerate","Acrobatics","Finisher"],"picked":"Bouncing Flask+1","floor":23},{"not_picked":["Backflip","Poisoned Stab","Underhanded Strike+1","Dagger Spray"],"picked":"SKIP","floor":25},{"not_picked":["Acrobatics","Masterful Stab","Night Terror"],"picked":"PiercingWail","floor":27},{"not_picked":["Dagger Spray","Terror","Cloak And Dagger","Heel Hook"],"picked":"SKIP","floor":29},{"not_picked":["Well Laid Plans","Masterful Stab","All Out Attack"],"picked":"Noxious Fumes","floor":31},{"not_picked":["Burst","Grand Finale","Bullet Time"],"picked":"Adrenaline","floor":33},{"not_picked":["Slice+1","Cloak And Dagger+1","Tactician","Concentrate"],"picked":"SKIP","floor":35},{"not_picked":["Dagger Throw+1","Dodge and Roll+1","Deflect+1"],"picked":"Deadly Poison+1","floor":37},{"not_picked":["Flying Knee","Prepared+1","Tactician+1","Backflip"],"picked":"SKIP","floor":38},{"not_picked":["Quick Slash+1","Riddle With Holes+1","Grand Finale"],"picked":"Catalyst","floor":39},{"not_picked":["Dagger Spray","Deflect","Predator+1","Quick Slash+1"],"picked":"SKIP","floor":41},{"not_picked":["Prepared","Unload","Quick Slash+1","PiercingWail+1"],"picked":"SKIP","floor":44},{"not_picked":["Bane","Dodge and Roll+1","Poisoned Stab+1","All Out Attack"],"picked":"SKIP","floor":47},{"not_picked":["Distraction+1","Reflex+1","Bane"],"picked":"Well Laid Plans+1","floor":48}],"player_experience":737348,"relics_obtained":[{"floor":7,"key":"Lantern"},{"floor":9,"key":"Question Card"},{"floor":12,"key":"Orichalcum"},{"floor":23,"key":"Mercury Hourglass"},{"floor":25,"key":"Centennial Puzzle"},{"floor":26,"key":"Art of War"},{"floor":31,"key":"Bronze Scales"},{"floor":43,"key":"The Specimen"},{"floor":44,"key":"Ancient Tea Set"},{"floor":47,"key":"Darkstone Periapt"}],"event_choices":[{"damage_healed":0,"gold_gain":175,"player_choice":"AGREE","damage_taken":0,"max_hp_gain":0,"max_hp_loss":0,"event_name":"Liars Game","floor":2,"gold_loss":0,"cards_obtained":["Doubt"]},{"cards_removed":["Doubt"],"damage_healed":0,"gold_gain":0,"player_choice":"Card Removal","damage_taken":7,"max_hp_gain":0,"max_hp_loss":0,"event_name":"Golden Wing","floor":3,"gold_loss":0},{"damage_healed":17,"gold_gain":0,"player_choice":"Healed","damage_taken":0,"max_hp_gain":0,"max_hp_loss":0,"event_name":"The Cleric","floor":4,"gold_loss":35},{"damage_healed":0,"gold_gain":0,"player_choice":"Became a Ghost","damage_taken":0,"max_hp_gain":0,"max_hp_loss":35,"event_name":"Ghosts","floor":19,"gold_loss":0,"cards_obtained":["Ghostly","Ghostly","Ghostly","Ghostly","Ghostly"]},{"damage_healed":0,"gold_gain":0,"player_choice":"Opened","damage_taken":0,"relics_obtained":["Bird Faced Urn"],"max_hp_gain":0,"max_hp_loss":0,"event_name":"The Mausoleum","floor":20,"gold_loss":0},{"damage_healed":0,"gold_gain":0,"player_choice":"Obtained Relic","damage_taken":0,"relics_obtained":["Oddly Smooth Stone"],"max_hp_gain":0,"max_hp_loss":0,"event_name":"Addict","floor":21,"gold_loss":85},{"damage_healed":0,"gold_gain":0,"player_choice":"Got Potions","damage_taken":0,"max_hp_gain":0,"max_hp_loss":0,"event_name":"Lab","floor":30,"gold_loss":0},{"damage_healed":0,"gold_gain":0,"player_choice":"2 cards matched","damage_taken":0,"max_hp_gain":0,"max_hp_loss":0,"event_name":"Match and Keep!","floor":46,"gold_loss":0,"cards_obtained":["Adrenaline","Parasite"]}],"is_beta":false,"boss_relics":[{"not_picked":["Orrery","Ectoplasm"],"picked":"Astrolabe"},{"not_picked":["Calling Bell","Pandora\u0027s Box"],"picked":"Fusion Hammer"}],"items_purged_floors":[],"is_endless":false,"potions_floor_spawned":[5,12,14,27,29,35,44,47],"ascension_level":7}