{"gold_per_floor":[364,364,11,22,22,52,52,84,110,128,159,159,175,208,208,311,311,324,63,63,63,63,95,115,146,146,10,35,35,134,149,149,253,253,267,12,28,28,45,75,88,88,88,100,128,145,145,160,160,160,160,160,10,45,45],"floor_reached":56,"playtime":3103,"items_purged":["Injury","Shame"],"score":1498,"play_id":"0d022642-5cb2-4e01-a7ec-5823c9370eed","local_time":"20190509023329","is_ascension_mode":true,"campfire_choices":[{"data":"Corruption","floor":7,"key":"SMITH"},{"data":"Spot Weakness","floor":12,"key":"SMITH"},{"data":"Spot Weakness","floor":15,"key":"SMITH"},{"data":"Evolve","floor":32,"key":"SMITH"},{"floor":49,"key":"RECALL"},{"data":"Bash","floor":52,"key":"SMITH"}],"neow_cost":"CURSE","seed_source_timestamp":452804229305537,"circlet_count":0,"master_deck":["Strike_R+1","Strike_R","Strike_R","Strike_R","Defend_R","Defend_R","Defend_R+1","Defend_R","Bash+1","Spot Weakness+1","Corruption+1","Spot Weakness+1","Whirlwind","Evolve+1","True Grit","Burning Pact","Double Tap","Power Through","Intimidate","Immolate","Shrug It Off","Sentinel+1","Flame Barrier+1","Flame Barrier+1","Parasite","Battle Trance+1","Spot Weakness+1","Headbutt","Limit Break+1","Disarm+1","Armaments+1","Shrug It Off+1","Discovery+1","Bandage Up+1","Thinking Ahead+1","Madness+1","Madness+1","Thunderclap+1","Doubt","Parasite","Limit Break+1","Iron Wave+1"],"relics":["Burning Blood","DollysMirror","Oddly Smooth Stone","Red Skull","Anchor","Boot","Question Card","Cursed Key","Singing Bowl","Gambling Chip","MutagenicStrength","Toxic Egg 2","Centennial Puzzle","Blood Vial","Lizard Tail","ClockworkSouvenir","Bag of Marbles","Paper Frog","Bag of Preparation","Incense Burner"],"potions_floor_usage":[8,8,16,23,24,55,55,55],"damage_taken":[{"damage":7,"enemies":"Small Slimes","floor":1,"turns":4},{"damage":2,"enemies":"Cultist","floor":4,"turns":4},{"damage":18,"enemies":"3 Sentries","floor":6,"turns":4},{"damage":17,"enemies":"Gremlin Nob","floor":8,"turns":5},{"damage":0,"enemies":"2 Louse","floor":10,"turns":1},{"damage":0,"enemies":"3 Sentries","floor":11,"turns":3},{"damage":0,"enemies":"Blue Slaver","floor":13,"turns":2},{"damage":4,"enemies":"Lagavulin","floor":14,"turns":6},{"damage":5,"enemies":"Slime Boss","floor":16,"turns":9},{"damage":8,"enemies":"2 Thieves","floor":18,"turns":3},{"damage":0,"enemies":"Book of Stabbing","floor":23,"turns":4},{"damage":8,"enemies":"Spheric Guardian","floor":24,"turns":4},{"damage":0,"enemies":"Gremlin Leader","floor":25,"turns":5},{"damage":10,"enemies":"Slavers","floor":28,"turns":3},{"damage":0,"enemies":"Centurion and Healer","floor":31,"turns":2},{"damage":21,"enemies":"Collector","floor":33,"turns":8},{"damage":19,"enemies":"Orb Walker","floor":35,"turns":5},{"damage":4,"enemies":"3 Darklings","floor":37,"turns":3},{"damage":12,"enemies":"Maw","floor":39,"turns":5},{"damage":0,"enemies":"Reptomancer","floor":40,"turns":4},{"damage":1,"enemies":"4 Shapes","floor":41,"turns":4},{"damage":35,"enemies":"Transient","floor":44,"turns":5},{"damage":47,"enemies":"Nemesis","floor":45,"turns":7},{"damage":0,"enemies":"Jaw Worm Horde","floor":46,"turns":1},{"damage":3,"enemies":"Writhing Mass","floor":48,"turns":6},{"damage":16,"enemies":"Donu and Deca","floor":50,"turns":4},{"damage":14,"enemies":"Shield and Spear","floor":54,"turns":3},{"damage":71,"enemies":"The Heart","floor":55,"turns":6}],"seed_played":"8811631753673248183","potions_obtained":[{"floor":6,"key":"EntropicBrew"},{"floor":14,"key":"Dexterity Potion"},{"floor":16,"key":"AttackPotion"},{"floor":24,"key":"Fruit Juice"},{"floor":25,"key":"Dexterity Potion"},{"floor":48,"key":"PowerPotion"}],"is_trial":false,"path_per_floor":["M","?","$","M","?","E","R","E","T","M","E","R","M","E","R","B",null,"M","$","?","?","$","E","M","E","T","$","E","?","?","M","R","B",null,"M","$","M","?","M","E","M","?","T","M","E","M","?","M","R","B",null,"R","$","E","B",null],"character_chosen":"IRONCLAD","items_purchased":["Corruption","DollysMirror","Singing Bowl","Battle Trance+1","ClockworkSouvenir","Armaments+1","Bag of Preparation"],"campfire_rested":0,"item_purchase_floors":[3,3,19,27,36,36,53],"current_hp_per_floor":[79,63,63,67,67,55,55,44,44,50,56,56,62,64,64,65,80,78,78,78,78,78,80,83,85,85,85,83,83,83,87,87,72,87,74,74,78,68,72,88,93,81,81,60,29,39,97,97,97,93,97,97,97,89,32],"gold":45,"neow_bonus":"TWO_FIFTY_GOLD","is_prod":false,"is_daily":false,"chose_seed":false,"campfire_upgraded":5,"win_rate":0,"timestamp":1557383609,"path_taken":["M","?","$","M","?","E","R","E","T","M","E","R","M","E","R","BOSS","M","$","?","?","?","E","M","E","T","$","E","?","?","M","R","BOSS","M","$","M","?","M","E","M","?","T","M","E","M","?","M","R","BOSS","R","$","E","BOSS"],"build_version":"2019-05-07","purchased_purges":2,"victory":true,"max_hp_per_floor":[80,80,80,80,80,80,80,80,80,80,80,80,80,80,80,80,80,80,80,80,80,80,80,85,85,85,85,87,87,87,87,87,87,87,87,87,87,87,89,91,93,93,93,93,95,97,97,97,97,97,97,97,97,97,97],"card_choices":[{"not_picked":["Pommel Strike","Dual Wield"],"picked":"Spot Weakness","floor":1},{"not_picked":["Body Slam","Armaments"],"picked":"Whirlwind","floor":4},{"not_picked":["Cleave","Carnage"],"picked":"Evolve","floor":6},{"not_picked":["Clothesline","Headbutt"],"picked":"True Grit","floor":8},{"not_picked":["Heavy Blade","Clothesline"],"picked":"Burning Pact","floor":10},{"not_picked":["Flex","Entrench"],"picked":"Double Tap","floor":11},{"not_picked":["Anger","Sword Boomerang"],"picked":"Power Through","floor":13},{"not_picked":["Warcry","Rampage"],"picked":"Intimidate","floor":14},{"not_picked":["Impervious","Juggernaut","Barricade"],"picked":"Immolate","floor":16},{"not_picked":["Second Wind+1","Sever Soul","Perfected Strike"],"picked":"Shrug It Off","floor":18},{"not_picked":["Evolve+1","Blood for Blood+1","Intimidate"],"picked":"Sentinel+1","floor":23},{"not_picked":["Clash+1","Perfected Strike+1","Anger+1"],"picked":"Flame Barrier+1","floor":24},{"not_picked":["Clash","Burning Pact+1","Thunderclap"],"picked":"Flame Barrier+1","floor":25},{"not_picked":["Pommel Strike+1","Rampage","Wild Strike","Twin Strike"],"picked":"Singing Bowl","floor":28},{"not_picked":["Dropkick","Burning Pact+1","Sever Soul"],"picked":"Headbutt","floor":31},{"not_picked":["Dark Embrace","Juggernaut","Impervious+1"],"picked":"Limit Break+1","floor":33},{"not_picked":["Warcry+1","Iron Wave","Flex+1"],"picked":"Disarm+1","floor":35},{"not_picked":["Reckless Charge+1","Entrench+1","Headbutt+1"],"picked":"Shrug It Off+1","floor":37},{"not_picked":["Transmutation+1","Flash of Steel","Apotheosis+1"],"picked":"Discovery+1","floor":38},{"not_picked":["Swift Strike","Blind+1","Impatience+1"],"picked":"Bandage Up+1","floor":38},{"not_picked":["Trip+1","Forethought+1","Jack Of All Trades+1"],"picked":"Thinking Ahead+1","floor":38},{"not_picked":["Wild Strike+1","Clash+1","Cleave","Hemokinesis+1"],"picked":"Singing Bowl","floor":39},{"not_picked":["Hemokinesis","Dropkick","Carnage+1","Havoc+1"],"picked":"Singing Bowl","floor":40},{"not_picked":["Rampage+1","Cleave","Perfected Strike","Pommel Strike"],"picked":"Singing Bowl","floor":41},{"not_picked":["Cleave","Twin Strike","Rupture+1"],"picked":"Thunderclap+1","floor":44},{"not_picked":["Flex+1","Whirlwind+1","Armaments+1","Clash+1"],"picked":"Singing Bowl","floor":45},{"not_picked":["Wild Strike","True Grit+1","Clash+1","Twin Strike+1"],"picked":"Singing Bowl","floor":46},{"not_picked":["Wild Strike","Sever Soul+1","Shrug It Off+1"],"picked":"Limit Break+1","floor":48},{"not_picked":["Entrench+1","Infernal Blade+1","Shrug It Off+1"],"picked":"Iron Wave+1","floor":54}],"player_experience":5690101,"relics_obtained":[{"floor":6,"key":"Oddly Smooth Stone"},{"floor":8,"key":"Red Skull"},{"floor":9,"key":"Anchor"},{"floor":11,"key":"Boot"},{"floor":14,"key":"Question Card"},{"floor":23,"key":"Toxic Egg 2"},{"floor":25,"key":"Centennial Puzzle"},{"floor":28,"key":"Blood Vial"},{"floor":40,"key":"Bag of Marbles"},{"floor":45,"key":"Paper Frog"},{"floor":54,"key":"Incense Burner"}],"event_choices":[{"damage_healed":0,"gold_gain":0,"player_choice":"Entered Light","damage_taken":16,"max_hp_gain":0,"max_hp_loss":0,"event_name":"Shining Light","floor":2,"gold_loss":0,"cards_upgraded":["Defend_R","Strike_R"]},{"cards_removed":["Strike_R"],"damage_healed":0,"gold_gain":0,"player_choice":"Purged","damage_taken":0,"max_hp_gain":0,"max_hp_loss":0,"event_name":"Purifier","floor":5,"gold_loss":0},{"damage_healed":0,"gold_gain":0,"player_choice":"Stole Relic","damage_taken":0,"relics_obtained":["Gambling Chip"],"max_hp_gain":0,"max_hp_loss":0,"event_name":"Addict","floor":20,"gold_loss":0,"cards_obtained":["Shame"]},{"damage_healed":0,"gold_gain":0,"player_choice":"Inject Mutagens","damage_taken":0,"relics_obtained":["MutagenicStrength"],"max_hp_gain":0,"max_hp_loss":0,"event_name":"Drug Dealer","floor":21,"gold_loss":0},{"damage_healed":0,"gold_gain":0,"player_choice":"Read","damage_taken":0,"max_hp_gain":0,"max_hp_loss":0,"event_name":"The Library","floor":29,"gold_loss":0,"cards_obtained":["Spot Weakness"]},{"damage_healed":0,"gold_gain":99,"player_choice":"Stole From Cult","damage_taken":0,"max_hp_gain":0,"max_hp_loss":0,"event_name":"Nest","floor":30,"gold_loss":0},{"damage_healed":0,"gold_gain":0,"player_choice":"Memory 3","damage_taken":10,"max_hp_gain":0,"max_hp_loss":0,"event_name":"SensoryStone","floor":38,"gold_loss":0},{"damage_healed":0,"gold_gain":0,"player_choice":"Embrace Madness","damage_taken":12,"max_hp_gain":0,"max_hp_loss":0,"event_name":"Winding Halls","floor":42,"gold_loss":0,"cards_obtained":["Madness","Madness"]},{"damage_healed":58,"gold_gain":0,"player_choice":"Heal","damage_taken":0,"max_hp_gain":0,"max_hp_loss":0,"event_name":"MindBloom","floor":47,"gold_loss":0,"cards_obtained":["Doubt"]}],"is_beta":true,"boss_relics":[{"not_picked":["Calling Bell","Tiny House"],"picked":"Cursed Key"},{"not_picked":["Runic Cube","Pandora\u0027s Box"],"picked":"Lizard Tail"}],"items_purged_floors":[3,27],"is_endless":false,"potions_floor_spawned":[6,14,16,24,25,37,40,45,46,48,54],"ascension_level":1}