{"gold_per_floor":[114,189,137,137,137,137,181,206,206,239,253,253,297,325,325,453,453,474,499,499,624,723,723,744,767,767,791,791,805,805,830,830,956,956,969,969,903,540,561,561,596,424,448,448],"floor_reached":44,"playtime":1850,"items_purged":["Strike_R+1"],"score":575,"play_id":"466bab32-b9cc-4ee2-a07b-e345a5acc645","local_time":"20190415090003","is_ascension_mode":true,"campfire_choices":[{"data":"Shrug It Off","floor":6,"key":"SMITH"},{"floor":15,"key":"REST"},{"floor":23,"key":"REST"},{"floor":28,"key":"REST"},{"data":"Inflame","floor":32,"key":"SMITH"},{"data":"Barricade","floor":40,"key":"SMITH"}],"neow_cost":"NONE","seed_source_timestamp":288283938543700,"circlet_count":0,"master_deck":["Strike_R+1","Strike_R+1","Strike_R+1","Strike_R+1","Defend_R+1","Defend_R+1","Defend_R+1","Defend_R+1","Bash","Shrug It Off+1","Armaments+1","Pommel Strike","Entrench","Sword Boomerang+1","Headbutt+1","Fiend Fire+1","Inflame+1","Barricade+1","Cleave+1","Iron Wave+1","Twin Strike+1","Shrug It Off+1","Battle Trance","Inflame+1","Flex","Bludgeon+1","Anger+1","Corruption","Blood for Blood+1","Feel No Pain","Panache","Flash of Steel+1","Pommel Strike+1","Thunderclap+1"],"relics":["Black Blood","NeowsBlessing","Golden Idol","Red Skull","Art of War","Molten Egg 2","Bag of Marbles","Odd Mushroom","Torii","Matryoshka","Pear","Smiling Mask","Juzu Bracelet","Bottled Lightning","Black Star","The Courier","Bag of Preparation","PreservedInsect","Pen Nib","Bronze Scales"],"potions_floor_usage":[10,14,16,16,24,33,36,39,41,41,44,44],"damage_taken":[{"damage":0,"enemies":"Jaw Worm","floor":1,"turns":1},{"damage":0,"enemies":"Gremlin Nob","floor":7,"turns":1},{"damage":0,"enemies":"Small Slimes","floor":8,"turns":1},{"damage":36,"enemies":"3 Sentries","floor":10,"turns":16},{"damage":1,"enemies":"2 Louse","floor":11,"turns":4},{"damage":29,"enemies":"Lagavulin","floor":13,"turns":6},{"damage":0,"enemies":"The Mushroom Lair","floor":14,"turns":3},{"damage":30,"enemies":"Slime Boss","floor":16,"turns":10},{"damage":25,"enemies":"Spheric Guardian","floor":18,"turns":4},{"damage":37,"enemies":"Shell Parasite","floor":19,"turns":8},{"damage":1,"enemies":"Colosseum Slavers","floor":21,"turns":2},{"damage":29,"enemies":"Colosseum Nobs","floor":21,"turns":4},{"damage":26,"enemies":"Snake Plant","floor":24,"turns":4},{"damage":31,"enemies":"3 Cultists","floor":27,"turns":6},{"damage":10,"enemies":"Snecko","floor":29,"turns":3},{"damage":18,"enemies":"Snake Plant","floor":31,"turns":4},{"damage":66,"enemies":"Automaton","floor":33,"turns":10},{"damage":56,"enemies":"3 Darklings","floor":35,"turns":7},{"damage":6,"enemies":"Orb Walker","floor":39,"turns":3},{"damage":53,"enemies":"Nemesis","floor":41,"turns":5},{"damage":29,"enemies":"Reptomancer","floor":44,"turns":3}],"seed_played":"-4697337650023387813","potions_obtained":[{"floor":1,"key":"LiquidBronze"},{"floor":7,"key":"BloodPotion"},{"floor":11,"key":"Block Potion"},{"floor":14,"key":"SkillPotion"},{"floor":16,"key":"GamblersBrew"},{"floor":18,"key":"GamblersBrew"},{"floor":31,"key":"EssenceOfSteel"},{"floor":33,"key":"Regen Potion"},{"floor":36,"key":"Fruit Juice"},{"floor":36,"key":"Regen Potion"},{"floor":36,"key":"Energy Potion"},{"floor":39,"key":"PowerPotion"},{"floor":41,"key":"BloodPotion"}],"is_trial":false,"path_per_floor":["M","?","$","?","?","R","E","M","T","E","M","?","E","?","R","B",null,"M","M","?","?","?","R","M","T","T","M","R","M","?","M","R","B",null,"M","?","?","$","M","R","E","$","T","E"],"character_chosen":"IRONCLAD","items_purchased":["Armaments","Corruption","Blood for Blood+1","Feel No Pain","Panache","Flash of Steel+1","Pen Nib"],"campfire_rested":3,"item_purchase_floors":[3,38,38,38,38,38,42],"current_hp_per_floor":[80,69,69,69,62,62,68,74,74,52,57,57,34,40,64,40,80,65,38,38,28,28,52,36,46,46,25,52,52,82,74,74,18,90,44,49,49,49,58,58,15,15,15,0],"gold":448,"neow_bonus":"THREE_ENEMY_KILL","is_prod":false,"is_daily":false,"chose_seed":false,"campfire_upgraded":3,"win_rate":0,"timestamp":1555333203,"path_taken":["M","?","$","?","?","R","E","M","T","E","?","?","E","?","R","BOSS","M","M","?","?","?","R","M","?","T","M","R","M","?","M","R","BOSS","M","?","?","$","M","R","E","$","T","E"],"build_version":"2019-01-23","purchased_purges":1,"victory":false,"max_hp_per_floor":[80,80,80,80,80,80,80,80,80,80,80,80,80,80,80,80,80,80,80,80,80,80,80,80,90,90,90,90,90,90,90,90,90,90,90,95,95,95,95,95,95,95,95,95],"card_choices":[{"not_picked":["Rupture","Havoc"],"picked":"Shrug It Off","floor":1},{"not_picked":["Seeing Red","Immolate"],"picked":"Pommel Strike","floor":7},{"not_picked":["Dropkick","Armaments"],"picked":"Entrench","floor":8},{"not_picked":["Havoc","Seeing Red"],"picked":"Sword Boomerang","floor":10},{"not_picked":["Body Slam+1","Perfected Strike+1"],"picked":"Headbutt+1","floor":11},{"not_picked":["Warcry","Shrug It Off"],"picked":"Fiend Fire+1","floor":13},{"not_picked":["Power Through","Perfected Strike+1"],"picked":"Inflame","floor":14},{"not_picked":["Immolate+1","Demon Form"],"picked":"Barricade","floor":16},{"not_picked":["Ghostly Armor","Flex"],"picked":"Cleave+1","floor":18},{"not_picked":["Clash+1","Armaments"],"picked":"Iron Wave+1","floor":19},{"not_picked":["Power Through+1","Pommel Strike+1"],"picked":"Twin Strike+1","floor":21},{"not_picked":["Twin Strike+1","Sever Soul+1"],"picked":"Shrug It Off+1","floor":24},{"not_picked":["Clash+1","Infernal Blade"],"picked":"Battle Trance","floor":27},{"not_picked":["Uppercut+1","Double Tap"],"picked":"Inflame+1","floor":29},{"not_picked":["Warcry+1","Fire Breathing"],"picked":"Flex","floor":31},{"not_picked":["Brutality","Berserk"],"picked":"Bludgeon+1","floor":33},{"not_picked":["Armaments+1","Wild Strike+1"],"picked":"Anger+1","floor":35},{"not_picked":["Cleave+1","Armaments"],"picked":"Pommel Strike+1","floor":39},{"not_picked":["Warcry","Reckless Charge+1"],"picked":"Thunderclap+1","floor":41}],"player_experience":88196,"relics_obtained":[{"floor":7,"key":"Red Skull"},{"floor":9,"key":"Art of War"},{"floor":10,"key":"Molten Egg 2"},{"floor":13,"key":"Bag of Marbles"},{"floor":14,"key":"Odd Mushroom"},{"floor":21,"key":"Torii"},{"floor":21,"key":"Matryoshka"},{"floor":25,"key":"Pear"},{"floor":25,"key":"Smiling Mask"},{"floor":26,"key":"Juzu Bracelet"},{"floor":26,"key":"Bottled Lightning"},{"floor":41,"key":"Bag of Preparation"},{"floor":41,"key":"PreservedInsect"},{"floor":43,"key":"Bronze Scales"}],"event_choices":[{"damage_healed":0,"gold_gain":75,"player_choice":"Gather Gold","damage_taken":11,"max_hp_gain":0,"max_hp_loss":0,"event_name":"World of Goop","floor":2,"gold_loss":0},{"damage_healed":0,"gold_gain":0,"player_choice":"Take Wound","damage_taken":0,"relics_obtained":["Golden Idol"],"max_hp_gain":0,"max_hp_loss":0,"event_name":"Golden Idol","floor":4,"gold_loss":0,"cards_obtained":["Injury"]},{"cards_removed":["Injury"],"damage_healed":0,"gold_gain":0,"player_choice":"Card Removal","damage_taken":7,"max_hp_gain":0,"max_hp_loss":0,"event_name":"Golden Wing","floor":5,"gold_loss":0},{"damage_healed":0,"gold_gain":0,"player_choice":"Grow","damage_taken":0,"max_hp_gain":0,"max_hp_loss":0,"event_name":"Living Wall","floor":12,"gold_loss":0,"cards_upgraded":["Armaments"]},{"damage_healed":0,"gold_gain":0,"player_choice":"Fought Mushrooms","damage_taken":0,"max_hp_gain":0,"max_hp_loss":0,"event_name":"Mushrooms","floor":14,"gold_loss":0},{"damage_healed":0,"gold_gain":0,"player_choice":"Simplicity","damage_taken":0,"max_hp_gain":0,"max_hp_loss":0,"event_name":"Back to Basics","floor":20,"gold_loss":0,"cards_upgraded":["Strike_R","Strike_R","Strike_R","Strike_R","Strike_R","Defend_R","Defend_R","Defend_R","Defend_R"]},{"damage_healed":0,"gold_gain":0,"player_choice":"Fight","damage_taken":0,"max_hp_gain":0,"max_hp_loss":0,"event_name":"Colosseum","floor":21,"gold_loss":0},{"damage_healed":0,"gold_gain":0,"player_choice":"Fought Nobs","damage_taken":0,"max_hp_gain":0,"max_hp_loss":0,"event_name":"Colosseum","floor":21,"gold_loss":0},{"damage_healed":0,"gold_gain":99,"player_choice":"Stole From Cult","damage_taken":0,"max_hp_gain":0,"max_hp_loss":0,"event_name":"Nest","floor":22,"gold_loss":0},{"damage_healed":30,"gold_gain":0,"player_choice":"Heal","damage_taken":0,"max_hp_gain":0,"max_hp_loss":0,"event_name":"The Library","floor":30,"gold_loss":0},{"damage_healed":0,"gold_gain":0,"player_choice":"Got Potions","damage_taken":0,"max_hp_gain":0,"max_hp_loss":0,"event_name":"Lab","floor":36,"gold_loss":0},{"damage_healed":0,"gold_gain":0,"player_choice":"Paid Gold","damage_taken":0,"relics_obtained":["The Courier"],"max_hp_gain":0,"max_hp_loss":0,"event_name":"WeMeetAgain","floor":37,"gold_loss":66}],"is_beta":false,"boss_relics":[{"not_picked":["Philosopher\u0027s Stone","Mark of Pain"],"picked":"Black Blood"},{"not_picked":["White Beast Statue","Empty Cage"],"picked":"Black Star"}],"items_purged_floors":[42],"is_endless":false,"potions_floor_spawned":[1,7,11,14,16,18,21,31,33,39,41],"killed_by":"Reptomancer","ascension_level":2}