{"gold_per_floor":[115,65,85,85,85,124,136,173,209,235,247,290,302,331,343,453,465,493,505,218,218,236,236,248,248],"floor_reached":25,"playtime":724,"items_purged":[],"score":296,"play_id":"90aa0fa0-b2d7-4648-a6c3-69446e0fed31","local_time":"20190208034749","is_ascension_mode":true,"campfire_choices":[{"floor":7,"key":"REST"},{"floor":11,"key":"REST"},{"floor":13,"key":"REST"},{"floor":15,"key":"REST"},{"floor":23,"key":"REST"}],"neow_cost":"TEN_PERCENT_HP_LOSS","seed_source_timestamp":207313153194666,"circlet_count":0,"master_deck":["Defend_G","Defend_G+1","Defend_G","Defend_G","Defend_G","Strike_G+1","Strike_G","Strike_G","Strike_G","Survivor","Neutralize","Dash","Bouncing Flask","Escape Plan","Deadly Poison","Terror","Escape Plan","Infinite Blades+1","Catalyst","Deflect","Die Die Die","A Thousand Cuts+1","Accuracy+1","Flechettes","RitualDagger","Noxious Fumes+1","Cloak And Dagger","Panache+1","Catalyst","Masterful Stab","Caltrops+1","Adrenaline","Accuracy+1"],"relics":["Ring of the Snake","Prayer Wheel","MawBank","Girya","Frozen Egg 2","Bag of Marbles","Vajra","Runic Pyramid"],"potions_floor_usage":[16,16,16],"damage_taken":[{"damage":3,"enemies":"Jaw Worm","floor":1,"turns":6},{"damage":0,"enemies":"Small Slimes","floor":3,"turns":4},{"damage":20,"enemies":"Lagavulin","floor":6,"turns":7},{"damage":9,"enemies":"Gremlin Nob","floor":8,"turns":4},{"damage":0,"enemies":"2 Louse","floor":10,"turns":2},{"damage":22,"enemies":"3 Sentries","floor":12,"turns":8},{"damage":6,"enemies":"Exordium Wildlife","floor":14,"turns":4},{"damage":12,"enemies":"The Guardian","floor":16,"turns":6},{"damage":13,"enemies":"Spheric Guardian","floor":18,"turns":4},{"damage":26,"enemies":"Shell Parasite","floor":22,"turns":6},{"damage":24,"enemies":"Centurion and Healer","floor":24,"turns":4},{"damage":8,"enemies":"3 Cultists","floor":25,"turns":2}],"seed_played":"-3728814703708367126","potions_obtained":[{"floor":8,"key":"Energy Potion"},{"floor":12,"key":"Strength Potion"},{"floor":14,"key":"AttackPotion"},{"floor":18,"key":"Swift Potion"},{"floor":22,"key":"Fire Potion"},{"floor":24,"key":"Poison Potion"}],"is_trial":false,"path_per_floor":["M","?","M","?","?","E","R","E","T","M","R","E","R","M","R","B",null,"M","?","$","?","M","R","M","M"],"character_chosen":"THE_SILENT","items_purchased":["Noxious Fumes+1","Cloak And Dagger","Panache+1"],"campfire_rested":5,"item_purchase_floors":[20,20,20],"current_hp_per_floor":[60,60,60,47,35,15,33,24,24,24,42,20,38,32,50,38,57,44,38,38,38,12,30,6,0],"gold":248,"neow_bonus":"ONE_RARE_RELIC","is_prod":false,"is_daily":false,"chose_seed":false,"campfire_upgraded":0,"win_rate":0,"timestamp":1549608469,"path_taken":["M","?","M","?","?","E","R","E","T","M","R","E","R","M","R","BOSS","M","?","$","?","M","R","?","M"],"build_version":"2019-01-23","purchased_purges":0,"victory":false,"max_hp_per_floor":[63,63,63,63,63,63,63,63,63,63,63,63,63,63,63,63,63,63,63,63,63,63,63,63,63],"card_choices":[{"not_picked":["Poisoned Stab","Sucker Punch"],"picked":"Dash","floor":1},{"not_picked":["Underhanded Strike","Sucker Punch"],"picked":"Bouncing Flask","floor":1},{"not_picked":["Slice","Dodge and Roll"],"picked":"Escape Plan","floor":3},{"not_picked":["Sucker Punch","Reflex","Dagger Throw"],"picked":"SKIP","floor":3},{"not_picked":["Eviscerate","Accuracy"],"picked":"Deadly Poison","floor":6},{"not_picked":["Tactician","Dagger Spray"],"picked":"Terror","floor":8},{"not_picked":["Setup","Sucker Punch"],"picked":"Escape Plan","floor":10},{"not_picked":["Skewer","PiercingWail"],"picked":"Infinite Blades+1","floor":10},{"not_picked":["Heel Hook","Expertise"],"picked":"Catalyst","floor":12},{"not_picked":["Acrobatics","Outmaneuver"],"picked":"Deflect","floor":14},{"not_picked":["Dagger Throw","Backflip"],"picked":"Die Die Die","floor":14},{"not_picked":["Doppelganger","Envenom+1"],"picked":"A Thousand Cuts+1","floor":16},{"not_picked":["Cloak And Dagger","Deflect"],"picked":"Accuracy+1","floor":18},{"not_picked":["PiercingWail","Eviscerate"],"picked":"Flechettes","floor":18},{"not_picked":["Setup","Deadly Poison"],"picked":"Masterful Stab","floor":22},{"not_picked":["Prepared","Slice"],"picked":"Caltrops+1","floor":22},{"not_picked":["Dash","Outmaneuver+1"],"picked":"Adrenaline","floor":24},{"not_picked":["Deflect","Deadly Poison"],"picked":"Accuracy+1","floor":24}],"player_experience":734189,"relics_obtained":[{"floor":6,"key":"Girya"},{"floor":8,"key":"Frozen Egg 2"},{"floor":9,"key":"Bag of Marbles"},{"floor":12,"key":"Vajra"}],"event_choices":[{"cards_removed":["Strike_G"],"damage_healed":0,"gold_gain":0,"player_choice":"Card Removal","damage_taken":0,"max_hp_gain":0,"max_hp_loss":0,"event_name":"The Cleric","floor":2,"gold_loss":50},{"damage_healed":0,"gold_gain":0,"player_choice":"Entered Light","damage_taken":13,"max_hp_gain":0,"max_hp_loss":0,"event_name":"Shining Light","floor":4,"gold_loss":0,"cards_upgraded":["Strike_G","Defend_G"]},{"damage_healed":0,"gold_gain":0,"player_choice":"Success","damage_taken":12,"relics_obtained":["MawBank"],"max_hp_gain":0,"max_hp_loss":0,"event_name":"Scrap Ooze","floor":5,"gold_loss":0},{"damage_healed":0,"gold_gain":0,"player_choice":"Joined the Cult","damage_taken":6,"max_hp_gain":0,"max_hp_loss":0,"event_name":"Nest","floor":19,"gold_loss":0,"cards_obtained":["RitualDagger"]},{"damage_healed":0,"gold_gain":0,"player_choice":"Read","damage_taken":0,"max_hp_gain":0,"max_hp_loss":0,"event_name":"The Library","floor":21,"gold_loss":0,"cards_obtained":["Catalyst"]}],"is_beta":false,"boss_relics":[{"not_picked":["HoveringKite","Velvet Choker"],"picked":"Runic Pyramid"}],"items_purged_floors":[],"is_endless":false,"potions_floor_spawned":[8,12,14,18,22,24],"killed_by":"3 Cultists","ascension_level":7}