{"gold_per_floor":[111,129,129,54,1,1,21,56,56,67,84,84,134,146,146,224,224,241,221,241,257,268,298,298,333,360,360,375,425,6,6,6,6],"floor_reached":33,"playtime":1346,"items_purged":[],"score":531,"play_id":"2921e149-1a1c-4fea-9594-eba0a87f9cf3","local_time":"20190429155806","is_ascension_mode":true,"campfire_choices":[{"data":"Searing Blow","floor":6,"key":"SMITH"},{"data":"Searing Blow+1","floor":12,"key":"SMITH"},{"data":"Searing Blow+2","floor":15,"key":"SMITH"},{"data":"Searing Blow+3","floor":24,"key":"SMITH"},{"data":"Searing Blow+4","floor":27,"key":"SMITH"},{"data":"Searing Blow+5","floor":32,"key":"SMITH"}],"neow_cost":"NONE","seed_source_timestamp":1562143671409365,"circlet_count":0,"master_deck":["AscendersBane","Strike_R","Strike_R+1","Strike_R","Strike_R","Defend_R+1","Defend_R","Defend_R","Defend_R","Bash","Searing Blow+6","Headbutt","Rage","Battle Trance","Shrug It Off","Armaments","Disarm+1","Double Tap+1","Shockwave+1","Exhume+1","True Grit+1","Power Through+1","Iron Wave+1","Body Slam+1","Secret Weapon+1"],"relics":["Burning Blood","Self Forming Clay","Blue Candle","Toxic Egg 2","Philosopher\u0027s Stone","Molten Egg 2","Bag of Marbles","Anchor","Lantern"],"potions_floor_usage":[16,18,21,22,22,25,33,33],"damage_taken":[{"damage":14,"enemies":"Jaw Worm","floor":1,"turns":3},{"damage":1,"enemies":"Cultist","floor":2,"turns":3},{"damage":2,"enemies":"2 Louse","floor":7,"turns":3},{"damage":29,"enemies":"3 Sentries","floor":8,"turns":9},{"damage":0,"enemies":"2 Fungi Beasts","floor":10,"turns":4},{"damage":4,"enemies":"Exordium Wildlife","floor":11,"turns":4},{"damage":0,"enemies":"Looter","floor":14,"turns":3},{"damage":34,"enemies":"Slime Boss","floor":16,"turns":10},{"damage":6,"enemies":"3 Byrds","floor":18,"turns":6},{"damage":0,"enemies":"Chosen","floor":20,"turns":4},{"damage":2,"enemies":"Snecko","floor":21,"turns":4},{"damage":14,"enemies":"Shelled Parasite and Fungi","floor":22,"turns":5},{"damage":20,"enemies":"Book of Stabbing","floor":23,"turns":5},{"damage":5,"enemies":"Slavers","floor":25,"turns":4},{"damage":3,"enemies":"3 Cultists","floor":28,"turns":6},{"damage":61,"enemies":"Champ","floor":33,"turns":7}],"seed_played":"-1618162657947492464","potions_obtained":[{"floor":7,"key":"SteroidPotion"},{"floor":10,"key":"PowerPotion"},{"floor":18,"key":"Fire Potion"},{"floor":19,"key":"EntropicBrew"},{"floor":22,"key":"Energy Potion"},{"floor":28,"key":"SneckoOil"}],"is_trial":false,"path_per_floor":["M","M","?","$","?","R","M","E","T","M","M","R","?","M","R","B",null,"M","?","M","M","M","E","R","E","T","R","M","?","$","?","R","B"],"character_chosen":"IRONCLAD","items_purchased":["Battle Trance","Body Slam+1","Lantern","Secret Weapon+1"],"campfire_rested":0,"item_purchase_floors":[4,30,30,30],"current_hp_per_floor":[60,65,42,42,42,42,46,23,23,29,31,31,31,37,37,9,59,59,59,65,69,68,54,54,55,55,55,58,58,58,58,58,0],"gold":6,"neow_bonus":"TRANSFORM_CARD","is_prod":false,"is_daily":false,"chose_seed":false,"campfire_upgraded":6,"win_rate":0,"timestamp":1556564286,"path_taken":["M","M","?","$","?","R","M","E","T","M","?","R","?","M","R","BOSS","M","?","M","?","M","E","R","E","T","R","M","?","$","?","R","BOSS"],"build_version":"2019-01-23","purchased_purges":0,"victory":false,"max_hp_per_floor":[75,75,75,75,75,75,75,75,75,75,75,75,75,75,75,75,75,75,75,75,75,75,75,75,75,75,75,75,75,75,75,75,75],"card_choices":[{"not_picked":["Perfected Strike","Heavy Blade"],"picked":"Headbutt","floor":1},{"not_picked":["Infernal Blade","True Grit"],"picked":"Rage","floor":2},{"not_picked":["Whirlwind","True Grit"],"picked":"Shrug It Off","floor":7},{"not_picked":["Clothesline","Metallicize"],"picked":"Armaments","floor":8},{"not_picked":["Searing Blow","Body Slam"],"picked":"Disarm+1","floor":10},{"not_picked":["Clothesline","Perfected Strike"],"picked":"Double Tap+1","floor":11},{"not_picked":["Anger","Inflame"],"picked":"Shockwave+1","floor":14},{"not_picked":["Offering+1","Berserk"],"picked":"Exhume+1","floor":16},{"not_picked":["Rampage","Thunderclap","Perfected Strike"],"picked":"SKIP","floor":18},{"not_picked":["Reckless Charge+1","Clothesline","Sword Boomerang+1"],"picked":"SKIP","floor":20},{"not_picked":["Heavy Blade","Iron Wave","Whirlwind"],"picked":"SKIP","floor":21},{"not_picked":["Anger","Wild Strike"],"picked":"True Grit+1","floor":22},{"not_picked":["Battle Trance+1","Havoc+1"],"picked":"Power Through+1","floor":23},{"not_picked":["Barricade","Combust"],"picked":"Iron Wave+1","floor":25},{"not_picked":["Feel No Pain","Clash+1","Perfected Strike+1"],"picked":"SKIP","floor":28}],"player_experience":1260437,"relics_obtained":[{"floor":8,"key":"Blue Candle"},{"floor":9,"key":"Toxic Egg 2"},{"floor":23,"key":"Molten Egg 2"},{"floor":25,"key":"Bag of Marbles"},{"floor":26,"key":"Anchor"}],"event_choices":[{"damage_healed":0,"gold_gain":0,"player_choice":"Entered Light","damage_taken":23,"max_hp_gain":0,"max_hp_loss":0,"event_name":"Shining Light","floor":3,"gold_loss":0,"cards_upgraded":["Defend_R","Strike_R"]},{"damage_healed":0,"gold_gain":0,"player_choice":"Paid Gold","damage_taken":0,"relics_obtained":["Self Forming Clay"],"max_hp_gain":0,"max_hp_loss":0,"event_name":"WeMeetAgain","floor":5,"gold_loss":53},{"damage_healed":0,"gold_gain":50,"player_choice":"Pray","damage_taken":0,"max_hp_gain":0,"max_hp_loss":0,"event_name":"Golden Shrine","floor":13,"gold_loss":0},{"damage_healed":0,"gold_gain":0,"player_choice":"Bought 1 Potion","damage_taken":0,"max_hp_gain":0,"max_hp_loss":0,"event_name":"The Woman in Blue","floor":19,"gold_loss":0},{"damage_healed":0,"gold_gain":50,"player_choice":"Stole From Cult","damage_taken":0,"max_hp_gain":0,"max_hp_loss":0,"event_name":"Nest","floor":29,"gold_loss":0},{"damage_healed":0,"gold_gain":0,"player_choice":"Ignored","damage_taken":0,"max_hp_gain":0,"max_hp_loss":0,"event_name":"Ghosts","floor":31,"gold_loss":0}],"is_beta":false,"boss_relics":[{"not_picked":["Ectoplasm","Black Blood"],"picked":"Philosopher\u0027s Stone"}],"items_purged_floors":[],"is_endless":false,"potions_floor_spawned":[7,10,11,18,22,28],"killed_by":"Champ","ascension_level":17}