{"gold_per_floor":[111,4,22,34,46,46,71,89,89,89,151,151],"floor_reached":12,"playtime":308,"items_purged":[],"score":152,"play_id":"37f7dca3-36ef-4229-9d12-874b162fc3cb","local_time":"20190506182628","is_ascension_mode":true,"campfire_choices":[{"floor":6,"key":"REST"},{"data":"Perfected Strike","floor":10,"key":"SMITH"}],"neow_cost":"NONE","seed_source_timestamp":153342473567900,"circlet_count":0,"master_deck":["AscendersBane","Strike_R","Strike_R","Strike_R","Strike_R","Strike_R","Defend_R+1","Defend_R+1","Defend_R","Defend_R","Bash","Cleave","Perfected Strike+1","Thunderclap","Clothesline","Whirlwind","Ghostly Armor"],"relics":["Burning Blood","War Paint","WingedGreaves","Shuriken"],"potions_floor_usage":[7,12,12],"damage_taken":[{"damage":11,"enemies":"Cultist","floor":1,"turns":4},{"damage":15,"enemies":"Small Slimes","floor":3,"turns":4},{"damage":4,"enemies":"Jaw Worm","floor":4,"turns":4},{"damage":42,"enemies":"Exordium Thugs","floor":5,"turns":4},{"damage":6,"enemies":"Gremlin Nob","floor":7,"turns":3},{"damage":15,"enemies":"Red Slaver","floor":8,"turns":4},{"damage":24,"enemies":"Gremlin Nob","floor":11,"turns":4},{"damage":41,"enemies":"Lagavulin","floor":12,"turns":6}],"seed_played":"-3992468173037253881","potions_obtained":[{"floor":3,"key":"AttackPotion"},{"floor":8,"key":"Dexterity Potion"}],"is_trial":false,"path_per_floor":["M","$","M","M","M","R","E","M","T","R","?","E"],"character_chosen":"IRONCLAD","items_purchased":["Perfected Strike","SteroidPotion"],"campfire_rested":1,"item_purchase_floors":[2,2],"current_hp_per_floor":[70,70,61,63,27,51,51,42,42,42,24,0],"gold":151,"neow_bonus":"TEN_PERCENT_HP_BONUS","is_prod":false,"is_daily":false,"chose_seed":false,"campfire_upgraded":1,"win_rate":0,"timestamp":1557159988,"path_taken":["M","?","M","M","M","R","E","M","T","R","?","E"],"build_version":"2019-01-23","purchased_purges":0,"victory":false,"max_hp_per_floor":[82,82,82,82,82,82,82,82,82,82,82,82],"card_choices":[{"not_picked":["Pommel Strike","Fire Breathing"],"picked":"Cleave","floor":1},{"not_picked":["Cleave","Iron Wave"],"picked":"Thunderclap","floor":3},{"not_picked":["Pummel","Thunderclap","Rupture"],"picked":"SKIP","floor":4},{"not_picked":["Iron Wave","Sever Soul"],"picked":"Clothesline","floor":5},{"not_picked":["Heavy Blade","Warcry"],"picked":"Whirlwind","floor":7},{"not_picked":["Armaments","Berserk"],"picked":"Ghostly Armor","floor":8}],"player_experience":665476,"relics_obtained":[{"floor":7,"key":"War Paint"},{"floor":9,"key":"WingedGreaves"}],"event_choices":[{"damage_healed":0,"gold_gain":0,"player_choice":"Searched \u00272\u0027 times","damage_taken":0,"relics_obtained":["Shuriken"],"max_hp_gain":0,"max_hp_loss":0,"event_name":"Dead Adventurer","floor":11,"gold_loss":0}],"is_beta":false,"boss_relics":[],"items_purged_floors":[],"is_endless":false,"potions_floor_spawned":[3,5,8],"killed_by":"Lagavulin","ascension_level":18}