{"gold_per_floor":[109,109,122,141,141,175,205,240,311,311],"floor_reached":10,"playtime":301,"items_purged":[],"score":103,"play_id":"f887bbce-3995-4cb7-a986-c3c95571bd77","local_time":"20190115163135","is_ascension_mode":true,"campfire_choices":[{"floor":7,"key":"DIG"}],"neow_cost":"NONE","seed_source_timestamp":189875265576397,"circlet_count":0,"master_deck":["Strike_R","Strike_R","Strike_R","Strike_R","Strike_R","Defend_R","Defend_R","Defend_R","Defend_R","Bash","Twin Strike","Thunderclap","Intimidate+1","Flame Barrier","Fire Breathing","Havoc"],"relics":["Burning Blood","Shovel","Tiny Chest","Boot"],"potions_floor_usage":[2,6,8,8],"damage_taken":[{"damage":2,"enemies":"Small Slimes","floor":1,"turns":4},{"damage":1,"enemies":"Cultist","floor":3,"turns":3},{"damage":2,"enemies":"2 Louse","floor":4,"turns":2},{"damage":36,"enemies":"Gremlin Nob","floor":6,"turns":5},{"damage":43,"enemies":"Lagavulin","floor":8,"turns":6},{"damage":21,"enemies":"Exordium Wildlife","floor":10,"turns":4}],"seed_played":"8459411922433464387","potions_obtained":[{"floor":1,"key":"SkillPotion"},{"floor":2,"key":"Fruit Juice"},{"floor":2,"key":"Swift Potion"},{"floor":2,"key":"Block Potion"}],"is_trial":false,"path_per_floor":["M","?","M","M","?","E","R","E","T","M"],"character_chosen":"IRONCLAD","items_purchased":[],"campfire_rested":0,"item_purchase_floors":[],"current_hp_per_floor":[76,81,85,85,85,55,55,18,18,0],"gold":311,"neow_bonus":"THREE_CARDS","is_prod":false,"is_daily":false,"chose_seed":false,"campfire_upgraded":0,"win_rate":0,"timestamp":1547580695,"path_taken":["M","?","M","?","?","E","R","E","T","M"],"build_version":"2019-01-10","purchased_purges":0,"victory":false,"max_hp_per_floor":[80,85,85,85,85,85,85,85,85,85],"card_choices":[{"not_picked":["Shrug It Off","Burning Pact"],"picked":"Twin Strike","floor":0},{"not_picked":["Uppercut","Heavy Blade"],"picked":"Thunderclap","floor":1},{"not_picked":["Clothesline","Hemokinesis"],"picked":"Intimidate","floor":3},{"not_picked":["Whirlwind","True Grit"],"picked":"Flame Barrier","floor":4},{"not_picked":["Perfected Strike","Barricade"],"picked":"Fire Breathing","floor":6},{"not_picked":["Heavy Blade","Sword Boomerang"],"picked":"Havoc","floor":8}],"player_experience":633187,"relics_obtained":[{"floor":6,"key":"Shovel"},{"floor":7,"key":"Tiny Chest"},{"floor":8,"key":"Boot"}],"event_choices":[{"damage_healed":0,"gold_gain":0,"player_choice":"Got Potions","damage_taken":0,"max_hp_gain":0,"max_hp_loss":0,"event_name":"Lab","floor":2,"gold_loss":0},{"damage_healed":0,"gold_gain":0,"player_choice":"Grow","damage_taken":0,"max_hp_gain":0,"max_hp_loss":0,"event_name":"Living Wall","floor":5,"gold_loss":0,"cards_upgraded":["Intimidate"]}],"is_beta":false,"boss_relics":[],"items_purged_floors":[],"is_endless":false,"potions_floor_spawned":[1,4],"killed_by":"Exordium Wildlife","ascension_level":7}