{"gold_per_floor":[112,112,35,110,35,35,99,99,99,133,145,160,187,202,202,202],"floor_reached":16,"playtime":388,"items_purged":[],"score":218,"play_id":"f488b362-6f3d-456b-bf65-e0014185708c","local_time":"20190425003728","is_ascension_mode":true,"campfire_choices":[{"data":"Combust","floor":6,"key":"SMITH"},{"floor":8,"key":"REST"},{"floor":15,"key":"REST"}],"neow_cost":"NONE","seed_source_timestamp":1162236680481772,"circlet_count":0,"master_deck":["AscendersBane","Strike_R","Strike_R","Strike_R","Strike_R","Strike_R","Defend_R","Defend_R","Defend_R","Defend_R","Bash+1","Combust+1","Hemokinesis","Combust+1","Armaments","Metallicize"],"relics":["Burning Blood","Tiny Chest","Singing Bowl","Gambling Chip","Juzu Bracelet"],"potions_floor_usage":[16,16],"damage_taken":[{"damage":7,"enemies":"Cultist","floor":1,"turns":4},{"damage":28,"enemies":"3 Sentries","floor":7,"turns":5},{"damage":29,"enemies":"Gremlin Nob","floor":10,"turns":4},{"damage":1,"enemies":"2 Louse","floor":11,"turns":2},{"damage":12,"enemies":"Jaw Worm","floor":12,"turns":2},{"damage":14,"enemies":"3 Sentries","floor":13,"turns":3},{"damage":25,"enemies":"Exordium Thugs","floor":14,"turns":4},{"damage":37,"enemies":"Slime Boss","floor":16,"turns":5}],"seed_played":"-5077950559224170493","potions_obtained":[{"floor":7,"key":"EntropicBrew"},{"floor":10,"key":"Ancient Potion"},{"floor":14,"key":"Dexterity Potion"}],"is_trial":false,"path_per_floor":["M","?","$","?","$","R","E","R","T","E","M","M","E","M","R","B"],"character_chosen":"IRONCLAD","items_purchased":["Hemokinesis","Combust"],"campfire_rested":2,"item_purchase_floors":[3,5],"current_hp_per_floor":[67,67,67,56,56,56,34,56,56,35,42,38,30,13,37,0],"gold":202,"neow_bonus":"UPGRADE_CARD","is_prod":false,"is_daily":false,"chose_seed":false,"campfire_upgraded":1,"win_rate":0,"timestamp":1556163448,"path_taken":["M","?","?","?","?","R","E","R","T","E","M","M","E","M","R","BOSS"],"build_version":"2019-01-23","purchased_purges":0,"victory":false,"max_hp_per_floor":[75,75,75,75,75,75,75,75,75,77,79,81,81,83,83,83],"card_choices":[{"not_picked":["Heavy Blade","Clash"],"picked":"Combust","floor":1},{"not_picked":["Entrench","Perfected Strike"],"picked":"Armaments","floor":7},{"not_picked":["Exhume","Clothesline","Inflame"],"picked":"Singing Bowl","floor":10},{"not_picked":["Heavy Blade","True Grit","Clash"],"picked":"Singing Bowl","floor":11},{"not_picked":["Iron Wave","Flex","Thunderclap"],"picked":"Singing Bowl","floor":12},{"not_picked":["Ghostly Armor","Heavy Blade"],"picked":"Metallicize","floor":13},{"not_picked":["Cleave","Sentinel","Flex"],"picked":"Singing Bowl","floor":14}],"player_experience":1216004,"relics_obtained":[{"floor":7,"key":"Tiny Chest"},{"floor":9,"key":"Singing Bowl"},{"floor":10,"key":"Gambling Chip"},{"floor":13,"key":"Juzu Bracelet"}],"event_choices":[{"damage_healed":0,"gold_gain":0,"player_choice":"Upgraded","damage_taken":0,"max_hp_gain":0,"max_hp_loss":0,"event_name":"Upgrade Shrine","floor":2,"gold_loss":0,"cards_upgraded":["Combust"]},{"damage_healed":0,"gold_gain":75,"player_choice":"Gather Gold","damage_taken":11,"max_hp_gain":0,"max_hp_loss":0,"event_name":"World of Goop","floor":4,"gold_loss":0}],"is_beta":false,"boss_relics":[],"items_purged_floors":[],"is_endless":false,"potions_floor_spawned":[7,10,14],"killed_by":"Slime Boss","ascension_level":17}