{"gold_per_floor":[115,134,149,149,74,99,99,128,128,193,226,243,274,292,292,391,391,401,401,401,411,424,459,459,71,71,105,105,130,149,159,159,260,260,279,279,324,324,324,353,47,79,79,107,119,146,158,170,182,194,206,218,13,46,46],"floor_reached":56,"playtime":2841,"items_purged":["Regret","Twin Strike"],"score":1632,"play_id":"bb2616f1-f3c0-4e61-b956-7d78d93a36b0","local_time":"20190308201515","is_ascension_mode":true,"campfire_choices":[{"data":"Inflame","floor":15,"key":"SMITH"},{"data":"Inflame","floor":24,"key":"SMITH"},{"data":"Offering","floor":28,"key":"SMITH"},{"data":"Armaments","floor":32,"key":"SMITH"},{"floor":45,"key":"RECALL"},{"data":"Shockwave","floor":47,"key":"SMITH"},{"data":"Demon Form","floor":49,"key":"SMITH"},{"data":"Feel No Pain","floor":52,"key":"SMITH"}],"neow_cost":"TEN_PERCENT_HP_LOSS","seed_source_timestamp":106224412702849,"circlet_count":0,"master_deck":["Defend_R","Defend_R","Defend_R","Bash","Immolate","Thunderclap","Armaments+1","Inflame+1","Offering+1","Iron Wave+1","Dropkick+1","Inflame+1","Havoc","Limit Break","Bite+1","Bite+1","Bite+1","Bite+1","Bite+1","Demon Form+1","Thunderclap+1","Feel No Pain+1","Shockwave+1","Fiend Fire+1","Headbutt+1","Iron Wave+1","Iron Wave+1","True Grit+1","Clumsy","Clothesline+1","Madness","Mayhem"],"relics":["Burning Blood","Mummified Hand","Incense Burner","Vajra","Molten Egg 2","Gambling Chip","Blue Candle","Art of War","Bottled Lightning","Busted Crown","Singing Bowl","Paper Frog","Pear","Centennial Puzzle","The Courier","Cursed Key","Nunchaku","Self Forming Clay","Thread and Needle","Meat on the Bone","MawBank","Dead Branch"],"potions_floor_usage":[11,23,33,40,50,50,54,55,55,55],"damage_taken":[{"damage":5,"enemies":"2 Louse","floor":1,"turns":2},{"damage":2,"enemies":"Small Slimes","floor":2,"turns":3},{"damage":0,"enemies":"Cultist","floor":3,"turns":2},{"damage":26,"enemies":"Lagavulin","floor":6,"turns":5},{"damage":9,"enemies":"3 Sentries","floor":8,"turns":4},{"damage":6,"enemies":"3 Sentries","floor":10,"turns":2},{"damage":6,"enemies":"Gremlin Nob","floor":11,"turns":2},{"damage":6,"enemies":"Looter","floor":12,"turns":1},{"damage":6,"enemies":"Lagavulin","floor":13,"turns":3},{"damage":6,"enemies":"Large Slime","floor":14,"turns":2},{"damage":6,"enemies":"Slime Boss","floor":16,"turns":4},{"damage":6,"enemies":"Shell Parasite","floor":18,"turns":1},{"damage":6,"enemies":"Chosen","floor":21,"turns":3},{"damage":6,"enemies":"3 Cultists","floor":22,"turns":2},{"damage":15,"enemies":"Gremlin Leader","floor":23,"turns":5},{"damage":1,"enemies":"Slavers","floor":27,"turns":3},{"damage":6,"enemies":"Book of Stabbing","floor":29,"turns":2},{"damage":6,"enemies":"Snake Plant","floor":30,"turns":2},{"damage":16,"enemies":"Centurion and Healer","floor":31,"turns":2},{"damage":9,"enemies":"Collector","floor":33,"turns":6},{"damage":0,"enemies":"3 Darklings","floor":35,"turns":1},{"damage":6,"enemies":"2 Orb Walkers","floor":37,"turns":1},{"damage":11,"enemies":"Nemesis","floor":40,"turns":3},{"damage":6,"enemies":"Giant Head","floor":42,"turns":3},{"damage":6,"enemies":"Nemesis","floor":44,"turns":3},{"damage":6,"enemies":"3 Shapes","floor":46,"turns":1},{"damage":8,"enemies":"Time Eater","floor":50,"turns":6},{"damage":50,"enemies":"Shield and Spear","floor":54,"turns":4},{"damage":12,"enemies":"The Heart","floor":55,"turns":4}],"seed_played":"857767252433243606","potions_obtained":[{"floor":3,"key":"Dexterity Potion"},{"floor":10,"key":"Fire Potion"},{"floor":11,"key":"EssenceOfSteel"},{"floor":12,"key":"SpeedPotion"},{"floor":16,"key":"Swift Potion"},{"floor":29,"key":"Ancient Potion"},{"floor":35,"key":"SneckoOil"},{"floor":42,"key":"SkillPotion"},{"floor":54,"key":"SpeedPotion"}],"is_trial":false,"path_per_floor":["M","M","M","?","$","E","?","E","T","?","E","M","E","M","R","B",null,"M","?","?","M","M","E","R","$","T","E","R","E","M","M","R","B",null,"M","?","?","?","?","E","$","E","T","E","R","M","R","?","R","B",null,"R","$","E","B",null],"character_chosen":"IRONCLAD","items_purchased":["Shockwave","Paper Frog","Thread and Needle","Iron Wave+1","Iron Wave+1","Mayhem","PowerPotion","Block Potion"],"campfire_rested":0,"item_purchase_floors":[25,25,41,41,41,53,53,53],"current_hp_per_floor":[72,72,72,72,72,52,45,42,42,42,42,42,42,42,42,42,72,72,50,50,50,50,50,50,50,60,62,62,64,66,64,64,68,68,68,68,70,66,66,78,78,78,78,80,80,80,80,80,80,80,80,80,80,53,56],"gold":46,"neow_bonus":"THREE_RARE_CARDS","is_prod":false,"is_daily":false,"chose_seed":false,"campfire_upgraded":7,"win_rate":0,"timestamp":1552094115,"path_taken":["M","M","M","?","$","E","?","E","T","?","E","M","E","M","R","BOSS","M","?","?","M","M","E","R","$","T","E","R","E","?","M","R","BOSS","M","?","?","?","?","E","$","E","T","E","R","M","R","?","R","BOSS","R","$","E","BOSS"],"build_version":"2019-02-06","purchased_purges":2,"victory":true,"max_hp_per_floor":[72,72,72,72,72,72,72,72,72,72,72,72,72,72,72,72,72,72,50,50,50,50,50,50,50,60,62,62,64,66,68,68,68,68,68,68,70,76,76,78,78,78,78,80,80,80,80,80,80,80,80,80,80,82,82],"card_choices":[{"not_picked":["Impervious","Bludgeon"],"picked":"Immolate","floor":0},{"not_picked":["Searing Blow","Warcry"],"picked":"Twin Strike","floor":1},{"not_picked":["Sword Boomerang","Combust"],"picked":"Thunderclap","floor":2},{"not_picked":["Twin Strike","Rampage"],"picked":"Armaments","floor":3},{"not_picked":["Iron Wave","Headbutt"],"picked":"Inflame","floor":6},{"not_picked":["Twin Strike","Rage"],"picked":"Offering","floor":8},{"not_picked":["Second Wind","Power Through"],"picked":"Iron Wave+1","floor":11},{"not_picked":["Bloodletting","Wild Strike+1"],"picked":"Dropkick+1","floor":12},{"not_picked":["Wild Strike+1","Seeing Red"],"picked":"Inflame","floor":13},{"not_picked":["Second Wind","Twin Strike+1"],"picked":"Havoc","floor":14},{"not_picked":["Barricade","Demon Form"],"picked":"Limit Break","floor":16},{"not_picked":["Wild Strike+1"],"picked":"SKIP","floor":18},{"not_picked":["Infernal Blade+1"],"picked":"SKIP","floor":21},{"not_picked":[],"picked":"Thunderclap+1","floor":22},{"not_picked":[],"picked":"Feel No Pain","floor":23},{"not_picked":["Hemokinesis+1"],"picked":"Singing Bowl","floor":27},{"not_picked":["Twin Strike+1"],"picked":"Singing Bowl","floor":29},{"not_picked":["Feel No Pain"],"picked":"Singing Bowl","floor":30},{"not_picked":["Shockwave"],"picked":"Singing Bowl","floor":31},{"not_picked":[],"picked":"Fiend Fire+1","floor":33},{"not_picked":[],"picked":"Headbutt+1","floor":35},{"not_picked":["Body Slam+1"],"picked":"Singing Bowl","floor":37},{"not_picked":["Apotheosis"],"picked":"Singing Bowl","floor":38},{"not_picked":["Secret Weapon"],"picked":"Singing Bowl","floor":38},{"not_picked":["Dramatic Entrance+1"],"picked":"Singing Bowl","floor":38},{"not_picked":["Clothesline+1"],"picked":"Singing Bowl","floor":40},{"not_picked":[],"picked":"True Grit+1","floor":42},{"not_picked":["Fiend Fire+1"],"picked":"Singing Bowl","floor":44},{"not_picked":[],"picked":"Clothesline+1","floor":46},{"not_picked":["Thunderclap+1"],"picked":"Singing Bowl","floor":54}],"player_experience":4863969,"relics_obtained":[{"floor":6,"key":"Incense Burner"},{"floor":8,"key":"Molten Egg 2"},{"floor":9,"key":"Gambling Chip"},{"floor":11,"key":"Art of War"},{"floor":13,"key":"Bottled Lightning"},{"floor":23,"key":"Singing Bowl"},{"floor":26,"key":"Pear"},{"floor":27,"key":"Centennial Puzzle"},{"floor":29,"key":"The Courier"},{"floor":37,"key":"Nunchaku"},{"floor":40,"key":"Self Forming Clay"},{"floor":42,"key":"Meat on the Bone"},{"floor":44,"key":"MawBank"},{"floor":54,"key":"Dead Branch"}],"event_choices":[{"damage_healed":0,"gold_gain":0,"player_choice":"Box","damage_taken":0,"relics_obtained":["Mummified Hand"],"max_hp_gain":0,"max_hp_loss":0,"event_name":"Big Fish","floor":4,"gold_loss":0,"cards_obtained":["Regret"]},{"damage_healed":0,"gold_gain":0,"player_choice":"Success","damage_taken":7,"relics_obtained":["Vajra"],"max_hp_gain":0,"max_hp_loss":0,"event_name":"Scrap Ooze","floor":7,"gold_loss":0},{"damage_healed":0,"gold_gain":0,"player_choice":"Searched \u00272\u0027 times","damage_taken":0,"relics_obtained":["Blue Candle"],"max_hp_gain":0,"max_hp_loss":0,"event_name":"Dead Adventurer","floor":10,"gold_loss":0},{"damage_healed":0,"gold_gain":0,"player_choice":"Became a vampire","damage_taken":0,"max_hp_gain":0,"max_hp_loss":22,"event_name":"Vampires","floor":19,"gold_loss":0,"cards_obtained":["Bite","Bite","Bite","Bite","Bite"]},{"damage_healed":0,"gold_gain":0,"player_choice":"2 cards matched","damage_taken":0,"max_hp_gain":0,"max_hp_loss":0,"event_name":"Match and Keep!","floor":20,"gold_loss":0,"cards_obtained":["Demon Form","Panacea"]},{"cards_removed":["Defend_R"],"damage_healed":0,"gold_gain":0,"player_choice":"Removed Skill","damage_taken":0,"max_hp_gain":0,"max_hp_loss":0,"event_name":"Falling","floor":36,"gold_loss":0},{"damage_healed":0,"gold_gain":0,"player_choice":"Fight","damage_taken":0,"max_hp_gain":0,"max_hp_loss":0,"event_name":"Mysterious Sphere","floor":37,"gold_loss":0},{"damage_healed":0,"gold_gain":0,"player_choice":"Memory 3","damage_taken":10,"max_hp_gain":0,"max_hp_loss":0,"event_name":"SensoryStone","floor":38,"gold_loss":0},{"damage_healed":0,"gold_gain":0,"player_choice":"Ignored","damage_taken":0,"max_hp_gain":0,"max_hp_loss":0,"event_name":"Tomb of Lord Red Mask","floor":39,"gold_loss":0},{"damage_healed":0,"gold_gain":0,"cards_transformed":["Panacea"],"player_choice":"Transformed","damage_taken":0,"max_hp_gain":0,"max_hp_loss":0,"event_name":"Transmorgrifier","floor":48,"gold_loss":0,"cards_obtained":["Madness"]}],"is_beta":true,"boss_relics":[{"not_picked":["Ectoplasm","Black Star"],"picked":"Busted Crown"},{"not_picked":["Runic Dome","Mark of Pain"],"picked":"Cursed Key"}],"items_purged_floors":[5,25],"is_endless":false,"potions_floor_spawned":[3,10,11,12,14,16,18,29,31,35,42,54],"ascension_level":1}