{"gold_per_floor":[219,219,48,62,81,81,110,60,141,170,170,183,213,233,233,308,308,282,282,332,359,376,405,405,405],"floor_reached":25,"playtime":1224,"items_purged":["Turbo"],"score":478,"play_id":"12b47bc3-d3c9-411d-b8a2-8b01fd2c8a02","local_time":"20181223112825","is_ascension_mode":true,"campfire_choices":[{"data":"Zap","floor":6.0,"key":"SMITH"},{"floor":11.0,"key":"REST"},{"data":"Loop","floor":15.0,"key":"SMITH"},{"floor":24,"key":"REST"}],"neow_cost":"NONE","seed_source_timestamp":0,"circlet_count":0,"master_deck":["AscendersBane","Strike_B","Defend_B","Defend_B","Defend_B","Zap+1","Dualcast","Leap","Self Repair","Electrodynamics","Cold Snap","Rebound","Coolheaded","Ball Lightning","Loop+1","Core Surge","Turbo+1","Beam Cell+1","Capacitor+1","Auto Shields"],"special_seed":0,"relics":["Cracked Core","Anchor","Gremlin Horn","Potion Belt","Singing Bowl","Astrolabe","PreservedInsect","Shuriken"],"potions_floor_usage":[23,23],"damage_taken":[{"damage":4.0,"enemies":"Small Slimes","floor":1.0,"turns":3.0},{"damage":0.0,"enemies":"Cultist","floor":4.0,"turns":3.0},{"damage":7.0,"enemies":"Jaw Worm","floor":5.0,"turns":4.0},{"damage":31.0,"enemies":"Gremlin Nob","floor":7.0,"turns":4.0},{"damage":34.0,"enemies":"Lagavulin","floor":10.0,"turns":10.0},{"damage":5.0,"enemies":"Large Slime","floor":12.0,"turns":4.0},{"damage":18.0,"enemies":"3 Sentries","floor":13.0,"turns":4.0},{"damage":0.0,"enemies":"Blue Slaver","floor":14.0,"turns":3.0},{"damage":12.0,"enemies":"The Guardian","floor":16.0,"turns":14.0},{"damage":20,"enemies":"2 Thieves","floor":18,"turns":4},{"damage":8,"enemies":"Spheric Guardian","floor":22,"turns":5},{"damage":24,"enemies":"Book of Stabbing","floor":23,"turns":4},{"damage":38,"enemies":"Gremlin Leader","floor":25,"turns":2}],"seed_played":"-1684199423748734235","potions_obtained":[{"floor":7.0,"key":"SpeedPotion"},{"floor":10.0,"key":"FocusPotion"},{"floor":12.0,"key":"Explosive Potion"},{"floor":16.0,"key":"SpeedPotion"},{"floor":23,"key":"Ancient Potion"}],"is_trial":false,"path_per_floor":["M","?","$","M","M","R","E","$","T","E","R","M","E","M","R","B",null,"M","?","?","T","M","E","R","E"],"character_chosen":"DEFECT","items_purchased":["Self Repair","Weak Potion","Cold Snap"],"campfire_rested":2,"item_purchase_floors":[3,3,8],"current_hp_per_floor":[60,60,60,67,67,67,43,43,43,16,37,32,21,28,28,23,59,48,27,27,27,26,11,35,0],"gold":405,"neow_bonus":"HUNDRED_GOLD","is_prod":false,"is_daily":false,"chose_seed":false,"campfire_upgraded":2,"win_rate":0,"timestamp":1545582505,"path_taken":["M","?","$","?","M","R","E","$","T","E","R","M","E","?","R","BOSS","M","?","?","?","M","E","R","E"],"build_version":"2018-12-20","purchased_purges":1,"victory":false,"max_hp_per_floor":[71,71,71,71,71,71,71,71,71,71,71,71,71,71,71,71,71,73,78,78,78,78,80,80,80],"card_choices":[{"not_picked":["Beam Cell","Turbo"],"picked":"Leap","floor":1.0},{"not_picked":["Auto Shields","Sweeping Beam"],"picked":"Electrodynamics","floor":4.0},{"not_picked":["Heatsinks","Skim","Streamline"],"picked":"SKIP","floor":5.0},{"not_picked":["Scrape","Chaos","Redo"],"picked":"SKIP","floor":7.0},{"not_picked":["Conserve Battery","Coolheaded"],"picked":"Rebound","floor":10.0},{"not_picked":["Aggregate","Stack"],"picked":"Coolheaded","floor":12.0},{"not_picked":["Barrage","Conserve Battery"],"picked":"Ball Lightning","floor":13.0},{"not_picked":["Sweeping Beam","Redo"],"picked":"Loop","floor":14.0},{"not_picked":["Hyperbeam","Machine Learning"],"picked":"Core Surge","floor":16.0},{"not_picked":["Stack","Hello World","Sweeping Beam"],"picked":"Singing Bowl","floor":18},{"not_picked":["Turbo+1","Coolheaded"],"picked":"Auto Shields","floor":22},{"not_picked":["Barrage","Double Energy","Coolheaded"],"picked":"Singing Bowl","floor":23}],"player_experience":1073405,"relics_obtained":[{"floor":7.0,"key":"Anchor"},{"floor":9.0,"key":"Gremlin Horn"},{"floor":10.0,"key":"Potion Belt"},{"floor":13.0,"key":"Singing Bowl"},{"floor":21,"key":"PreservedInsect"},{"floor":23,"key":"Shuriken"}],"event_choices":[{"damage_healed":0.0,"max_hp_gain":0.0,"max_hp_loss":0.0,"gold_gain":0.0,"cards_transformed":["Defend_B"],"event_name":"Transmorgrifier","player_choice":"Transformed","floor":2.0,"gold_loss":0.0,"damage_taken":0.0,"cards_obtained":["Turbo"]},{"damage_healed":0,"gold_gain":0,"player_choice":"Shed Blood","damage_taken":26,"max_hp_gain":5,"max_hp_loss":0,"event_name":"Forgotten Altar","floor":19,"gold_loss":0},{"damage_healed":0,"gold_gain":50,"player_choice":"Stole From Cult","damage_taken":0,"max_hp_gain":0,"max_hp_loss":0,"event_name":"Nest","floor":20,"gold_loss":0}],"is_beta":true,"boss_relics":[{"not_picked":["Ectoplasm","Orrery"],"picked":"Astrolabe"}],"items_purged_floors":[3],"is_endless":false,"potions_floor_spawned":[7,10,12,16,23],"killed_by":"Gremlin Leader","ascension_level":20}