{"gold_per_floor":[119,119,119,130,148,148,19,53,78,93,48,65,81,115,115,214,214,232,232,244,244,264,264,276,308,333,333,182,182,195,19,19,119,119,137,153,163,73,92,119,32,58,70,97,109,149,171,202,214,226,238,250,137,166,166],"floor_reached":55,"playtime":2857,"items_purged":["Strike_R","Strike_R","Twin Strike"],"score":791,"play_id":"d7824517-c31e-4006-a3b9-85f1e091bbca","local_time":"20190226212839","is_ascension_mode":false,"campfire_choices":[{"data":"True Grit","floor":6,"key":"SMITH"},{"data":"Flex","floor":15,"key":"SMITH"},{"data":"Fiend Fire","floor":23,"key":"SMITH"},{"data":"Bash","floor":27,"key":"SMITH"},{"data":"RitualDagger","floor":29,"key":"SMITH"},{"data":"Dual Wield","floor":32,"key":"SMITH"},{"floor":45,"key":"REST"},{"floor":49,"key":"RECALL"},{"data":"Limit Break","floor":52,"key":"SMITH"}],"neow_cost":"TEN_PERCENT_HP_LOSS","seed_source_timestamp":792042522362155,"circlet_count":0,"master_deck":["Bash+1","Cleave","Rupture+1","True Grit+1","Clothesline","Feel No Pain","Shrug It Off","Flex+1","Fiend Fire+1","Flame Barrier","RitualDagger+1","Twin Strike+1","Dual Wield+1","Purity","Limit Break+1","Ghostly Armor","Juggernaut","Exhume","Burning Pact","Combust","Seeing Red","Warcry+1","Panacea","Metallicize+1"],"relics":["Burning Blood","Pocketwatch","Ancient Tea Set","Strawberry","PreservedInsect","Art of War","Busted Crown","Oddly Smooth Stone","Pen Nib","Pandora\u0027s Box","Turnip","MawBank","Darkstone Periapt","Centennial Puzzle"],"potions_floor_usage":[10,18,24,33,33,39,44,47,50,50,50,50,55],"damage_taken":[{"damage":3,"enemies":"Small Slimes","floor":1,"turns":3},{"damage":6,"enemies":"2 Louse","floor":4,"turns":3},{"damage":0,"enemies":"Cultist","floor":5,"turns":2},{"damage":30,"enemies":"Lagavulin","floor":8,"turns":8},{"damage":0,"enemies":"Gremlin Gang","floor":10,"turns":4},{"damage":16,"enemies":"Lots of Slimes","floor":12,"turns":3},{"damage":7,"enemies":"2 Fungi Beasts","floor":13,"turns":3},{"damage":4,"enemies":"Gremlin Nob","floor":14,"turns":3},{"damage":25,"enemies":"The Guardian","floor":16,"turns":15},{"damage":7,"enemies":"2 Thieves","floor":18,"turns":3},{"damage":5,"enemies":"Shell Parasite","floor":20,"turns":4},{"damage":13,"enemies":"Cultist and Chosen","floor":22,"turns":6},{"damage":13,"enemies":"Shelled Parasite and Fungi","floor":24,"turns":3},{"damage":4,"enemies":"Gremlin Leader","floor":25,"turns":3},{"damage":8,"enemies":"Centurion and Healer","floor":30,"turns":6},{"damage":36,"enemies":"Champ","floor":33,"turns":8},{"damage":15,"enemies":"Orb Walker","floor":35,"turns":2},{"damage":7,"enemies":"3 Shapes","floor":36,"turns":3},{"damage":6,"enemies":"Spire Growth","floor":37,"turns":4},{"damage":6,"enemies":"Sphere and 2 Shapes","floor":39,"turns":5},{"damage":41,"enemies":"Reptomancer","floor":40,"turns":4},{"damage":9,"enemies":"Nemesis","floor":42,"turns":5},{"damage":1,"enemies":"Maw","floor":44,"turns":5},{"damage":0,"enemies":"Giant Head","floor":46,"turns":4},{"damage":13,"enemies":"Writhing Mass","floor":47,"turns":4},{"damage":0,"enemies":"Transient","floor":48,"turns":5},{"damage":47,"enemies":"Awakened One","floor":50,"turns":10},{"damage":68,"enemies":"Shield and Spear","floor":54,"turns":9},{"damage":36,"enemies":"The Heart","floor":55,"turns":3}],"seed_played":"3260782305537545570","potions_obtained":[{"floor":8,"key":"SkillPotion"},{"floor":14,"key":"Weak Potion"},{"floor":16,"key":"SkillPotion"},{"floor":20,"key":"SmokeBomb"},{"floor":24,"key":"Ancient Potion"},{"floor":36,"key":"Explosive Potion"},{"floor":39,"key":"AttackPotion"},{"floor":40,"key":"Dexterity Potion"},{"floor":42,"key":"Swift Potion"},{"floor":46,"key":"EssenceOfSteel"},{"floor":47,"key":"EntropicBrew"}],"is_trial":false,"path_per_floor":["M","?","?","M","M","R","$","E","T","M","$","M","M","E","R","B",null,"M","?","M","?","M","R","M","E","T","R","$","R","M","$","R","B",null,"M","M","M","?","M","E","$","E","T","M","R","E","M","M","R","B",null,"R","$","E","B"],"character_chosen":"IRONCLAD","items_purchased":["Clothesline","Shrug It Off","SteroidPotion","Dual Wield","Purity","Panacea"],"campfire_rested":1,"item_purchase_floors":[7,11,28,31,31,41],"current_hp_per_floor":[72,72,72,72,72,72,72,55,55,61,61,51,50,52,52,33,79,78,78,79,73,66,66,59,61,61,61,61,61,59,59,59,29,79,70,69,69,69,69,34,34,31,31,36,59,65,58,64,64,23,79,79,79,17,0],"gold":166,"neow_bonus":"ONE_RARE_RELIC","is_prod":false,"is_daily":false,"chose_seed":false,"campfire_upgraded":7,"win_rate":0,"timestamp":1551216519,"path_taken":["M","?","?","?","M","R","$","E","T","?","?","M","M","E","R","BOSS","M","?","M","?","M","R","M","E","T","R","$","R","M","?","R","BOSS","M","M","?","?","?","E","$","E","T","M","R","E","M","?","R","BOSS","R","$","E","BOSS"],"build_version":"2019-02-06","purchased_purges":3,"victory":false,"max_hp_per_floor":[72,72,72,72,72,72,72,79,79,79,79,79,79,79,79,79,79,79,79,79,79,79,79,79,79,79,79,79,79,79,79,79,79,79,79,79,79,79,79,79,79,79,79,79,79,79,79,79,79,79,79,79,79,79,79],"card_choices":[{"not_picked":["Thunderclap","Shrug It Off"],"picked":"Cleave","floor":1},{"not_picked":["Wild Strike","Perfected Strike"],"picked":"Twin Strike","floor":4},{"not_picked":["Heavy Blade","Clash"],"picked":"True Grit","floor":5},{"not_picked":["Pommel Strike","Sword Boomerang"],"picked":"Feel No Pain","floor":8},{"not_picked":["Corruption","True Grit","Cleave"],"picked":"SKIP","floor":10},{"not_picked":["Sever Soul","Sword Boomerang","Body Slam"],"picked":"SKIP","floor":12},{"not_picked":["Havoc","Bludgeon","Anger"],"picked":"SKIP","floor":13},{"not_picked":["Seeing Red","Intimidate"],"picked":"Flex","floor":14},{"not_picked":["Immolate","Bludgeon"],"picked":"Fiend Fire","floor":16},{"not_picked":[],"picked":"Flame Barrier","floor":18},{"not_picked":["True Grit"],"picked":"SKIP","floor":20},{"not_picked":["Pummel"],"picked":"SKIP","floor":22},{"not_picked":["Body Slam"],"picked":"SKIP","floor":24},{"not_picked":["Clash"],"picked":"SKIP","floor":25},{"not_picked":[],"picked":"Twin Strike+1","floor":30},{"not_picked":[],"picked":"Limit Break","floor":33},{"not_picked":[],"picked":"Warcry+1","floor":35},{"not_picked":["Sentinel+1"],"picked":"SKIP","floor":36},{"not_picked":["Warcry+1"],"picked":"SKIP","floor":37},{"not_picked":["Infernal Blade"],"picked":"SKIP","floor":39},{"not_picked":["Immolate"],"picked":"SKIP","floor":40},{"not_picked":[],"picked":"Metallicize+1","floor":42},{"not_picked":["Blood for Blood+1"],"picked":"SKIP","floor":44},{"not_picked":["Blood for Blood+1"],"picked":"SKIP","floor":44},{"not_picked":["Inflame+1"],"picked":"SKIP","floor":46},{"not_picked":["Burning Pact"],"picked":"SKIP","floor":47},{"not_picked":["Clash"],"picked":"SKIP","floor":48},{"not_picked":["Sword Boomerang"],"picked":"SKIP","floor":54}],"player_experience":967259,"relics_obtained":[{"floor":8,"key":"Strawberry"},{"floor":9,"key":"PreservedInsect"},{"floor":14,"key":"Art of War"},{"floor":25,"key":"Oddly Smooth Stone"},{"floor":26,"key":"Pen Nib"},{"floor":40,"key":"Turnip"},{"floor":42,"key":"MawBank"},{"floor":46,"key":"Darkstone Periapt"},{"floor":54,"key":"Centennial Puzzle"}],"event_choices":[{"damage_healed":0,"gold_gain":0,"player_choice":"Box","damage_taken":0,"relics_obtained":["Ancient Tea Set"],"max_hp_gain":0,"max_hp_loss":0,"event_name":"Big Fish","floor":2,"gold_loss":0,"cards_obtained":["Regret"]},{"cards_removed":["Regret"],"damage_healed":0,"gold_gain":0,"player_choice":"Took Card","damage_taken":0,"max_hp_gain":0,"max_hp_loss":0,"event_name":"NoteForYourself","floor":3,"gold_loss":0,"cards_obtained":["Rupture"]},{"damage_healed":0,"gold_gain":0,"player_choice":"Ignored","damage_taken":0,"max_hp_gain":0,"max_hp_loss":0,"event_name":"The Mausoleum","floor":19,"gold_loss":0},{"damage_healed":0,"gold_gain":0,"player_choice":"Joined the Cult","damage_taken":6,"max_hp_gain":0,"max_hp_loss":0,"event_name":"Nest","floor":21,"gold_loss":0,"cards_obtained":["RitualDagger"]},{"cards_removed":["Fiend Fire"],"damage_healed":0,"gold_gain":0,"player_choice":"Upgrade and Remove","damage_taken":0,"max_hp_gain":0,"max_hp_loss":0,"event_name":"Designer","floor":38,"gold_loss":90,"cards_upgraded":["Rupture"]}],"is_beta":true,"boss_relics":[{"not_picked":["Sozu","Lizard Tail"],"picked":"Busted Crown"},{"not_picked":["Tiny House","Coffee Dripper"],"picked":"Pandora\u0027s Box"}],"items_purged_floors":[7,28,53],"is_endless":false,"potions_floor_spawned":[8,14,16,20,24,36,39,40,42,46,47],"killed_by":"The Heart","ascension_level":0}