{"gold_per_floor":[109,109,181,181,34,64,64,96,120,130,148,174,191,171,171,171],"floor_reached":16,"playtime":427,"items_purged":[],"score":227,"play_id":"702eb345-5c90-4641-b7c0-d4668ee6469a","local_time":"20181223015750","is_ascension_mode":true,"campfire_choices":[{"data":"Dagger Spray","floor":7,"key":"SMITH"},{"floor":15,"key":"REST"}],"neow_cost":"NONE","seed_source_timestamp":106369686203768,"circlet_count":0,"master_deck":["Defend_G","Defend_G","Defend_G","Defend_G","Defend_G","Strike_G+1","Strike_G","Strike_G+1","Strike_G","Strike_G","Survivor","Neutralize","Underhanded Strike","Regret","Dagger Spray+1","Underhanded Strike","Backstab","Underhanded Strike","Underhanded Strike","Footwork"],"relics":["Ring of the Snake","NeowsBlessing","Pantograph","Orichalcum","Peace Pipe","Bag of Preparation","Art of War","Lantern"],"potions_floor_usage":[16,16,16,16,16,16],"damage_taken":[{"damage":0,"enemies":"2 Louse","floor":1,"turns":1},{"damage":0,"enemies":"Lagavulin","floor":6,"turns":1},{"damage":0,"enemies":"3 Sentries","floor":8,"turns":1},{"damage":8,"enemies":"Small Slimes","floor":10,"turns":2},{"damage":0,"enemies":"Jaw Worm","floor":11,"turns":1},{"damage":8,"enemies":"Gremlin Nob","floor":12,"turns":4},{"damage":1,"enemies":"2 Fungi Beasts","floor":13,"turns":2},{"damage":70,"enemies":"The Guardian","floor":16,"turns":13}],"seed_played":"-237585493419921135","potions_obtained":[{"floor":1,"key":"EntropicBrew"},{"floor":10,"key":"SpeedPotion"},{"floor":14,"key":"Swift Potion"}],"is_trial":false,"path_per_floor":["M","?","?","?","$","E","R","E","T","M","M","E","M","?","R","B"],"character_chosen":"THE_SILENT","items_purchased":["Orichalcum"],"campfire_rested":1,"item_purchase_floors":[5],"current_hp_per_floor":[70,70,70,56,56,56,56,56,56,48,48,40,39,39,60,0],"gold":171,"neow_bonus":"THREE_ENEMY_KILL","is_prod":false,"is_daily":false,"chose_seed":false,"campfire_upgraded":1,"win_rate":0,"timestamp":1545541070,"path_taken":["M","?","?","?","$","E","R","E","T","?","M","E","M","?","R","BOSS"],"build_version":"2018-12-20","purchased_purges":0,"victory":false,"max_hp_per_floor":[70,70,70,70,70,70,70,70,70,70,70,70,70,70,70,70],"card_choices":[{"not_picked":["Masterful Stab","Slice"],"picked":"Underhanded Strike","floor":1},{"not_picked":["Expertise","Eviscerate"],"picked":"Dagger Spray","floor":6},{"not_picked":["Leg Sweep","Outmaneuver"],"picked":"Underhanded Strike","floor":8},{"not_picked":["Poisoned Stab","PiercingWail"],"picked":"Backstab","floor":10},{"not_picked":["Outmaneuver","Dodge and Roll"],"picked":"Underhanded Strike","floor":11},{"not_picked":["Corpse Explosion","Footwork"],"picked":"Underhanded Strike","floor":12},{"not_picked":["Flying Knee","Blade Dance"],"picked":"Footwork","floor":13}],"player_experience":528559,"relics_obtained":[{"floor":6,"key":"Peace Pipe"},{"floor":8,"key":"Bag of Preparation"},{"floor":9,"key":"Art of War"},{"floor":12,"key":"Lantern"}],"event_choices":[{"damage_healed":0,"gold_gain":0,"player_choice":"Box","damage_taken":0,"relics_obtained":["Pantograph"],"max_hp_gain":0,"max_hp_loss":0,"event_name":"Big Fish","floor":2,"gold_loss":0,"cards_obtained":["Regret"]},{"damage_healed":0,"gold_gain":72,"player_choice":"Gained Gold","damage_taken":0,"max_hp_gain":0,"max_hp_loss":0,"event_name":"Golden Wing","floor":3,"gold_loss":0},{"damage_healed":0,"gold_gain":0,"player_choice":"Entered Light","damage_taken":14,"max_hp_gain":0,"max_hp_loss":0,"event_name":"Shining Light","floor":4,"gold_loss":0,"cards_upgraded":["Strike_G","Strike_G"]},{"damage_healed":0,"gold_gain":0,"player_choice":"Bought 1 Potion","damage_taken":0,"max_hp_gain":0,"max_hp_loss":0,"event_name":"The Woman in Blue","floor":14,"gold_loss":0}],"is_beta":false,"boss_relics":[],"items_purged_floors":[],"is_endless":false,"potions_floor_spawned":[1,10],"killed_by":"The Guardian","ascension_level":4}