{"gold_per_floor":[112,37,50,60,25,25,57,57,57,57,70,90,110,123,123,224,224,213,213,229,229,245,245,245,245],"floor_reached":25,"playtime":737,"items_purged":["Decay"],"score":318,"play_id":"cd8caeab-2711-49f6-a199-4a0a5eaa91cb","local_time":"20190314002655","is_ascension_mode":true,"campfire_choices":[{"data":"Storm","floor":6,"key":"SMITH"},{"floor":10,"key":"REST"},{"floor":15,"key":"REST"},{"floor":23,"key":"REST"},{"data":"Chaos","floor":24,"key":"SMITH"}],"neow_cost":"CURSE","seed_source_timestamp":82438770331359,"circlet_count":0,"master_deck":["AscendersBane","Strike_B","Strike_B","Strike_B","Strike_B","Defend_B","Defend_B","Defend_B","Defend_B","Zap","Dualcast","Biased Cognition","Beam Cell","Storm+1","Biased Cognition","Multi-Cast+1","Glacier","Chaos+1","Amplify"],"relics":["Cracked Core","WingedGreaves","Singing Bowl","Inserter","MutagenicStrength","Toxic Egg 2"],"potions_floor_usage":[16,25],"damage_taken":[{"damage":8,"enemies":"Cultist","floor":1,"turns":4},{"damage":0,"enemies":"Small Slimes","floor":3,"turns":2},{"damage":9,"enemies":"2 Louse","floor":4,"turns":2},{"damage":35,"enemies":"3 Sentries","floor":7,"turns":4},{"damage":6,"enemies":"Exordium Wildlife","floor":11,"turns":3},{"damage":9,"enemies":"2 Fungi Beasts","floor":12,"turns":2},{"damage":9,"enemies":"Red Slaver","floor":13,"turns":3},{"damage":6,"enemies":"Looter","floor":14,"turns":2},{"damage":15,"enemies":"The Guardian","floor":16,"turns":10},{"damage":30,"enemies":"2 Thieves","floor":18,"turns":5},{"damage":10,"enemies":"Shell Parasite","floor":20,"turns":4},{"damage":11,"enemies":"Snecko","floor":22,"turns":4},{"damage":52,"enemies":"Book of Stabbing","floor":25,"turns":7}],"seed_played":"-4544589834826803924","potions_obtained":[{"floor":3,"key":"Strength Potion"},{"floor":4,"key":"EssenceOfSteel"},{"floor":14,"key":"FocusPotion"},{"floor":16,"key":"Swift Potion"},{"floor":20,"key":"Weak Potion"}],"is_trial":false,"path_per_floor":["M","$","M","M","?","R","E","?","T","R","M","M","M","M","R","B",null,"M","?","M","?","M","R","R","E"],"character_chosen":"DEFECT","items_purchased":[],"campfire_rested":3,"item_purchase_floors":[],"current_hp_per_floor":[60,60,60,51,69,69,34,34,34,56,50,43,36,30,53,38,69,41,41,33,33,24,49,49,0],"gold":245,"neow_bonus":"THREE_RARE_CARDS","is_prod":false,"is_daily":false,"chose_seed":false,"campfire_upgraded":2,"win_rate":0,"timestamp":1552534015,"path_taken":["M","$","?","M","?","R","E","?","T","R","M","M","M","M","R","BOSS","M","?","M","?","M","R","R","E"],"build_version":"2019-01-23","purchased_purges":1,"victory":false,"max_hp_per_floor":[75,75,75,75,75,75,75,75,75,75,75,77,79,79,79,79,79,81,81,83,83,85,85,85,85],"card_choices":[{"not_picked":["Multi-Cast","Meteor Strike"],"picked":"Biased Cognition","floor":0},{"not_picked":["Go for the Eyes","Aggregate"],"picked":"Beam Cell","floor":1},{"not_picked":["Hologram","Leap"],"picked":"Storm","floor":3},{"not_picked":["Undo","Blizzard"],"picked":"Biased Cognition","floor":4},{"not_picked":["Conserve Battery","Redo"],"picked":"Multi-Cast","floor":7},{"not_picked":["Hologram","Auto Shields"],"picked":"Glacier","floor":11},{"not_picked":["Go for the Eyes","Steam","Chill"],"picked":"Singing Bowl","floor":12},{"not_picked":["Leap","Stack","Steam"],"picked":"Singing Bowl","floor":13},{"not_picked":["Ball Lightning","Coolheaded"],"picked":"Chaos","floor":14},{"not_picked":["Thunder Strike","Reboot"],"picked":"Amplify","floor":16},{"not_picked":["Rip and Tear+1","Rebound+1","Barrage"],"picked":"Singing Bowl","floor":18},{"not_picked":["Streamline","Barrage","Coolheaded"],"picked":"Singing Bowl","floor":20},{"not_picked":["Rebound","Ball Lightning","Turbo+1"],"picked":"Singing Bowl","floor":22}],"player_experience":933134,"relics_obtained":[{"floor":7,"key":"WingedGreaves"},{"floor":9,"key":"Singing Bowl"}],"event_choices":[{"damage_healed":18,"gold_gain":0,"player_choice":"Healed","damage_taken":0,"max_hp_gain":0,"max_hp_loss":0,"event_name":"The Cleric","floor":5,"gold_loss":35},{"damage_healed":0,"gold_gain":0,"player_choice":"Grow","damage_taken":0,"max_hp_gain":0,"max_hp_loss":0,"event_name":"Living Wall","floor":8,"gold_loss":0,"cards_upgraded":["Multi-Cast"]},{"damage_healed":0,"gold_gain":0,"player_choice":"Inject Mutagens","damage_taken":0,"relics_obtained":["MutagenicStrength"],"max_hp_gain":0,"max_hp_loss":0,"event_name":"Drug Dealer","floor":19,"gold_loss":0},{"damage_healed":0,"gold_gain":0,"player_choice":"Gave Potion","damage_taken":0,"relics_obtained":["Toxic Egg 2"],"max_hp_gain":0,"max_hp_loss":0,"event_name":"WeMeetAgain","floor":21,"gold_loss":0}],"is_beta":false,"boss_relics":[{"not_picked":["Empty Cage","Calling Bell"],"picked":"Inserter"}],"items_purged_floors":[2],"is_endless":false,"potions_floor_spawned":[3,4,14,16,20],"killed_by":"Book of Stabbing","ascension_level":11}