{"gold_per_floor":[115,115,129,33,45,73,27,27,53,53,64,96,126,158,158,259,259,277,21,36,36,47,73,85,98,98,131,145,155,155,167,167,270,270,280,180,180,191,209,209,240,240,240,240,240,259,288,308,308,308,308,308,17,50,50],"floor_reached":56,"playtime":3338,"items_purged":["Strike_G"],"score":1369,"play_id":"7dee5dc6-6350-4ba2-bf07-40ac6443b66c","local_time":"20190301135848","is_ascension_mode":false,"campfire_choices":[{"data":"Noxious Fumes","floor":8,"key":"SMITH"},{"data":"Cloak And Dagger","floor":10,"key":"SMITH"},{"data":"A Thousand Cuts","floor":15,"key":"SMITH"},{"floor":30,"key":"REST"},{"floor":32,"key":"RECALL"},{"floor":40,"key":"REST"},{"floor":45,"key":"REST"},{"data":"Defend_G+1","floor":49,"key":"PURGE"},{"data":"Strike_G+1","floor":52,"key":"PURGE"}],"neow_cost":"NONE","seed_source_timestamp":130145809027687,"circlet_count":0,"master_deck":["Defend_G+1","Defend_G+1","Defend_G+1","Defend_G+1","Strike_G+1","Strike_G+1","Strike_G+1","Survivor+1","Neutralize+1","Wraith Form v2+1","Acrobatics+1","Infinite Blades+1","Noxious Fumes+1","Dagger Throw+1","Cloak And Dagger+1","Choke+1","Blade Dance+1","A Thousand Cuts+1","Finisher+1","Adrenaline+1","Bullet Time+1","Prepared+1","Doppelganger+1","Well Laid Plans+1","Leg Sweep+1","Prepared+1","Infinite Blades+1","Dodge and Roll+1","Acrobatics+1","After Image+1","Blade Dance+1","Reflex+1","Footwork+1","Expertise+1","Blade Dance+1"],"relics":["Ring of the Snake","Anchor","Whetstone","PreservedInsect","War Paint","Fusion Hammer","Toxic Egg 2","Potion Belt","Happy Flower","Omamori","Cursed Key","Ninja Scroll","Molten Egg 2","Mark of the Bloom","Peace Pipe","Ornamental Fan","Blood Vial"],"potions_floor_usage":[14,16,29,33,38,39,47,50,54,55,55,55,55],"damage_taken":[{"damage":0,"enemies":"Small Slimes","floor":1,"turns":5},{"damage":0,"enemies":"Cultist","floor":3,"turns":4},{"damage":0,"enemies":"2 Louse","floor":5,"turns":4},{"damage":19,"enemies":"Gremlin Nob","floor":6,"turns":5},{"damage":3,"enemies":"Lots of Slimes","floor":11,"turns":4},{"damage":11,"enemies":"Lagavulin","floor":12,"turns":7},{"damage":0,"enemies":"3 Sentries","floor":14,"turns":3},{"damage":30,"enemies":"The Guardian","floor":16,"turns":10},{"damage":6,"enemies":"Shell Parasite","floor":18,"turns":3},{"damage":0,"enemies":"Spheric Guardian","floor":20,"turns":3},{"damage":3,"enemies":"Snake Plant","floor":22,"turns":2},{"damage":19,"enemies":"Gremlin Leader","floor":23,"turns":3},{"damage":0,"enemies":"Cultist and Chosen","floor":24,"turns":3},{"damage":0,"enemies":"Sentry and Sphere","floor":25,"turns":3},{"damage":1,"enemies":"Book of Stabbing","floor":27,"turns":4},{"damage":2,"enemies":"Snake Plant","floor":28,"turns":4},{"damage":0,"enemies":"Shelled Parasite and Fungi","floor":29,"turns":4},{"damage":0,"enemies":"Centurion and Healer","floor":31,"turns":4},{"damage":29,"enemies":"Collector","floor":33,"turns":8},{"damage":0,"enemies":"3 Shapes","floor":35,"turns":3},{"damage":14,"enemies":"3 Darklings","floor":38,"turns":5},{"damage":0,"enemies":"Maw","floor":39,"turns":6},{"damage":0,"enemies":"Nemesis","floor":41,"turns":3},{"damage":0,"enemies":"Spire Growth","floor":46,"turns":5},{"damage":0,"enemies":"Reptomancer","floor":47,"turns":3},{"damage":0,"enemies":"Jaw Worm Horde","floor":48,"turns":3},{"damage":13,"enemies":"Donu and Deca","floor":50,"turns":8},{"damage":0,"enemies":"Shield and Spear","floor":54,"turns":4},{"damage":46,"enemies":"The Heart","floor":55,"turns":7}],"seed_played":"3388905077831008191","potions_obtained":[{"floor":1,"key":"Explosive Potion"},{"floor":12,"key":"SkillPotion"},{"floor":16,"key":"Strength Potion"},{"floor":23,"key":"Energy Potion"},{"floor":24,"key":"GhostInAJar"},{"floor":27,"key":"GhostInAJar"},{"floor":29,"key":"Explosive Potion"},{"floor":38,"key":"Energy Potion"},{"floor":39,"key":"SpeedPotion"},{"floor":41,"key":"SpeedPotion"},{"floor":48,"key":"Strength Potion"},{"floor":54,"key":"Poison Potion"}],"is_trial":false,"path_per_floor":["M","?","M","$","M","E","$","R","T","R","M","E","?","E","R","B",null,"M","$","M","?","M","E","M","M","T","E","M","M","R","M","R","B",null,"M","$","T","M","M","R","E","?","T","?","R","M","E","M","R","B",null,"R","$","E","B",null],"character_chosen":"THE_SILENT","items_purchased":["Noxious Fumes","Dagger Throw","Blade Dance","Toxic Egg 2","Blade Dance+1","Ornamental Fan","Weak Potion"],"campfire_rested":3,"item_purchase_floors":[4,4,7,19,36,53,53],"current_hp_per_floor":[70,70,70,70,70,51,51,51,51,51,48,37,37,37,37,7,70,64,64,64,64,61,42,42,42,42,41,39,39,60,60,60,31,70,70,70,70,56,56,70,70,70,70,70,70,70,70,70,70,57,57,57,57,57,11],"gold":50,"neow_bonus":"ONE_RANDOM_RARE_CARD","is_prod":false,"is_daily":false,"chose_seed":false,"campfire_upgraded":3,"win_rate":0,"timestamp":1551448728,"path_taken":["M","?","M","$","M","E","?","R","T","R","M","E","?","E","R","BOSS","M","$","M","?","M","E","M","M","T","E","M","M","R","M","R","BOSS","M","$","?","M","M","R","E","?","T","?","R","M","E","M","R","BOSS","R","$","E","BOSS"],"build_version":"2019-02-06","purchased_purges":1,"victory":true,"max_hp_per_floor":[70,70,70,70,70,70,70,70,70,70,70,70,70,70,70,70,70,70,70,70,70,70,70,70,70,70,70,70,70,70,70,70,70,70,70,70,70,70,70,70,70,70,70,70,70,70,70,70,70,70,70,70,70,70,70],"card_choices":[{"not_picked":["Expertise","Dodge and Roll"],"picked":"Acrobatics","floor":1},{"not_picked":["Slice","Blade Dance"],"picked":"Infinite Blades","floor":3},{"not_picked":["Expertise","Eviscerate"],"picked":"Cloak And Dagger","floor":5},{"not_picked":["Poisoned Stab","Sucker Punch"],"picked":"Choke","floor":6},{"not_picked":["Outmaneuver","Flying Knee"],"picked":"A Thousand Cuts","floor":11},{"not_picked":["Predator","Quick Slash"],"picked":"Finisher","floor":12},{"not_picked":["Eviscerate","Deflect"],"picked":"Adrenaline","floor":14},{"not_picked":["Envenom","Tools of the Trade"],"picked":"Bullet Time","floor":16},{"not_picked":["Bouncing Flask","Choke","Accuracy"],"picked":"SKIP","floor":18},{"not_picked":["Finisher","Deadly Poison+1"],"picked":"Prepared+1","floor":20},{"not_picked":["Dagger Spray","Sucker Punch+1"],"picked":"Well Laid Plans+1","floor":22},{"not_picked":["Flechettes","Skewer","A Thousand Cuts"],"picked":"SKIP","floor":23},{"not_picked":["Dodge and Roll+1","Flechettes+1"],"picked":"Leg Sweep+1","floor":24},{"not_picked":["Slice+1","Bouncing Flask+1"],"picked":"Prepared+1","floor":25},{"not_picked":["Underhanded Strike","Quick Slash","Prepared+1"],"picked":"SKIP","floor":27},{"not_picked":["All Out Attack","Eviscerate"],"picked":"Infinite Blades+1","floor":28},{"not_picked":["Poisoned Stab","Doppelganger+1"],"picked":"Dodge and Roll+1","floor":29},{"not_picked":["Underhanded Strike+1","Tactician+1"],"picked":"Acrobatics+1","floor":31},{"not_picked":["Die Die Die","Venomology+1"],"picked":"After Image","floor":33},{"not_picked":["Flechettes+1","Sucker Punch","Poisoned Stab+1"],"picked":"SKIP","floor":35},{"not_picked":["Dagger Throw+1","Outmaneuver+1","Backstab"],"picked":"SKIP","floor":38},{"not_picked":["Dagger Throw","Outmaneuver+1"],"picked":"Reflex+1","floor":39},{"not_picked":["Eviscerate","Catalyst+1"],"picked":"Footwork","floor":41},{"not_picked":["Eviscerate+1","Distraction+1","Dodge and Roll+1"],"picked":"SKIP","floor":46},{"not_picked":["Sucker Punch+1","Grand Finale+1","Slice+1"],"picked":"SKIP","floor":47},{"not_picked":["Dagger Spray+1","Flying Knee+1"],"picked":"Expertise+1","floor":48},{"not_picked":["Deadly Poison+1","Concentrate+1"],"picked":"Blade Dance+1","floor":54}],"player_experience":983622,"relics_obtained":[{"floor":6,"key":"Anchor"},{"floor":9,"key":"Whetstone"},{"floor":12,"key":"PreservedInsect"},{"floor":14,"key":"War Paint"},{"floor":23,"key":"Potion Belt"},{"floor":26,"key":"Happy Flower"},{"floor":27,"key":"Omamori"},{"floor":41,"key":"Ninja Scroll"},{"floor":43,"key":"Molten Egg 2"},{"floor":47,"key":"Peace Pipe"},{"floor":54,"key":"Blood Vial"}],"event_choices":[{"damage_healed":0,"gold_gain":0,"player_choice":"Upgraded","damage_taken":0,"max_hp_gain":0,"max_hp_loss":0,"event_name":"Upgrade Shrine","floor":2,"gold_loss":0,"cards_upgraded":["Neutralize"]},{"damage_healed":0,"gold_gain":30,"player_choice":"Searched \u00272\u0027 times","damage_taken":0,"max_hp_gain":0,"max_hp_loss":0,"event_name":"Dead Adventurer","floor":13,"gold_loss":0},{"damage_healed":0,"gold_gain":0,"player_choice":"1 cards matched","damage_taken":0,"max_hp_gain":0,"max_hp_loss":0,"event_name":"Match and Keep!","floor":21,"gold_loss":0,"cards_obtained":["Doppelganger"]},{"damage_healed":0,"gold_gain":0,"player_choice":"Ignored","damage_taken":0,"max_hp_gain":0,"max_hp_loss":0,"event_name":"Tomb of Lord Red Mask","floor":42,"gold_loss":0},{"damage_healed":0,"gold_gain":0,"player_choice":"Upgrade","damage_taken":0,"relics_obtained":["Mark of the Bloom"],"max_hp_gain":0,"max_hp_loss":0,"event_name":"MindBloom","floor":44,"gold_loss":0,"cards_upgraded":["Defend_G","Defend_G","Defend_G","Defend_G","Defend_G","Strike_G","Strike_G","Survivor","Wraith Form v2","Infinite Blades","Dagger Throw","Choke","Blade Dance","Finisher","Bullet Time","After Image","Footwork"]}],"is_beta":true,"boss_relics":[{"not_picked":["White Beast Statue","Pandora\u0027s Box"],"picked":"Fusion Hammer"},{"not_picked":["Velvet Choker","Runic Dome"],"picked":"Cursed Key"}],"items_purged_floors":[36],"is_endless":false,"potions_floor_spawned":[1,12,16,23,24,27,29,38,39,41,48,54],"ascension_level":0}