{"gold_per_floor":[116,66,66,32,47,75,150,150,173,184,202,202,235,246,246,350,350,365,377,388,388,408,434,434,462,462,57,57,77,77,88,88,183,183,198,217,217,237,250,276,276,307,307,218,250,6,37,50,50,50,50,50,11,44,44],"floor_reached":56,"playtime":3593,"items_purged":["Clash"],"score":1682,"play_id":"6791a01e-24bf-4093-92fa-34f8df26f5a7","local_time":"20190328190538","is_ascension_mode":true,"campfire_choices":[{"data":"Anger","floor":8,"key":"SMITH"},{"data":"Spot Weakness","floor":12,"key":"SMITH"},{"data":"Rupture","floor":15,"key":"SMITH"},{"floor":24,"key":"REST"},{"floor":28,"key":"REST"},{"data":"Barricade","floor":32,"key":"SMITH"},{"floor":41,"key":"RECALL"},{"data":"Demon Form","floor":49,"key":"SMITH"},{"data":"Armaments","floor":52,"key":"SMITH"}],"neow_cost":"NONE","seed_source_timestamp":1466899629381346,"circlet_count":0,"master_deck":["Strike_R+1","Strike_R+1","Strike_R+1","Strike_R+1","Strike_R+1","Defend_R+1","Defend_R+1","Defend_R+1","Bash","Battle Trance","Rage","Feel No Pain","Twin Strike","Anger+1","Headbutt","Spot Weakness+1","Ghostly Armor","Rupture+1","Demon Form+1","True Grit+1","Anger+1","Disarm+1","Barricade+1","Shrug It Off","Power Through","Ghostly","Ghostly","Ghostly","Ghostly","Ghostly","Pommel Strike+1","Limit Break","Ghostly","Flash of Steel+1","Evolve+1","Armaments+1","Uppercut+1","Clothesline+1"],"relics":["Burning Blood","Strawberry","Potion Belt","Art of War","Centennial Puzzle","Busted Crown","Happy Flower","Matryoshka","Blood Vial","Frozen Egg 2","Regal Pillow","Sozu","Omamori","Molten Egg 2","Lantern","Bottled Tornado","Membership Card","Bag of Preparation","Bronze Scales"],"potions_floor_usage":[11,13,16,23,25,55,55,55,55],"damage_taken":[{"damage":6,"enemies":"Cultist","floor":1,"turns":3},{"damage":5,"enemies":"Jaw Worm","floor":5,"turns":2},{"damage":20,"enemies":"3 Sentries","floor":6,"turns":15},{"damage":0,"enemies":"Small Slimes","floor":10,"turns":3},{"damage":0,"enemies":"Gremlin Gang","floor":11,"turns":1},{"damage":0,"enemies":"Lagavulin","floor":13,"turns":4},{"damage":10,"enemies":"Exordium Wildlife","floor":14,"turns":3},{"damage":21,"enemies":"The Guardian","floor":16,"turns":7},{"damage":13,"enemies":"Chosen","floor":18,"turns":6},{"damage":0,"enemies":"3 Byrds","floor":19,"turns":5},{"damage":44,"enemies":"Snake Plant","floor":20,"turns":6},{"damage":8,"enemies":"Centurion and Healer","floor":22,"turns":4},{"damage":27,"enemies":"Slavers","floor":23,"turns":7},{"damage":15,"enemies":"Book of Stabbing","floor":25,"turns":4},{"damage":4,"enemies":"Cultist and Chosen","floor":29,"turns":5},{"damage":12,"enemies":"Snake Plant","floor":31,"turns":3},{"damage":0,"enemies":"Collector","floor":33,"turns":11},{"damage":0,"enemies":"3 Shapes","floor":35,"turns":4},{"damage":0,"enemies":"Orb Walker","floor":36,"turns":4},{"damage":4,"enemies":"3 Darklings","floor":38,"turns":6},{"damage":1,"enemies":"Spire Growth","floor":39,"turns":7},{"damage":0,"enemies":"Giant Head","floor":40,"turns":10},{"damage":1,"enemies":"Nemesis","floor":42,"turns":9},{"damage":3,"enemies":"Reptomancer","floor":45,"turns":8},{"damage":0,"enemies":"Nemesis","floor":47,"turns":9},{"damage":0,"enemies":"Jaw Worm Horde","floor":48,"turns":7},{"damage":0,"enemies":"Donu and Deca","floor":50,"turns":10},{"damage":0,"enemies":"Shield and Spear","floor":54,"turns":9},{"damage":7,"enemies":"The Heart","floor":55,"turns":8}],"seed_played":"4815774096527870957","potions_obtained":[{"floor":1,"key":"Swift Potion"},{"floor":5,"key":"SteroidPotion"},{"floor":10,"key":"Explosive Potion"},{"floor":22,"key":"SkillPotion"},{"floor":23,"key":"AttackPotion"},{"floor":25,"key":"LiquidBronze"},{"floor":29,"key":"PowerPotion"},{"floor":33,"key":"Dexterity Potion"}],"is_trial":false,"path_per_floor":["M","?","?","$","M","E","?","R","T","M","M","R","E","M","R","B",null,"M","M","M","?","M","E","R","E","T","$","R","M","?","M","R","B",null,"M","M","?","M","M","E","R","E","T","$","E","$","E","M","R","B",null,"R","$","E","B",null],"character_chosen":"IRONCLAD","items_purchased":["Feel No Pain","Shrug It Off","Regal Pillow","Power Through","PowerPotion","Flash of Steel+1","Membership Card","Evolve+1","Uppercut+1"],"campfire_rested":2,"item_purchase_floors":[4,27,27,27,27,44,46,46,53],"current_hp_per_floor":[80,80,80,80,81,67,59,59,59,65,71,71,77,73,73,58,87,80,86,48,48,46,25,51,42,42,42,83,87,43,37,37,43,43,43,43,43,43,43,43,43,43,43,43,43,43,43,43,43,43,43,43,43,43,42],"gold":44,"neow_bonus":"THREE_CARDS","is_prod":false,"is_daily":false,"chose_seed":false,"campfire_upgraded":6,"win_rate":0,"timestamp":1553814338,"path_taken":["M","?","?","?","M","E","?","R","T","?","M","R","E","M","R","BOSS","M","M","?","?","M","E","R","E","T","$","R","M","?","?","R","BOSS","M","M","?","?","M","E","R","E","T","?","E","$","E","M","R","BOSS","R","$","E","BOSS"],"build_version":"2019-03-15","purchased_purges":1,"victory":true,"max_hp_per_floor":[80,80,87,87,87,87,87,87,87,87,87,87,87,87,87,87,87,87,87,87,87,87,87,87,87,87,87,87,87,43,43,43,43,43,43,43,43,43,43,43,43,43,43,43,43,43,43,43,43,43,43,43,43,43,43],"card_choices":[{"not_picked":["Armaments","Warcry"],"picked":"Battle Trance","floor":0},{"not_picked":["Sever Soul","Warcry"],"picked":"Rage","floor":1},{"not_picked":["Hemokinesis","Heavy Blade"],"picked":"Twin Strike","floor":5},{"not_picked":["Reckless Charge","Combust"],"picked":"Anger","floor":6},{"not_picked":["Clothesline","Dark Embrace"],"picked":"Headbutt","floor":10},{"not_picked":["Anger","Shrug It Off"],"picked":"Spot Weakness","floor":11},{"not_picked":["Entrench","Wild Strike"],"picked":"Ghostly Armor","floor":13},{"not_picked":["Body Slam","Perfected Strike"],"picked":"Rupture","floor":14},{"not_picked":["Impervious","Fiend Fire"],"picked":"Demon Form","floor":16},{"not_picked":[],"picked":"True Grit+1","floor":18},{"not_picked":[],"picked":"Clash","floor":19},{"not_picked":[],"picked":"Anger+1","floor":20},{"not_picked":[],"picked":"Disarm+1","floor":22},{"not_picked":[],"picked":"Barricade","floor":23},{"not_picked":["Seeing Red"],"picked":"SKIP","floor":25},{"not_picked":["Twin Strike"],"picked":"SKIP","floor":29},{"not_picked":["Pommel Strike+1"],"picked":"SKIP","floor":31},{"not_picked":[],"picked":"Pommel Strike+1","floor":31},{"not_picked":[],"picked":"Limit Break","floor":33},{"not_picked":["Headbutt+1"],"picked":"SKIP","floor":35},{"not_picked":["Perfected Strike"],"picked":"SKIP","floor":36},{"not_picked":["Infernal Blade"],"picked":"SKIP","floor":38},{"not_picked":["Flame Barrier"],"picked":"SKIP","floor":39},{"not_picked":["True Grit"],"picked":"SKIP","floor":40},{"not_picked":["Flex"],"picked":"SKIP","floor":42},{"not_picked":["Flex+1"],"picked":"SKIP","floor":45},{"not_picked":[],"picked":"Armaments","floor":47},{"not_picked":["Body Slam+1"],"picked":"SKIP","floor":48},{"not_picked":[],"picked":"Clothesline+1","floor":54}],"player_experience":5067422,"relics_obtained":[{"floor":6,"key":"Potion Belt"},{"floor":9,"key":"Art of War"},{"floor":13,"key":"Centennial Puzzle"},{"floor":23,"key":"Happy Flower"},{"floor":25,"key":"Matryoshka"},{"floor":26,"key":"Blood Vial"},{"floor":26,"key":"Frozen Egg 2"},{"floor":40,"key":"Omamori"},{"floor":42,"key":"Molten Egg 2"},{"floor":43,"key":"Lantern"},{"floor":45,"key":"Bottled Tornado"},{"floor":47,"key":"Bag of Preparation"},{"floor":54,"key":"Bronze Scales"}],"event_choices":[{"cards_removed":["Defend_R"],"damage_healed":0,"gold_gain":0,"player_choice":"Card Removal","damage_taken":0,"max_hp_gain":0,"max_hp_loss":0,"event_name":"The Cleric","floor":2,"gold_loss":50},{"damage_healed":0,"gold_gain":0,"player_choice":"Success","damage_taken":7,"relics_obtained":["Strawberry"],"max_hp_gain":0,"max_hp_loss":0,"event_name":"Scrap Ooze","floor":3,"gold_loss":0},{"damage_healed":0,"gold_gain":75,"player_choice":"Touch","damage_taken":8,"max_hp_gain":0,"max_hp_loss":0,"event_name":"FaceTrader","floor":7,"gold_loss":0},{"damage_healed":0,"gold_gain":0,"player_choice":"Simplicity","damage_taken":0,"max_hp_gain":0,"max_hp_loss":0,"event_name":"Back to Basics","floor":21,"gold_loss":0,"cards_upgraded":["Strike_R","Strike_R","Strike_R","Strike_R","Strike_R","Defend_R","Defend_R","Defend_R"]},{"damage_healed":0,"gold_gain":0,"player_choice":"Became a Ghost","damage_taken":0,"max_hp_gain":0,"max_hp_loss":44,"event_name":"Ghosts","floor":30,"gold_loss":0,"cards_obtained":["Ghostly","Ghostly","Ghostly","Ghostly","Ghostly"]},{"damage_healed":0,"gold_gain":0,"player_choice":"Copied","damage_taken":0,"max_hp_gain":0,"max_hp_loss":0,"event_name":"Duplicator","floor":37,"gold_loss":0,"cards_obtained":["Ghostly"]}],"is_beta":true,"boss_relics":[{"not_picked":["Pandora\u0027s Box","Lizard Tail"],"picked":"Busted Crown"},{"not_picked":["Runic Pyramid","Black Star"],"picked":"Sozu"}],"items_purged_floors":[27],"is_endless":false,"potions_floor_spawned":[1,5,10,22,23,25,29,33,35,39,40,45,47,54],"ascension_level":1}