{"gold_per_floor":[111,186,201,220,220,220,253,274,323,337,14,14,14,57,57,187,187,206,231,231,231,251,251,295,295,344,73,96,96,127,163,163,289,289,309,434,448,118,132,132,167,183,183,58,58,92,108,128,128,128,128,128,128,166,166],"floor_reached":56,"playtime":2738,"items_purged":["Strike_R","Strike_R","Strike_R"],"score":1405,"play_id":"91a41894-9c1b-4252-9f9f-d958730ce29f","local_time":"20190326135853","is_ascension_mode":false,"campfire_choices":[{"data":"Perfected Strike","floor":6,"key":"SMITH"},{"data":"Armaments","floor":15,"key":"SMITH"},{"data":"Barricade","floor":23,"key":"SMITH"},{"data":"Metallicize","floor":25,"key":"SMITH"},{"data":"Body Slam","floor":29,"key":"SMITH"},{"data":"Dual Wield","floor":32,"key":"SMITH"},{"data":"Pommel Strike","floor":40,"key":"SMITH"},{"floor":49,"key":"RECALL"},{"data":"Shockwave","floor":52,"key":"SMITH"}],"neow_cost":"TEN_PERCENT_HP_LOSS","seed_source_timestamp":444108672887620,"circlet_count":0,"master_deck":["Strike_R+1","Defend_R","Defend_R","Defend_R","Defend_R","Bash","Barricade+1","Pommel Strike+1","Perfected Strike+1","Metallicize+1","Shockwave+1","Thunderclap","Armaments+1","Offering+1","Battle Trance+1","Seeing Red","Shrug It Off+1","Body Slam+1","Metallicize+1","Dropkick","Body Slam+1","Flame Barrier","Dual Wield+1","Impervious","Pommel Strike+1","Warcry+1","Dropkick+1","Impervious","Pommel Strike+1","Disarm+1","Warcry+1","Flame Barrier+1"],"relics":["Burning Blood","Golden Idol","Paper Frog","Anchor","Pantograph","Bronze Scales","Sozu","Unceasing Top","DollysMirror","Red Mask","StoneCalendar","Lizard Tail","Prayer Wheel","PreservedInsect","Meat on the Bone","Whetstone","Happy Flower","Red Skull"],"potions_floor_usage":[14,16,55,55],"damage_taken":[{"damage":0,"enemies":"2 Louse","floor":1,"turns":4},{"damage":0,"enemies":"Jaw Worm","floor":3,"turns":5},{"damage":5,"enemies":"Small Slimes","floor":4,"turns":3},{"damage":9,"enemies":"3 Sentries","floor":7,"turns":8},{"damage":10,"enemies":"3 Louse","floor":8,"turns":3},{"damage":6,"enemies":"Exordium Thugs","floor":10,"turns":4},{"damage":4,"enemies":"Lagavulin","floor":14,"turns":7},{"damage":0,"enemies":"Slime Boss","floor":16,"turns":13},{"damage":6,"enemies":"3 Byrds","floor":18,"turns":3},{"damage":6,"enemies":"Chosen","floor":19,"turns":4},{"damage":6,"enemies":"Snake Plant","floor":22,"turns":3},{"damage":6,"enemies":"Book of Stabbing","floor":24,"turns":5},{"damage":6,"enemies":"Centurion and Healer","floor":28,"turns":4},{"damage":6,"enemies":"Masked Bandits","floor":30,"turns":3},{"damage":6,"enemies":"Gremlin Leader","floor":31,"turns":6},{"damage":30,"enemies":"Collector","floor":33,"turns":7},{"damage":0,"enemies":"Orb Walker","floor":35,"turns":2},{"damage":6,"enemies":"Mind Bloom Boss Battle","floor":36,"turns":4},{"damage":8,"enemies":"3 Darklings","floor":37,"turns":6},{"damage":6,"enemies":"Spire Growth","floor":39,"turns":3},{"damage":6,"enemies":"Nemesis","floor":41,"turns":7},{"damage":0,"enemies":"Sphere and 2 Shapes","floor":42,"turns":4},{"damage":6,"enemies":"Giant Head","floor":46,"turns":6},{"damage":0,"enemies":"Maw","floor":47,"turns":4},{"damage":0,"enemies":"Writhing Mass","floor":48,"turns":3},{"damage":28,"enemies":"Awakened One","floor":50,"turns":8},{"damage":16,"enemies":"Shield and Spear","floor":54,"turns":6},{"damage":69,"enemies":"The Heart","floor":55,"turns":9}],"seed_played":"7476394835556764168","potions_obtained":[{"floor":1,"key":"SpeedPotion"},{"floor":4,"key":"GamblersBrew"},{"floor":10,"key":"Strength Potion"},{"floor":14,"key":"SpeedPotion"}],"is_trial":false,"path_per_floor":["M","?","M","M","?","R","E","M","T","M","$","?","$","E","R","B",null,"M","M","?","?","M","R","E","R","T","$","M","R","?","E","R","B",null,"M","?","M","$","M","R","E","M","T","$","?","E","M","M","R","B",null,"R","$","E","B",null],"character_chosen":"IRONCLAD","items_purchased":["Pantograph","DollysMirror","Dropkick","Dropkick","PreservedInsect"],"campfire_rested":0,"item_purchase_floors":[11,27,27,38,38],"current_hp_per_floor":[72,61,67,68,50,50,47,43,43,43,43,48,48,50,50,77,77,77,77,77,77,77,77,77,77,77,77,77,77,77,77,77,53,77,77,77,75,75,75,75,75,77,77,77,77,77,77,77,77,55,77,77,77,67,26],"gold":166,"neow_bonus":"THREE_RARE_CARDS","is_prod":false,"is_daily":false,"chose_seed":false,"campfire_upgraded":8,"win_rate":0,"timestamp":1553608733,"path_taken":["M","?","M","M","?","R","E","M","T","M","?","?","$","E","R","BOSS","M","M","?","?","?","R","E","R","T","$","M","R","?","E","R","BOSS","M","?","M","$","M","R","E","M","T","$","?","E","M","M","R","BOSS","R","$","E","BOSS"],"build_version":"2019-03-15","purchased_purges":3,"victory":true,"max_hp_per_floor":[72,72,72,72,72,72,72,72,72,72,72,77,77,77,77,77,77,77,77,77,77,77,77,77,77,77,77,77,77,77,77,77,77,77,77,77,77,77,77,77,77,77,77,77,77,77,77,77,77,77,77,77,77,77,77],"card_choices":[{"not_picked":["Berserk","Dark Embrace"],"picked":"Barricade","floor":0},{"not_picked":["Rampage","Seeing Red"],"picked":"Pommel Strike","floor":1},{"not_picked":["Iron Wave","Intimidate"],"picked":"Perfected Strike","floor":3},{"not_picked":["Disarm","Armaments"],"picked":"Metallicize","floor":4},{"not_picked":["Warcry","Evolve"],"picked":"Shockwave","floor":7},{"not_picked":["True Grit","Sever Soul","Shockwave"],"picked":"SKIP","floor":8},{"not_picked":["Clothesline","Berserk"],"picked":"Thunderclap","floor":10},{"not_picked":["True Grit","Inflame"],"picked":"Armaments","floor":14},{"not_picked":["Berserk","Limit Break"],"picked":"Offering","floor":16},{"not_picked":["Clash+1","Flex+1"],"picked":"Battle Trance+1","floor":18},{"not_picked":["Battle Trance","Heavy Blade"],"picked":"Seeing Red","floor":19},{"not_picked":["Body Slam","Inflame+1"],"picked":"Shrug It Off+1","floor":22},{"not_picked":["Impervious","Searing Blow"],"picked":"Body Slam+1","floor":24},{"not_picked":["Blood for Blood","Searing Blow"],"picked":"Body Slam","floor":28},{"not_picked":["Flex","Perfected Strike+1"],"picked":"Flame Barrier","floor":30},{"not_picked":["Blood for Blood+1","Anger"],"picked":"Dual Wield","floor":31},{"not_picked":["Reaper","Limit Break"],"picked":"Impervious","floor":33},{"not_picked":["Flame Barrier+1","Uppercut+1"],"picked":"Pommel Strike+1","floor":35},{"not_picked":["Hemokinesis+1","Armaments+1"],"picked":"Warcry+1","floor":37},{"not_picked":["Perfected Strike+1","Sword Boomerang","Headbutt"],"picked":"SKIP","floor":37},{"not_picked":["Headbutt+1","Sword Boomerang+1","Wild Strike+1"],"picked":"SKIP","floor":39},{"not_picked":["Shockwave","Combust+1","Clash"],"picked":"SKIP","floor":39},{"not_picked":["Juggernaut","Whirlwind"],"picked":"Impervious","floor":41},{"not_picked":["Feel No Pain+1","Flex","Headbutt"],"picked":"SKIP","floor":42},{"not_picked":["Perfected Strike","Heavy Blade+1","Clash+1"],"picked":"SKIP","floor":42},{"not_picked":["Perfected Strike+1","Flex","Cleave+1"],"picked":"SKIP","floor":46},{"not_picked":["Pummel+1","Headbutt"],"picked":"Pommel Strike+1","floor":47},{"not_picked":["Thunderclap","Heavy Blade+1","Rampage+1"],"picked":"SKIP","floor":47},{"not_picked":["True Grit","Dropkick+1"],"picked":"Disarm+1","floor":48},{"not_picked":["Rage+1","Intimidate"],"picked":"Warcry+1","floor":48},{"not_picked":["Havoc","Anger"],"picked":"Flame Barrier+1","floor":54}],"player_experience":1153171,"relics_obtained":[{"floor":7,"key":"Paper Frog"},{"floor":9,"key":"Anchor"},{"floor":14,"key":"Bronze Scales"},{"floor":24,"key":"Unceasing Top"},{"floor":30,"key":"Red Mask"},{"floor":31,"key":"StoneCalendar"},{"floor":36,"key":"Prayer Wheel"},{"floor":41,"key":"Meat on the Bone"},{"floor":43,"key":"Whetstone"},{"floor":46,"key":"Happy Flower"},{"floor":54,"key":"Red Skull"}],"event_choices":[{"damage_healed":0,"gold_gain":75,"player_choice":"Gather Gold","damage_taken":11,"max_hp_gain":0,"max_hp_loss":0,"event_name":"World of Goop","floor":2,"gold_loss":0},{"damage_healed":0,"gold_gain":0,"player_choice":"Take Damage","damage_taken":18,"relics_obtained":["Golden Idol"],"max_hp_gain":0,"max_hp_loss":0,"event_name":"Golden Idol","floor":5,"gold_loss":0},{"damage_healed":0,"gold_gain":0,"player_choice":"Donut","damage_taken":0,"max_hp_gain":5,"max_hp_loss":0,"event_name":"Big Fish","floor":12,"gold_loss":0},{"damage_healed":0,"gold_gain":0,"player_choice":"Ignored","damage_taken":0,"max_hp_gain":0,"max_hp_loss":0,"event_name":"Ghosts","floor":20,"gold_loss":0},{"damage_healed":0,"gold_gain":0,"player_choice":"Forge","damage_taken":0,"max_hp_gain":0,"max_hp_loss":0,"event_name":"Accursed Blacksmith","floor":21,"gold_loss":0,"cards_upgraded":["Offering"]},{"damage_healed":0,"gold_gain":0,"player_choice":"Fought Bandits","damage_taken":0,"max_hp_gain":0,"max_hp_loss":0,"event_name":"Masked Bandits","floor":30,"gold_loss":0},{"damage_healed":0,"gold_gain":0,"player_choice":"Fight","damage_taken":0,"max_hp_gain":0,"max_hp_loss":0,"event_name":"MindBloom","floor":36,"gold_loss":0},{"cards_removed":["Strike_R"],"damage_healed":0,"gold_gain":0,"player_choice":"Removed Attack","damage_taken":0,"max_hp_gain":0,"max_hp_loss":0,"event_name":"Falling","floor":45,"gold_loss":0}],"is_beta":true,"boss_relics":[{"not_picked":["Tiny House","Runic Cube"],"picked":"Sozu"},{"not_picked":["Mark of Pain","Coffee Dripper"],"picked":"Lizard Tail"}],"items_purged_floors":[11,38,44],"is_endless":false,"potions_floor_spawned":[1,4,10,14,19,22,30,31,36,39,46,47],"ascension_level":0}