{"gold_per_floor":[111,261,261,18,18,18,44,44,44,77,77,90,103,134,134,208,208,222,108,127,143,143],"floor_reached":22,"playtime":504,"items_purged":["Strike_B"],"score":504,"play_id":"b14e5ee0-91d2-4a00-95fe-325502dd811c","local_time":"20190426202929","is_ascension_mode":true,"campfire_choices":[{"data":"Defragment","floor":6,"key":"SMITH"},{"data":"Zap","floor":8,"key":"SMITH"},{"floor":15,"key":"REST"}],"neow_cost":"NONE","seed_source_timestamp":304321957105900,"circlet_count":0,"master_deck":["AscendersBane","Strike_B","Strike_B","Strike_B","Defend_B","Defend_B","Defend_B","Defend_B","Zap+1","Dualcast","Cold Snap","Defragment+1","Cold Snap","Consume","Ball Lightning+1","Biased Cognition+1","Cold Snap+1","Defragment+1","Ball Lightning+1"],"relics":["Cracked Core","NeowsBlessing","Lantern","Calipers","Molten Egg 2","Shuriken","Frozen Egg 2","Strawberry","Inserter"],"potions_floor_usage":[14,14,20],"damage_taken":[{"damage":0,"enemies":"2 Louse","floor":1,"turns":1},{"damage":0,"enemies":"Gremlin Nob","floor":7,"turns":1},{"damage":0,"enemies":"3 Sentries","floor":10,"turns":1},{"damage":7,"enemies":"Small Slimes","floor":12,"turns":3},{"damage":2,"enemies":"Jaw Worm","floor":13,"turns":3},{"damage":5,"enemies":"Gremlin Nob","floor":14,"turns":3},{"damage":35,"enemies":"Slime Boss","floor":16,"turns":12},{"damage":3,"enemies":"Spheric Guardian","floor":18,"turns":5},{"damage":9,"enemies":"Shell Parasite","floor":20,"turns":5},{"damage":30,"enemies":"Snake Plant","floor":21,"turns":4},{"damage":26,"enemies":"3 Cultists","floor":22,"turns":3}],"seed_played":"544042554848762550","potions_obtained":[{"floor":7,"key":"EssenceOfSteel"},{"floor":10,"key":"Poison Potion"},{"floor":14,"key":"Swift Potion"},{"floor":21,"key":"Strength Potion"}],"is_trial":false,"path_per_floor":["M","?","?","$","$","R","E","R","T","E","?","M","M","E","R","B",null,"M","$","M","M","M"],"character_chosen":"DEFECT","items_purchased":["Defragment","Lantern","Defragment+1"],"campfire_rested":1,"item_purchase_floors":[4,4,19],"current_hp_per_floor":[64,64,57,57,57,57,57,57,57,57,22,15,13,15,38,3,59,56,56,47,17,0],"gold":143,"neow_bonus":"THREE_ENEMY_KILL","is_prod":false,"is_daily":false,"chose_seed":false,"campfire_upgraded":2,"win_rate":0,"timestamp":1556303369,"path_taken":["M","?","?","?","$","R","E","R","T","E","?","?","M","E","R","BOSS","M","$","M","M","M"],"build_version":"2019-01-23","purchased_purges":1,"victory":false,"max_hp_per_floor":[71,71,71,71,71,71,71,71,71,71,71,71,71,78,78,78,78,78,78,78,78,78],"card_choices":[{"not_picked":["Hologram","Redo"],"picked":"Cold Snap","floor":1},{"not_picked":["Aggregate","Turbo"],"picked":"Cold Snap","floor":7},{"not_picked":["BootSequence","Compile Driver+1","Heatsinks"],"picked":"SKIP","floor":10},{"not_picked":["Redo","Beam Cell+1"],"picked":"Consume","floor":12},{"not_picked":["Leap","Conserve Battery"],"picked":"Ball Lightning+1","floor":13},{"not_picked":["Beam Cell+1","Chaos","Steam Power"],"picked":"SKIP","floor":14},{"not_picked":["Echo Form+1","Amplify"],"picked":"Biased Cognition+1","floor":16},{"not_picked":["Hologram","Sweeping Beam+1"],"picked":"Cold Snap+1","floor":18},{"not_picked":["Compile Driver+1","Doom and Gloom+1"],"picked":"Ball Lightning+1","floor":20},{"not_picked":["Turbo","Consume","Reprogram"],"picked":"SKIP","floor":21}],"player_experience":633204,"relics_obtained":[{"floor":7,"key":"Calipers"},{"floor":9,"key":"Molten Egg 2"},{"floor":10,"key":"Shuriken"},{"floor":14,"key":"Strawberry"}],"event_choices":[{"damage_healed":0,"gold_gain":150,"player_choice":"AGREE","damage_taken":0,"max_hp_gain":0,"max_hp_loss":0,"event_name":"Liars Game","floor":2,"gold_loss":0,"cards_obtained":["Doubt"]},{"cards_removed":["Doubt"],"damage_healed":0,"gold_gain":0,"player_choice":"Card Removal","damage_taken":7,"max_hp_gain":0,"max_hp_loss":0,"event_name":"Golden Wing","floor":3,"gold_loss":0},{"damage_healed":0,"gold_gain":0,"player_choice":"Success","damage_taken":35,"relics_obtained":["Frozen Egg 2"],"max_hp_gain":0,"max_hp_loss":0,"event_name":"Scrap Ooze","floor":11,"gold_loss":0}],"is_beta":false,"boss_relics":[{"not_picked":["Snecko Eye","Fusion Hammer"],"picked":"Inserter"}],"items_purged_floors":[19],"is_endless":false,"potions_floor_spawned":[7,10,14,21],"killed_by":"3 Cultists","ascension_level":20}