{"gold_per_floor":[169,169,188,199,216,216,247,247,247,278,290,316,333,346,346,451,451,470,486,32,32,51,51,80,31,57,91,91,118,28,103,103,204,204,216,130,130,180,193,193,203,228,254,77,93,125,27,44,44,44,44,44,44,70,70],"floor_reached":56,"playtime":3585,"items_purged":["Strike_B","Writhe"],"score":1386,"play_id":"466cdd5b-b826-4f67-9339-52e22bf5e79b","local_time":"20190420064318","is_ascension_mode":true,"campfire_choices":[{"data":"Defragment","floor":6,"key":"SMITH"},{"floor":8,"key":"REST"},{"data":"Darkness","floor":15,"key":"SMITH"},{"data":"Zap","floor":23,"key":"SMITH"},{"data":"Defragment","floor":32,"key":"SMITH"},{"data":"Storm","floor":40,"key":"SMITH"},{"floor":49,"key":"RECALL"},{"data":"Defragment","floor":52,"key":"SMITH"}],"neow_cost":"NONE","seed_source_timestamp":3409572588169880,"circlet_count":0,"master_deck":["Strike_B","Strike_B","Strike_B+1","Defend_B","Defend_B","Defend_B","Defend_B+1","Zap+1","Dualcast+1","Defragment+1","Genetic Algorithm","Hologram","Rip and Tear","Ball Lightning","Sweeping Beam","Darkness+1","Ball Lightning","Rainbow","Auto Shields","Echo Form","Steam+1","Loop+1","Capacitor","Go for the Eyes+1","Cold Snap","Defragment+1","Steam Power","Defragment+1","Stack","Reboot","Hologram+1","Cold Snap","Storm+1","Go for the Eyes+1","Redo+1","Redo+1","Undo","Discovery","Cold Snap+1","Steam Power+1"],"relics":["Tiny House","Nunchaku","Mercury Hourglass","Question Card","StoneCalendar","Coffee Dripper","Pear","Cables","Juzu Bracelet","PreservedInsect","Pantograph","Inserter","Blood Vial","Centennial Puzzle","Letter Opener","Mango"],"potions_floor_usage":[5,16,16,24,27,27,33,41,50,55,55],"damage_taken":[{"damage":5,"enemies":"2 Louse","floor":1,"turns":2},{"damage":2,"enemies":"Small Slimes","floor":3,"turns":4},{"damage":0,"enemies":"Cultist","floor":4,"turns":4},{"damage":16,"enemies":"Exordium Thugs","floor":5,"turns":5},{"damage":11,"enemies":"Lagavulin","floor":7,"turns":6},{"damage":1,"enemies":"3 Sentries","floor":10,"turns":4},{"damage":2,"enemies":"Lots of Slimes","floor":11,"turns":2},{"damage":8,"enemies":"Lagavulin","floor":12,"turns":6},{"damage":9,"enemies":"Exordium Wildlife","floor":13,"turns":2},{"damage":11,"enemies":"Blue Slaver","floor":14,"turns":4},{"damage":0,"enemies":"The Guardian","floor":16,"turns":7},{"damage":21,"enemies":"2 Thieves","floor":18,"turns":3},{"damage":0,"enemies":"Spheric Guardian","floor":19,"turns":3},{"damage":5,"enemies":"Snecko","floor":22,"turns":5},{"damage":4,"enemies":"Book of Stabbing","floor":24,"turns":6},{"damage":18,"enemies":"Slavers","floor":27,"turns":5},{"damage":15,"enemies":"Gremlin Leader","floor":29,"turns":5},{"damage":16,"enemies":"Champ","floor":33,"turns":7},{"damage":22,"enemies":"3 Darklings","floor":35,"turns":6},{"damage":10,"enemies":"Orb Walker","floor":39,"turns":3},{"damage":11,"enemies":"Jaw Worm Horde","floor":41,"turns":4},{"damage":1,"enemies":"Nemesis","floor":42,"turns":5},{"damage":1,"enemies":"Sphere and 2 Shapes","floor":45,"turns":4},{"damage":13,"enemies":"Reptomancer","floor":46,"turns":5},{"damage":0,"enemies":"Maw","floor":48,"turns":6},{"damage":35,"enemies":"Time Eater","floor":50,"turns":8},{"damage":86,"enemies":"Shield and Spear","floor":54,"turns":6},{"damage":43,"enemies":"The Heart","floor":55,"turns":9}],"seed_played":"-2425189152280990210","potions_obtained":[{"floor":0,"key":"SteroidPotion"},{"floor":3,"key":"LiquidBronze"},{"floor":4,"key":"GamblersBrew"},{"floor":5,"key":"Energy Potion"},{"floor":10,"key":"PowerPotion"},{"floor":12,"key":"Weak Potion"},{"floor":18,"key":"Weak Potion"},{"floor":27,"key":"Dexterity Potion"},{"floor":28,"key":"FairyPotion"},{"floor":35,"key":"Energy Potion"},{"floor":41,"key":"Energy Potion"},{"floor":42,"key":"Regen Potion"}],"is_trial":false,"path_per_floor":["M","?","M","M","M","R","E","R","T","E","M","E","M","M","R","B",null,"M","M","$","?","M","R","E","$","T","E","?","E","$","?","R","B",null,"M","$","?","T","M","R","M","E","T","$","M","E","$","M","R","B",null,"R","$","E","B",null],"character_chosen":"DEFECT","items_purchased":["Capacitor","Pear","FocusPotion","Block Potion","Defragment","Stack","Cold Snap","Storm","FocusPotion","Discovery"],"campfire_rested":1,"item_purchase_floors":[20,20,20,25,30,30,36,36,44,47],"current_hp_per_floor":[75,59,57,57,41,41,30,54,54,53,51,43,34,23,23,23,80,59,59,69,69,64,64,60,60,60,42,42,27,27,18,18,27,90,68,68,90,90,80,80,71,72,72,72,73,62,62,64,64,55,90,90,90,18,17],"gold":70,"neow_bonus":"BOSS_RELIC","is_prod":false,"is_daily":false,"chose_seed":false,"campfire_upgraded":6,"win_rate":0,"timestamp":1555756998,"path_taken":["M","?","M","M","M","R","E","R","T","E","M","E","M","M","R","BOSS","M","M","$","?","M","R","E","?","T","E","?","E","$","?","R","BOSS","M","$","?","?","M","R","M","E","T","$","M","E","?","M","R","BOSS","R","$","E","BOSS"],"build_version":"2019-04-04","purchased_purges":2,"victory":true,"max_hp_per_floor":[80,80,80,80,80,80,80,80,80,80,80,80,80,80,80,80,80,80,80,90,90,90,90,90,90,90,90,90,90,90,90,90,90,90,90,90,90,90,90,90,90,90,90,90,90,90,90,90,90,90,90,90,90,104,104],"card_choices":[{"not_picked":["Cold Snap","Steam"],"picked":"Defragment","floor":0},{"not_picked":["Double Energy","Sweeping Beam"],"picked":"Genetic Algorithm","floor":1},{"not_picked":["Consume","Force Field"],"picked":"Hologram","floor":3},{"not_picked":["Hologram","Compile Driver"],"picked":"Rip and Tear","floor":4},{"not_picked":["Turbo","Steam"],"picked":"Ball Lightning","floor":5},{"not_picked":["Scrape","Blizzard"],"picked":"Sweeping Beam","floor":7},{"not_picked":["Genetic Algorithm","Redo"],"picked":"Darkness","floor":10},{"not_picked":["Compile Driver","Scrape","Gash"],"picked":"Ball Lightning","floor":11},{"not_picked":["Gash","Self Repair","Sunder"],"picked":"Rainbow","floor":12},{"not_picked":["Static Discharge","Beam Cell","Stack"],"picked":"Auto Shields","floor":13},{"not_picked":["Rebound","Auto Shields","Streamline","Beam Cell"],"picked":"SKIP","floor":14},{"not_picked":["Creative AI","All For One","Biased Cognition"],"picked":"Echo Form","floor":16},{"not_picked":["Compile Driver","Gash","Doom and Gloom"],"picked":"Steam+1","floor":18},{"not_picked":["Barrage","Redo","Aggregate"],"picked":"Loop","floor":19},{"not_picked":["Steam","All For One","Streamline"],"picked":"Go for the Eyes+1","floor":22},{"not_picked":["Aggregate","Hello World","Stack"],"picked":"Cold Snap","floor":24},{"not_picked":["Go for the Eyes","Doom and Gloom+1","Reprogram+1"],"picked":"Defragment","floor":27},{"not_picked":["Hello World","Barrage","White Noise"],"picked":"Steam Power","floor":29},{"not_picked":["Biased Cognition","Creative AI","Hyperbeam"],"picked":"Reboot","floor":33},{"not_picked":["Compile Driver+1","Tempest","Recycle"],"picked":"Hologram+1","floor":35},{"not_picked":["Hologram+1","Heatsinks+1","Turbo"],"picked":"Go for the Eyes+1","floor":39},{"not_picked":["Gash+1","Beam Cell+1","Conserve Battery+1"],"picked":"Redo+1","floor":41},{"not_picked":["Multi-Cast","Reinforced Body","Gash+1"],"picked":"Redo+1","floor":42},{"not_picked":["Stack","Auto Shields+1","Compile Driver+1","Force Field"],"picked":"SKIP","floor":45},{"not_picked":["Loop","Ball Lightning","Reboot"],"picked":"Undo","floor":46},{"not_picked":["Stack+1","Steam","Consume+1"],"picked":"Cold Snap+1","floor":48},{"not_picked":["Meteor Strike","Blizzard+1","Reprogram"],"picked":"Steam Power+1","floor":54}],"player_experience":5409809,"relics_obtained":[{"floor":7,"key":"Nunchaku"},{"floor":9,"key":"Mercury Hourglass"},{"floor":10,"key":"Question Card"},{"floor":12,"key":"StoneCalendar"},{"floor":24,"key":"Cables"},{"floor":26,"key":"Juzu Bracelet"},{"floor":27,"key":"PreservedInsect"},{"floor":29,"key":"Pantograph"},{"floor":38,"key":"Blood Vial"},{"floor":42,"key":"Centennial Puzzle"},{"floor":46,"key":"Letter Opener"},{"floor":54,"key":"Mango"}],"event_choices":[{"damage_healed":0,"gold_gain":0,"player_choice":"Entered Light","damage_taken":16,"max_hp_gain":0,"max_hp_loss":0,"event_name":"Shining Light","floor":2,"gold_loss":0,"cards_upgraded":["Defend_B","Dualcast"]},{"damage_healed":0,"gold_gain":0,"player_choice":"Upgraded","damage_taken":0,"max_hp_gain":0,"max_hp_loss":0,"event_name":"Upgrade Shrine","floor":21,"gold_loss":0,"cards_upgraded":["Loop"]},{"damage_healed":0,"gold_gain":0,"player_choice":"Got Potions","damage_taken":0,"max_hp_gain":0,"max_hp_loss":0,"event_name":"Lab","floor":28,"gold_loss":0},{"damage_healed":0,"gold_gain":75,"player_choice":"Touch","damage_taken":9,"max_hp_gain":0,"max_hp_loss":0,"event_name":"FaceTrader","floor":31,"gold_loss":0},{"damage_healed":23,"gold_gain":0,"player_choice":"Writhe","damage_taken":0,"max_hp_gain":0,"max_hp_loss":0,"event_name":"Winding Halls","floor":37,"gold_loss":0,"cards_obtained":["Writhe"]}],"is_beta":true,"boss_relics":[{"not_picked":["Fusion Hammer","Astrolabe"],"picked":"Coffee Dripper"},{"not_picked":["Cursed Key","Orrery"],"picked":"Inserter"}],"items_purged_floors":[20,44],"is_endless":false,"potions_floor_spawned":[3,4,5,10,12,14,18,27,29,35,41,42,48],"ascension_level":1}