{"gold_per_floor":[112,128,128,140,17,50,62,87,112,128,143,143,170,188,188,188],"floor_reached":16,"playtime":717,"items_purged":["Strike_R"],"score":194,"play_id":"d828c1a0-3aea-4c3a-bd17-746c0028f41d","local_time":"20190412114735","is_ascension_mode":true,"campfire_choices":[{"floor":12,"key":"REST"},{"floor":15,"key":"REST"}],"neow_cost":"NONE","seed_source_timestamp":78820907881473,"circlet_count":0,"master_deck":["AscendersBane","Strike_R+1","Strike_R+1","Strike_R+1","Strike_R","Defend_R","Defend_R","Defend_R","Defend_R","Bash+1","Spot Weakness","Pummel","Iron Wave+1","Shrug It Off","Battle Trance+1","Shrug It Off+1","hubris:ReadiedAction+1","hubris:ReadiedAction+1","Disarm+1","Flame Barrier+1"],"relics":["Burning Blood","Toxic Egg 2","Potion Belt","Ancient Tea Set","Whetstone"],"potions_floor_usage":[6,16],"damage_taken":[{"damage":1,"enemies":"Cultist","floor":1,"turns":3},{"damage":9,"enemies":"Jaw Worm","floor":2,"turns":4},{"damage":15,"enemies":"Small Slimes","floor":4,"turns":3},{"damage":30,"enemies":"Gremlin Nob","floor":6,"turns":4},{"damage":6,"enemies":"Blue Slaver","floor":7,"turns":4},{"damage":13,"enemies":"Lots of Slimes","floor":10,"turns":4},{"damage":0,"enemies":"Looter","floor":11,"turns":2},{"damage":20,"enemies":"Lagavulin","floor":13,"turns":7},{"damage":11,"enemies":"3 Louse","floor":14,"turns":4},{"damage":55,"enemies":"Slime Boss","floor":16,"turns":9}],"seed_played":"1038968277807037687","potions_obtained":[{"floor":4,"key":"BloodPotion"},{"floor":10,"key":"Weak Potion"},{"floor":13,"key":"Ancient Potion"},{"floor":14,"key":"Ancient Potion"}],"is_trial":false,"path_per_floor":["M","M","?","M","$","E","M","T","T","M","M","R","E","M","R","B"],"character_chosen":"IRONCLAD","items_purchased":["Shrug It Off"],"campfire_rested":2,"item_purchase_floors":[5],"current_hp_per_floor":[73,70,55,46,46,29,29,29,29,22,28,50,36,31,53,0],"gold":188,"neow_bonus":"UPGRADE_CARD","is_prod":false,"is_daily":false,"chose_seed":false,"campfire_upgraded":0,"win_rate":0,"timestamp":1555080455,"path_taken":["M","?","?","M","$","E","M","?","T","M","M","R","E","M","R","BOSS"],"build_version":"2019-01-23","purchased_purges":1,"victory":false,"max_hp_per_floor":[75,75,75,75,75,75,75,75,75,75,75,75,75,75,75,75],"card_choices":[{"not_picked":["Thunderclap","Havoc"],"picked":"Spot Weakness","floor":1},{"not_picked":["Entrench","vexMod:TrainingStrike"],"picked":"Pummel","floor":2},{"not_picked":["Seeing Red","Perfected Strike"],"picked":"Iron Wave","floor":4},{"not_picked":["Dark Embrace","Infernal Blade"],"picked":"Battle Trance","floor":6},{"not_picked":["Perfected Strike","vexMod:TrainingStrike"],"picked":"Shrug It Off+1","floor":7},{"not_picked":["vexMod:TrainingStrike","Sever Soul"],"picked":"hubris:ReadiedAction+1","floor":10},{"not_picked":["Perfected Strike","Bloodletting+1"],"picked":"hubris:ReadiedAction+1","floor":11},{"not_picked":["vexMod:TrainingStrike","Clash"],"picked":"Disarm+1","floor":13},{"not_picked":["Reckless Charge","True Grit+1"],"picked":"Flame Barrier+1","floor":14}],"player_experience":1087624,"relics_obtained":[{"floor":6,"key":"Toxic Egg 2"},{"floor":8,"key":"Potion Belt"},{"floor":9,"key":"Ancient Tea Set"},{"floor":13,"key":"Whetstone"}],"event_choices":[{"damage_healed":0,"gold_gain":0,"player_choice":"Entered Light","damage_taken":15,"max_hp_gain":0,"max_hp_loss":0,"event_name":"Shining Light","floor":3,"gold_loss":0,"cards_upgraded":["Strike_R","Strike_R"]}],"is_beta":false,"boss_relics":[],"items_purged_floors":[5],"is_endless":false,"potions_floor_spawned":[4,10,13,14],"killed_by":"Slime Boss","ascension_level":14}