{"gold_per_floor":[116,7,7,21,36,36,66,66,92,107,107,32,76,99,99,188,188,181,181,196,221,244,244,244,244],"floor_reached":25,"playtime":5987,"items_purged":["Injury"],"score":376,"play_id":"e4c6388d-91d0-412a-9290-1720fd14fdfd","local_time":"20190327213358","is_ascension_mode":true,"campfire_choices":[{"data":"Consume","floor":6,"key":"SMITH"},{"data":"Chaos","floor":11,"key":"SMITH"},{"floor":15,"key":"REST"},{"floor":23,"key":"REST"}],"neow_cost":"NONE","seed_source_timestamp":590474555769846,"circlet_count":0,"master_deck":["AscendersBane","Strike_B+1","Strike_B+1","Strike_B+1","Strike_B+1","Defend_B+1","Defend_B+1","Defend_B+1","Defend_B+1","Zap","Dualcast","Sweeping Beam","Consume+1","Sweeping Beam","Chaos+1","Auto Shields","Capacitor","Reinforced Body","Conserve Battery","Core Surge","Barrage+1","Ghostly","Ghostly","Ghostly","Ghostly","Ghostly","Ball Lightning","Self Repair","Barrage+1","Darkness"],"relics":["Cracked Core","NeowsBlessing","Dream Catcher","Bronze Scales","Golden Idol","Lantern","Blue Candle","Cursed Key"],"potions_floor_usage":[7,13,14,16],"damage_taken":[{"damage":0,"enemies":"Cultist","floor":1,"turns":1},{"damage":0,"enemies":"Jaw Worm","floor":4,"turns":1},{"damage":0,"enemies":"2 Louse","floor":5,"turns":1},{"damage":40,"enemies":"3 Sentries","floor":7,"turns":5},{"damage":4,"enemies":"Looter","floor":10,"turns":3},{"damage":16,"enemies":"Gremlin Nob","floor":13,"turns":3},{"damage":0,"enemies":"3 Louse","floor":14,"turns":1},{"damage":25,"enemies":"Slime Boss","floor":16,"turns":12},{"damage":28,"enemies":"2 Thieves","floor":18,"turns":4},{"damage":2,"enemies":"Shell Parasite","floor":20,"turns":6},{"damage":11,"enemies":"Centurion and Healer","floor":21,"turns":8},{"damage":11,"enemies":"3 Cultists","floor":22,"turns":6},{"damage":39,"enemies":"Chosen and Byrds","floor":25,"turns":6}],"seed_played":"15926937262347499","potions_obtained":[{"floor":5,"key":"Strength Potion"},{"floor":7,"key":"PowerPotion"},{"floor":13,"key":"Explosive Potion"},{"floor":14,"key":"SkillPotion"},{"floor":18,"key":"Dexterity Potion"}],"is_trial":false,"path_per_floor":["M","?","$","M","M","R","E","?","T","M","R","$","E","M","R","B",null,"M","?","M","M","M","R","?","M"],"character_chosen":"DEFECT","items_purchased":[],"campfire_rested":2,"item_purchase_floors":[],"current_hp_per_floor":[68,68,68,68,68,68,28,28,28,24,24,24,8,8,30,5,58,30,30,28,17,13,24,24,0],"gold":244,"neow_bonus":"THREE_ENEMY_KILL","is_prod":false,"is_daily":false,"chose_seed":false,"campfire_upgraded":2,"win_rate":0,"timestamp":1553733238,"path_taken":["M","?","?","?","M","R","E","?","T","M","R","$","E","M","R","BOSS","M","?","M","M","M","R","?","M"],"build_version":"2019-01-23","purchased_purges":1,"victory":false,"max_hp_per_floor":[75,75,75,75,75,75,75,75,75,75,75,75,75,75,75,75,75,75,37,37,37,37,37,37,37],"card_choices":[{"not_picked":["Turbo","Blizzard"],"picked":"Sweeping Beam","floor":1},{"not_picked":["Compile Driver","Capacitor"],"picked":"Consume","floor":4},{"not_picked":["Redo","Turbo"],"picked":"Sweeping Beam","floor":5},{"not_picked":["Coolheaded","BootSequence"],"picked":"Chaos","floor":7},{"not_picked":["Barrage","Steam"],"picked":"Auto Shields","floor":10},{"not_picked":["Tempest","Amplify"],"picked":"Capacitor","floor":13},{"not_picked":["Sweeping Beam","Barrage"],"picked":"Reinforced Body","floor":14},{"not_picked":["Gash","Beam Cell"],"picked":"Conserve Battery","floor":15},{"not_picked":["Hyperbeam","Thunder Strike"],"picked":"Core Surge","floor":16},{"not_picked":["Beam Cell","Heatsinks"],"picked":"Barrage+1","floor":18},{"not_picked":["Compile Driver","Steam"],"picked":"Ball Lightning","floor":20},{"not_picked":["Barrage","Undo"],"picked":"Self Repair","floor":21},{"not_picked":["Melter","Ball Lightning"],"picked":"Barrage+1","floor":22},{"not_picked":["Conserve Battery","Cold Snap"],"picked":"Darkness","floor":23}],"player_experience":997048,"relics_obtained":[{"floor":7,"key":"Bronze Scales"},{"floor":9,"key":"Lantern"},{"floor":13,"key":"Blue Candle"}],"event_choices":[{"damage_healed":0,"gold_gain":0,"player_choice":"Paid Gold","damage_taken":0,"relics_obtained":["Dream Catcher"],"max_hp_gain":0,"max_hp_loss":0,"event_name":"WeMeetAgain","floor":2,"gold_loss":109},{"damage_healed":0,"gold_gain":0,"player_choice":"Take Wound","damage_taken":0,"relics_obtained":["Golden Idol"],"max_hp_gain":0,"max_hp_loss":0,"event_name":"Golden Idol","floor":8,"gold_loss":0,"cards_obtained":["Injury"]},{"damage_healed":0,"gold_gain":0,"player_choice":"Became a Ghost","damage_taken":0,"max_hp_gain":0,"max_hp_loss":38,"event_name":"Ghosts","floor":19,"gold_loss":0,"cards_obtained":["Ghostly","Ghostly","Ghostly","Ghostly","Ghostly"]},{"damage_healed":0,"gold_gain":0,"player_choice":"Simplicity","damage_taken":0,"max_hp_gain":0,"max_hp_loss":0,"event_name":"Back to Basics","floor":24,"gold_loss":0,"cards_upgraded":["Strike_B","Strike_B","Strike_B","Strike_B","Defend_B","Defend_B","Defend_B","Defend_B"]}],"is_beta":false,"boss_relics":[{"not_picked":["Pandora\u0027s Box","Calling Bell"],"picked":"Cursed Key"}],"items_purged_floors":[12],"is_endless":false,"potions_floor_spawned":[5,7,13,14,18],"killed_by":"Chosen and Byrds","ascension_level":13}