{"gold_per_floor":[115,127,140,151,151,151,74,102,129,129,248,248,268,287,287,287],"floor_reached":16,"playtime":532,"items_purged":[],"score":140,"play_id":"3e559427-5d51-4c1e-8500-e922196f0015","local_time":"20190104030104","is_ascension_mode":true,"campfire_choices":[{"floor":6,"key":"REST"},{"data":"Seeing Red","floor":10,"key":"SMITH"},{"data":"infinitespire:OneForAll","floor":12,"key":"SMITH"},{"data":"Shockwave","floor":15,"key":"SMITH"}],"neow_cost":"TEN_PERCENT_HP_LOSS","seed_source_timestamp":55396877508152,"circlet_count":0,"master_deck":["Strike_R","Strike_R","Strike_R","Strike_R","Strike_R","Defend_R","Defend_R","Defend_R","Defend_R","Bash","Thunderclap","Warcry","infinitespire:OneForAll+1","Anger","Shockwave+1","Seeing Red+1","Cleave","Rage","Cleave"],"relics":["Burning Blood","Bird Faced Urn","Du-Vu Doll","Centennial Puzzle"],"potions_floor_usage":[8,11,16],"damage_taken":[{"damage":15,"enemies":"Jaw Worm","floor":1,"turns":5},{"damage":11,"enemies":"Cultist","floor":2,"turns":4},{"damage":1,"enemies":"2 Louse","floor":3,"turns":2},{"damage":21,"enemies":"2 Fungi Beasts","floor":4,"turns":4},{"damage":15,"enemies":"Lagavulin","floor":8,"turns":5},{"damage":6,"enemies":"Large Slime","floor":11,"turns":4},{"damage":16,"enemies":"Looter","floor":13,"turns":3},{"damage":0,"enemies":"3 Louse","floor":14,"turns":3},{"damage":53,"enemies":"The Guardian","floor":16,"turns":11}],"seed_played":"5507948577077365978","potions_obtained":[{"floor":1,"key":"Fire Potion"},{"floor":3,"key":"PowerPotion"},{"floor":13,"key":"Swift Potion"}],"is_trial":false,"path_per_floor":["M","M","M","M","?","R","$","E","T","R","M","R","M","M","R","B"],"character_chosen":"IRONCLAD","items_purchased":["Shockwave"],"campfire_rested":1,"item_purchase_floors":[7],"current_hp_per_floor":[63,58,63,48,41,62,62,55,55,55,55,55,45,51,51,0],"gold":287,"neow_bonus":"ONE_RARE_RELIC","is_prod":false,"is_daily":false,"chose_seed":false,"campfire_upgraded":3,"win_rate":0,"timestamp":1546581664,"path_taken":["M","M","M","M","?","R","$","E","T","R","M","R","M","M","R","BOSS"],"build_version":"2019-01-03v3","purchased_purges":0,"victory":false,"max_hp_per_floor":[72,72,72,72,72,72,72,72,72,72,72,72,72,72,72,72],"card_choices":[{"not_picked":["Whirlwind","Clash"],"picked":"Thunderclap","floor":1},{"not_picked":["Ghostly Armor","Evolve"],"picked":"Warcry","floor":2},{"not_picked":["Rampage","Blood for Blood"],"picked":"infinitespire:OneForAll","floor":3},{"not_picked":["Searing Blow","Power Through"],"picked":"Anger","floor":4},{"not_picked":["Searing Blow","Iron Wave"],"picked":"Seeing Red","floor":8},{"not_picked":["Body Slam","Shockwave"],"picked":"Cleave","floor":11},{"not_picked":["Sentinel","Infernal Blade"],"picked":"Rage","floor":13},{"not_picked":["Rage","Flex"],"picked":"Cleave","floor":14}],"player_experience":610211,"relics_obtained":[{"floor":8,"key":"Du-Vu Doll"},{"floor":9,"key":"Centennial Puzzle"}],"event_choices":[{"damage_healed":0,"gold_gain":0,"player_choice":"Damaged","damage_taken":7,"max_hp_gain":0,"max_hp_loss":0,"event_name":"Wheel of Change","floor":5,"gold_loss":0}],"is_beta":false,"boss_relics":[],"items_purged_floors":[],"is_endless":false,"potions_floor_spawned":[1,3,13],"killed_by":"The Guardian","ascension_level":7}