{"gold_per_floor":[119,21,21,21,39,39,73,136,187,199,211,250,273,295,307,392,404,428,96,80,80],"floor_reached":21,"playtime":1376,"items_purged":["Normality"],"score":327,"play_id":"d4d5dd82-c2e9-400d-8484-0ae0b326be90","local_time":"20190416184908","is_ascension_mode":true,"campfire_choices":[{"data":"Inflame","floor":6,"key":"SMITH"},{"data":"Seeing Red","floor":15,"key":"SMITH"}],"neow_cost":"NONE","seed_source_timestamp":449108699196431,"circlet_count":0,"master_deck":["AscendersBane","Strike_R","Strike_R","Strike_R","Strike_R","Strike_R","Defend_R+1","Defend_R","Defend_R","Defend_R","Bash","Battle Trance","Inflame+1","Shrug It Off","Pummel+1","Inflame","Intimidate","Disarm","Seeing Red+1","Wild Strike","Offering","Doubt","Injury","Feel No Pain","Armaments","Inflame"],"relics":["Burning Blood","Bag of Preparation","Bottled Lightning","MawBank","Matryoshka","Calling Bell","Smiling Mask","Question Card","Shovel","Kunai"],"potions_floor_usage":[8,20,21],"damage_taken":[{"damage":7,"enemies":"Jaw Worm","floor":1,"turns":3},{"damage":0,"enemies":"Small Slimes","floor":5,"turns":2},{"damage":20,"enemies":"Lagavulin","floor":7,"turns":5},{"damage":8,"enemies":"Gremlin Nob","floor":8,"turns":3},{"damage":19,"enemies":"3 Sentries","floor":12,"turns":8},{"damage":0,"enemies":"2 Louse","floor":13,"turns":3},{"damage":9,"enemies":"Looter","floor":14,"turns":3},{"damage":31,"enemies":"The Guardian","floor":16,"turns":14},{"damage":60,"enemies":"3 Byrds","floor":18,"turns":10},{"damage":7,"enemies":"2 Thieves","floor":20,"turns":4},{"damage":16,"enemies":"Shelled Parasite and Fungi","floor":21,"turns":2}],"seed_played":"5825318805599440881","potions_obtained":[{"floor":1,"key":"Energy Potion"},{"floor":5,"key":"Strength Potion"},{"floor":13,"key":"Regen Potion"}],"is_trial":false,"path_per_floor":["M","$","?","?","M","R","E","?","T","?","?","E","M","M","R","B",null,"M","$","M","M"],"character_chosen":"IRONCLAD","items_purchased":["Shrug It Off","Pummel","Armaments","Kunai"],"campfire_rested":0,"item_purchase_floors":[2,2,19,19],"current_hp_per_floor":[67,67,44,44,50,50,36,34,34,34,75,62,68,65,65,40,66,12,12,11,0],"gold":80,"neow_bonus":"THREE_CARDS","is_prod":false,"is_daily":false,"chose_seed":false,"campfire_upgraded":2,"win_rate":0,"timestamp":1555451348,"path_taken":["M","$","?","?","?","R","E","?","T","?","?","E","M","M","R","BOSS","M","?","M","?"],"build_version":"2019-01-23","purchased_purges":1,"victory":false,"max_hp_per_floor":[75,75,75,75,75,75,75,75,75,75,75,75,75,75,75,75,75,75,75,75,75],"card_choices":[{"not_picked":["Anger","Combust"],"picked":"Battle Trance","floor":0},{"not_picked":["Dual Wield","Bloodletting"],"picked":"Inflame","floor":1},{"not_picked":["Ghostly Armor","Clash"],"picked":"Inflame","floor":5},{"not_picked":["Body Slam","Rampage"],"picked":"Intimidate","floor":7},{"not_picked":["Uppercut","Ghostly Armor"],"picked":"Disarm","floor":12},{"not_picked":["Clothesline","Rage"],"picked":"Seeing Red","floor":13},{"not_picked":["Clash","Carnage"],"picked":"Wild Strike","floor":14},{"not_picked":["Fiend Fire","Impervious"],"picked":"Offering","floor":16},{"not_picked":["Rupture","Havoc+1","Headbutt"],"picked":"Feel No Pain","floor":18},{"not_picked":["Rage","Pummel","Iron Wave"],"picked":"Inflame","floor":20}],"player_experience":1134146,"relics_obtained":[{"floor":7,"key":"Bag of Preparation"},{"floor":8,"key":"Bottled Lightning"},{"floor":9,"key":"MawBank"},{"floor":12,"key":"Matryoshka"},{"floor":17,"key":"Smiling Mask"},{"floor":17,"key":"Question Card"},{"floor":17,"key":"Shovel"}],"event_choices":[{"damage_healed":0,"gold_gain":0,"player_choice":"Entered Light","damage_taken":23,"max_hp_gain":0,"max_hp_loss":0,"event_name":"Shining Light","floor":3,"gold_loss":0,"cards_upgraded":["Pummel","Defend_R"]},{"damage_healed":0,"gold_gain":0,"player_choice":"Leave","damage_taken":0,"max_hp_gain":0,"max_hp_loss":0,"event_name":"The Cleric","floor":4,"gold_loss":0},{"damage_healed":0,"gold_gain":0,"player_choice":"Searched \u00271\u0027 times","damage_taken":0,"max_hp_gain":0,"max_hp_loss":0,"event_name":"Dead Adventurer","floor":8,"gold_loss":0},{"damage_healed":0,"gold_gain":0,"player_choice":"Ignored","damage_taken":0,"max_hp_gain":0,"max_hp_loss":0,"event_name":"Liars Game","floor":10,"gold_loss":0},{"damage_healed":41,"gold_gain":0,"player_choice":"Full Heal","damage_taken":0,"max_hp_gain":0,"max_hp_loss":0,"event_name":"Wheel of Change","floor":11,"gold_loss":0}],"is_beta":false,"boss_relics":[{"not_picked":["Runic Pyramid","Velvet Choker"],"picked":"Calling Bell"}],"items_purged_floors":[19],"is_endless":false,"potions_floor_spawned":[1,5,13,18],"killed_by":"Shelled Parasite and Fungi","ascension_level":15}