{"gold_per_floor":[363,382,396,396,14,42,62,73,96,96,96,16,41,54,54,158,158,171,186,111,111,121,121,134,163,163,40,53,63,63,90,90,192,192,203,278,100,114,125,125,156,169,192,8,22,22,39,39,39,39,39,39,2,2],"floor_reached":54,"playtime":2836,"items_purged":["Strike_B","Strike_B","Strike_B+1","Writhe"],"score":786,"play_id":"6a328201-9c0d-4b5c-ad1c-e0b32564f311","local_time":"20190314133517","is_ascension_mode":false,"campfire_choices":[{"floor":11,"key":"REST"},{"data":"Inflame","floor":15,"key":"SMITH"},{"data":"Uppercut","floor":23,"key":"SMITH"},{"data":"Hologram","floor":30,"key":"SMITH"},{"floor":32,"key":"REST"},{"floor":40,"key":"REST"},{"floor":49,"key":"RECALL"},{"data":"Echo Form","floor":52,"key":"SMITH"}],"neow_cost":"PERCENT_DAMAGE","seed_source_timestamp":100266473758823,"circlet_count":0,"master_deck":["Defend_B","Defend_B+1","Defend_B","Defend_B","Zap+1","Dualcast","Hologram+1","BootSequence","Gash","Sweeping Beam+1","Uppercut+1","Inflame+1","Shockwave","Glacier","Headbutt","Echo Form+1","Undo+1","Quick Slash+1","Compile Driver+1","Glacier","Ball Lightning","Dagger Spray","Dagger Spray","Deep Breath+1","Panache","Ball Lightning+1","Turbo","Flex+1","Enlightenment+1","Flash of Steel","FTL","Escape Plan","Normality","Purity","Flash of Steel","Recycle"],"relics":["Cracked Core","PrismaticShard","StoneCalendar","Strawberry","Odd Mushroom","Cursed Key","Whetstone","Blood Vial","Runic Pyramid","Vajra","Pantograph"],"potions_floor_usage":[16,21,25,25,33,54],"damage_taken":[{"damage":0,"enemies":"2 Louse","floor":1,"turns":2},{"damage":0,"enemies":"Cultist","floor":2,"turns":4},{"damage":0,"enemies":"Small Slimes","floor":3,"turns":2},{"damage":21,"enemies":"3 Sentries","floor":6,"turns":6},{"damage":0,"enemies":"Exordium Wildlife","floor":7,"turns":2},{"damage":3,"enemies":"Lots of Slimes","floor":8,"turns":3},{"damage":4,"enemies":"The Mushroom Lair","floor":13,"turns":4},{"damage":0,"enemies":"Looter","floor":14,"turns":2},{"damage":0,"enemies":"The Guardian","floor":16,"turns":10},{"damage":7,"enemies":"3 Byrds","floor":18,"turns":4},{"damage":11,"enemies":"Spheric Guardian","floor":19,"turns":4},{"damage":16,"enemies":"Cultist and Chosen","floor":22,"turns":5},{"damage":0,"enemies":"Centurion and Healer","floor":24,"turns":4},{"damage":0,"enemies":"Book of Stabbing","floor":25,"turns":5},{"damage":5,"enemies":"Sentry and Sphere","floor":28,"turns":5},{"damage":6,"enemies":"Snake Plant","floor":29,"turns":4},{"damage":24,"enemies":"Gremlin Leader","floor":31,"turns":5},{"damage":21,"enemies":"Collector","floor":33,"turns":9},{"damage":8,"enemies":"Orb Walker","floor":35,"turns":3},{"damage":6,"enemies":"3 Shapes","floor":38,"turns":4},{"damage":14,"enemies":"3 Darklings","floor":39,"turns":3},{"damage":6,"enemies":"Reptomancer","floor":41,"turns":7},{"damage":11,"enemies":"Maw","floor":42,"turns":7},{"damage":9,"enemies":"4 Shapes","floor":45,"turns":2},{"damage":25,"enemies":"Spire Growth","floor":47,"turns":5},{"damage":35,"enemies":"Awakened One","floor":50,"turns":11},{"damage":93,"enemies":"Shield and Spear","floor":54,"turns":5}],"seed_played":"3883960268346725632","potions_obtained":[{"floor":7,"key":"Weak Potion"},{"floor":14,"key":"Dexterity Potion"},{"floor":16,"key":"Regen Potion"},{"floor":21,"key":"Fruit Juice"},{"floor":21,"key":"EssenceOfSteel"},{"floor":25,"key":"FocusPotion"},{"floor":28,"key":"Swift Potion"},{"floor":33,"key":"Explosive Potion"}],"is_trial":false,"path_per_floor":["M","M","M","?","$","E","M","M","T","?","R","$","?","M","R","B",null,"M","M","?","?","M","R","M","E","T","$","M","M","R","E","R","B",null,"M","?","$","M","M","R","E","M","T","$","M","T","M","?","R","B",null,"R","$","E"],"character_chosen":"DEFECT","items_purchased":["Strength Potion","Sweeping Beam","PrismaticShard","Glacier","Ball Lightning","Turbo","FTL","Recycle"],"campfire_rested":3,"item_purchase_floors":[5,5,5,12,27,37,44,53],"current_hp_per_floor":[54,54,54,54,54,33,33,30,37,21,45,45,41,41,41,41,82,75,64,64,69,53,53,53,67,67,67,62,56,56,32,58,39,87,79,71,71,67,55,81,77,68,68,68,61,61,38,28,28,20,87,87,87,0],"gold":2,"neow_bonus":"TWO_FIFTY_GOLD","is_prod":false,"is_daily":false,"chose_seed":false,"campfire_upgraded":4,"win_rate":0,"timestamp":1552570517,"path_taken":["M","M","M","?","$","E","M","?","T","?","R","$","?","M","R","BOSS","M","M","?","?","?","R","M","E","T","$","M","M","R","E","R","BOSS","M","?","$","?","M","R","E","M","T","$","M","?","M","?","R","BOSS","R","$","E"],"build_version":"2019-02-06","purchased_purges":4,"victory":false,"max_hp_per_floor":[75,75,75,75,75,75,75,75,82,82,82,82,82,82,82,82,82,82,82,82,87,87,87,87,87,87,87,87,87,87,87,87,87,87,87,87,87,87,87,87,87,87,87,87,87,87,87,87,87,87,87,87,87,87],"card_choices":[{"not_picked":["Beam Cell","Gash"],"picked":"Hologram","floor":1},{"not_picked":["Redo","Turbo"],"picked":"BootSequence","floor":2},{"not_picked":["Coolheaded","Lockon"],"picked":"Gash","floor":3},{"not_picked":["Rip and Tear","Barrage"],"picked":"Uppercut","floor":6},{"not_picked":["Iron Wave","Hyperbeam"],"picked":"Inflame","floor":7},{"not_picked":["Sucker Punch","Dramatic Entrance"],"picked":"Shockwave","floor":8},{"not_picked":["Armaments","Hologram"],"picked":"Headbutt","floor":13},{"not_picked":["Heavy Blade","Lockon","Perfected Strike"],"picked":"SKIP","floor":14},{"not_picked":["Brutality","Violence"],"picked":"Echo Form","floor":16},{"not_picked":["Choke","Rebound"],"picked":"Undo+1","floor":18},{"not_picked":["Havoc","Sunder","Anger"],"picked":"SKIP","floor":19},{"not_picked":["Flying Knee","Leap"],"picked":"Quick Slash","floor":22},{"not_picked":["Anger","Blizzard+1"],"picked":"Compile Driver+1","floor":24},{"not_picked":["Blood for Blood","Heavy Blade"],"picked":"Glacier","floor":25},{"not_picked":["Body Slam","Reckless Charge"],"picked":"Dagger Spray","floor":28},{"not_picked":["Go for the Eyes+1","Blood for Blood+1"],"picked":"Dagger Spray","floor":29},{"not_picked":["Coolheaded","Flying Knee+1"],"picked":"Deep Breath+1","floor":31},{"not_picked":["Unload","Die Die Die"],"picked":"Panache","floor":33},{"not_picked":["Sword Boomerang+1","Slice"],"picked":"Ball Lightning+1","floor":35},{"not_picked":["Deep Breath+1","Cold Snap"],"picked":"Flex+1","floor":38},{"not_picked":["Meteor Strike","Havoc+1","Rampage"],"picked":"SKIP","floor":39},{"not_picked":["True Grit","Concentrate"],"picked":"Enlightenment+1","floor":41},{"not_picked":["Streamline+1","Deadly Poison"],"picked":"Flash of Steel","floor":42},{"not_picked":["Clothesline","Perfected Strike+1"],"picked":"Escape Plan","floor":45},{"not_picked":["Battle Trance","Die Die Die","Cleave+1"],"picked":"SKIP","floor":47},{"not_picked":["Secret Weapon","Dramatic Entrance"],"picked":"Purity","floor":48},{"not_picked":["Jack Of All Trades","Forethought"],"picked":"Flash of Steel","floor":48}],"player_experience":1080207,"relics_obtained":[{"floor":6,"key":"StoneCalendar"},{"floor":9,"key":"Strawberry"},{"floor":13,"key":"Odd Mushroom"},{"floor":25,"key":"Whetstone"},{"floor":31,"key":"Blood Vial"},{"floor":41,"key":"Vajra"},{"floor":46,"key":"Pantograph"}],"event_choices":[{"damage_healed":0,"gold_gain":0,"player_choice":"Upgraded","damage_taken":0,"max_hp_gain":0,"max_hp_loss":0,"event_name":"Upgrade Shrine","floor":4,"gold_loss":0,"cards_upgraded":["Zap"]},{"damage_healed":0,"gold_gain":0,"player_choice":"Entered Light","damage_taken":16,"max_hp_gain":0,"max_hp_loss":0,"event_name":"Shining Light","floor":10,"gold_loss":0,"cards_upgraded":["Defend_B","Sweeping Beam"]},{"damage_healed":0,"gold_gain":0,"player_choice":"Fought Mushrooms","damage_taken":0,"max_hp_gain":0,"max_hp_loss":0,"event_name":"Mushrooms","floor":13,"gold_loss":0},{"cards_removed":["Strike_B"],"damage_healed":0,"gold_gain":0,"player_choice":"Gave Gold","damage_taken":0,"max_hp_gain":0,"max_hp_loss":0,"event_name":"Beggar","floor":20,"gold_loss":75},{"damage_healed":0,"gold_gain":0,"player_choice":"Got Potions","damage_taken":0,"max_hp_gain":0,"max_hp_loss":0,"event_name":"Lab","floor":21,"gold_loss":0},{"damage_healed":0,"gold_gain":75,"player_choice":"Touch","damage_taken":8,"max_hp_gain":0,"max_hp_loss":0,"event_name":"FaceTrader","floor":36,"gold_loss":0},{"damage_healed":0,"gold_gain":0,"player_choice":"Memory 3","damage_taken":10,"max_hp_gain":0,"max_hp_loss":0,"event_name":"SensoryStone","floor":48,"gold_loss":0}],"is_beta":true,"boss_relics":[{"not_picked":["Lizard Tail","Fusion Hammer"],"picked":"Cursed Key"},{"not_picked":["Calling Bell","Black Star"],"picked":"Runic Pyramid"}],"items_purged_floors":[5,27,37,44],"is_endless":false,"potions_floor_spawned":[7,14,16,18,25,28,29,33,35,38,45],"killed_by":"Shield and Spear","ascension_level":0}