{"gold_per_floor":[116,45,45,45,45,45,81,81,81,119,119,134,209,243,243,366,366,389,409,427,471,596,596,621,621,693,693,5,30,30,73,73,204,204,224,224,244,259,259,259,302,325,325,325,1,21,21,35,35,35,35,35,35,79,79],"floor_reached":56,"playtime":2613,"items_purged":["Normality","Strike_G"],"score":1351,"play_id":"466a878b-7e41-44b3-b022-f5169ff2d892","local_time":"20190503204852","is_ascension_mode":false,"campfire_choices":[{"data":"Dagger Spray","floor":6,"key":"SMITH"},{"data":"Neutralize","floor":8,"key":"SMITH"},{"data":"Footwork","floor":11,"key":"SMITH"},{"data":"Flying Knee","floor":15,"key":"SMITH"},{"data":"Noxious Fumes","floor":23,"key":"SMITH"},{"data":"Calculated Gamble","floor":25,"key":"SMITH"},{"data":"Caltrops","floor":27,"key":"SMITH"},{"data":"Cloak And Dagger","floor":30,"key":"SMITH"},{"data":"Strike_G","floor":32,"key":"PURGE"},{"data":"Strike_G","floor":40,"key":"PURGE"},{"data":"Parasite","floor":44,"key":"PURGE"},{"floor":49,"key":"RECALL"},{"data":"Corpse Explosion","floor":52,"key":"SMITH"}],"neow_cost":"NONE","seed_source_timestamp":464955016817933,"circlet_count":0,"master_deck":["Defend_G","Defend_G","Defend_G","Defend_G","Strike_G","Survivor","Neutralize+1","Dagger Spray+1","Footwork+1","Flying Knee+1","Blade Dance","Terror","PiercingWail","Calculated Gamble+1","Phantasmal Killer","Quick Slash","Caltrops+1","Noxious Fumes+1","Cloak And Dagger+1","PiercingWail+1","Corpse Explosion+1","Catalyst+1","Acrobatics+1","Cloak And Dagger+1","Sucker Punch+1","Backflip+1","Quick Slash+1","Predator+1"],"relics":["Ring of the Snake","NeowsBlessing","Golden Idol","Pen Nib","Torii","Prayer Wheel","Odd Mushroom","Pear","PreservedInsect","Cursed Key","Red Mask","The Specimen","Singing Bowl","Mercury Hourglass","Meat on the Bone","TwistedFunnel","Peace Pipe","Snecko Eye","Darkstone Periapt","Tingsha","Bronze Scales","Kunai"],"potions_floor_usage":[22,22,22,41,46,55,55,55],"damage_taken":[{"damage":0,"enemies":"2 Louse","floor":1,"turns":1},{"damage":0,"enemies":"3 Sentries","floor":7,"turns":1},{"damage":0,"enemies":"The Mushroom Lair","floor":10,"turns":1},{"damage":0,"enemies":"Jaw Worm","floor":12,"turns":4},{"damage":8,"enemies":"Gremlin Nob","floor":13,"turns":4},{"damage":9,"enemies":"Gremlin Nob","floor":14,"turns":5},{"damage":0,"enemies":"Slime Boss","floor":16,"turns":7},{"damage":8,"enemies":"Spheric Guardian","floor":18,"turns":5},{"damage":0,"enemies":"Chosen","floor":19,"turns":3},{"damage":17,"enemies":"Centurion and Healer","floor":20,"turns":5},{"damage":16,"enemies":"Masked Bandits","floor":21,"turns":5},{"damage":16,"enemies":"Colosseum Slavers","floor":22,"turns":4},{"damage":4,"enemies":"Colosseum Nobs","floor":22,"turns":4},{"damage":2,"enemies":"Snecko","floor":24,"turns":5},{"damage":0,"enemies":"3 Cultists","floor":29,"turns":2},{"damage":11,"enemies":"Slavers","floor":31,"turns":2},{"damage":15,"enemies":"Collector","floor":33,"turns":6},{"damage":2,"enemies":"3 Darklings","floor":35,"turns":2},{"damage":0,"enemies":"3 Shapes","floor":37,"turns":3},{"damage":37,"enemies":"Jaw Worm Horde","floor":38,"turns":3},{"damage":26,"enemies":"Nemesis","floor":41,"turns":5},{"damage":12,"enemies":"Spire Growth","floor":42,"turns":4},{"damage":1,"enemies":"3 Darklings","floor":46,"turns":2},{"damage":1,"enemies":"Jaw Worm Horde","floor":48,"turns":3},{"damage":13,"enemies":"Time Eater","floor":50,"turns":11},{"damage":14,"enemies":"Shield and Spear","floor":54,"turns":2},{"damage":47,"enemies":"The Heart","floor":55,"turns":9}],"seed_played":"2810141198235256468","potions_obtained":[{"floor":12,"key":"GhostInAJar"},{"floor":16,"key":"Regen Potion"},{"floor":21,"key":"PowerPotion"},{"floor":22,"key":"Ancient Potion"},{"floor":29,"key":"SpeedPotion"},{"floor":38,"key":"PowerPotion"},{"floor":41,"key":"PowerPotion"},{"floor":42,"key":"Block Potion"},{"floor":54,"key":"SkillPotion"}],"is_trial":false,"path_per_floor":["M","$","?","T","?","R","E","R","T","?","R","M","?","E","R","B",null,"M","M","M","?","?","R","M","R","T","R","$","M","R","E","R","B",null,"M","?","M","M","?","R","E","M","T","R","$","M","?","M","R","B",null,"R","$","E","B",null],"character_chosen":"THE_SILENT","items_purchased":["Footwork","Meat on the Bone","TwistedFunnel","Corpse Explosion","Bronze Scales","GhostInAJar"],"campfire_rested":0,"item_purchase_floors":[2,28,28,28,45,45],"current_hp_per_floor":[70,70,53,53,46,46,46,46,46,46,46,46,48,39,39,39,80,72,72,55,39,33,33,33,33,33,33,33,47,47,50,50,49,90,90,90,94,57,57,57,43,45,51,51,51,64,64,67,67,54,107,107,107,93,58],"gold":79,"neow_bonus":"THREE_ENEMY_KILL","is_prod":false,"is_daily":false,"chose_seed":false,"campfire_upgraded":9,"win_rate":0,"timestamp":1556912932,"path_taken":["M","$","?","?","?","R","E","R","T","?","R","?","?","E","R","BOSS","M","M","M","?","?","R","M","R","T","R","$","M","R","E","R","BOSS","M","?","M","M","?","R","E","?","T","R","$","M","?","M","R","BOSS","R","$","E","BOSS"],"build_version":"2019-04-23","purchased_purges":2,"victory":true,"max_hp_per_floor":[70,70,70,70,70,70,70,70,70,70,70,70,80,80,80,80,80,80,80,80,80,82,82,84,84,84,84,84,86,86,88,88,90,90,92,92,96,96,96,96,96,98,104,101,101,103,103,107,107,107,107,107,107,107,107],"card_choices":[{"not_picked":["Backflip","Cloak And Dagger"],"picked":"Dagger Spray","floor":1},{"not_picked":["Dodge and Roll","Underhanded Strike"],"picked":"Flying Knee","floor":7},{"not_picked":["Underhanded Strike","Flechettes"],"picked":"Blade Dance","floor":10},{"not_picked":["Dagger Spray","All Out Attack"],"picked":"Terror","floor":12},{"not_picked":["Underhanded Strike","Blade Dance"],"picked":"PiercingWail","floor":12},{"not_picked":["Slice","Prepared"],"picked":"Calculated Gamble","floor":13},{"not_picked":["Bouncing Flask","Crippling Poison","Grand Finale"],"picked":"SKIP","floor":14},{"not_picked":["Venomology","Doppelganger"],"picked":"Phantasmal Killer","floor":16},{"not_picked":["Eviscerate","Flying Knee+1"],"picked":"Quick Slash","floor":18},{"not_picked":["Quick Slash","Bane+1"],"picked":"Caltrops","floor":18},{"not_picked":["Choke","Poisoned Stab"],"picked":"Noxious Fumes","floor":19},{"not_picked":["Dagger Spray+1","Heel Hook","PiercingWail"],"picked":"SKIP","floor":19},{"not_picked":["Masterful Stab","Flying Knee+1"],"picked":"Cloak And Dagger","floor":20},{"not_picked":["Blade Dance","Dagger Throw","Poisoned Stab"],"picked":"SKIP","floor":20},{"not_picked":["Deadly Poison","Riddle With Holes+1","Noxious Fumes"],"picked":"Singing Bowl","floor":22},{"not_picked":["Flying Knee","Quick Slash","Prepared"],"picked":"Singing Bowl","floor":24},{"not_picked":["Concentrate","Outmaneuver"],"picked":"PiercingWail+1","floor":24},{"not_picked":["Outmaneuver+1","Die Die Die","All Out Attack+1"],"picked":"Singing Bowl","floor":29},{"not_picked":["Dagger Throw+1","Riddle With Holes"],"picked":"Catalyst+1","floor":29},{"not_picked":["PiercingWail","Underhanded Strike","Bullet Time"],"picked":"Singing Bowl","floor":31},{"not_picked":["Wraith Form v2","Grand Finale","A Thousand Cuts"],"picked":"Singing Bowl","floor":33},{"not_picked":["Deflect+1","Setup+1"],"picked":"Acrobatics+1","floor":35},{"not_picked":["Blur+1","Accuracy","All Out Attack+1"],"picked":"Singing Bowl","floor":35},{"not_picked":["Dash+1","Backstab","Poisoned Stab"],"picked":"Singing Bowl","floor":37},{"not_picked":["Escape Plan+1","Prepared","Deflect"],"picked":"Singing Bowl","floor":37},{"not_picked":["Flying Knee","Quick Slash"],"picked":"Cloak And Dagger+1","floor":38},{"not_picked":["Slice","Blur","Tools of the Trade"],"picked":"SKIP","floor":38},{"not_picked":["Slice+1","Flying Knee"],"picked":"Sucker Punch+1","floor":41},{"not_picked":["Slice","Dodge and Roll+1","Escape Plan"],"picked":"Singing Bowl","floor":42},{"not_picked":["Slice+1","Tactician+1"],"picked":"Backflip+1","floor":42},{"not_picked":["Unload","Dagger Throw","Blade Dance"],"picked":"Singing Bowl","floor":46},{"not_picked":["Calculated Gamble+1","Outmaneuver+1"],"picked":"Quick Slash+1","floor":46},{"not_picked":["Bouncing Flask","Bane+1","Endless Agony+1"],"picked":"Singing Bowl","floor":48},{"not_picked":["Flying Knee","Acrobatics","Poisoned Stab+1"],"picked":"Singing Bowl","floor":48},{"not_picked":["Dodge and Roll+1","All Out Attack+1"],"picked":"Predator+1","floor":54}],"player_experience":1289318,"relics_obtained":[{"floor":4,"key":"Pen Nib"},{"floor":7,"key":"Prayer Wheel"},{"floor":10,"key":"Odd Mushroom"},{"floor":13,"key":"Pear"},{"floor":14,"key":"PreservedInsect"},{"floor":21,"key":"Red Mask"},{"floor":22,"key":"The Specimen"},{"floor":22,"key":"Singing Bowl"},{"floor":26,"key":"Mercury Hourglass"},{"floor":31,"key":"Peace Pipe"},{"floor":41,"key":"Darkstone Periapt"},{"floor":43,"key":"Tingsha"},{"floor":54,"key":"Kunai"}],"event_choices":[{"damage_healed":0,"gold_gain":0,"player_choice":"Take Damage","damage_taken":17,"relics_obtained":["Golden Idol"],"max_hp_gain":0,"max_hp_loss":0,"event_name":"Golden Idol","floor":3,"gold_loss":0},{"damage_healed":0,"gold_gain":0,"player_choice":"Success","damage_taken":7,"relics_obtained":["Torii"],"max_hp_gain":0,"max_hp_loss":0,"event_name":"Scrap Ooze","floor":5,"gold_loss":0},{"damage_healed":0,"gold_gain":0,"player_choice":"Fought Mushrooms","damage_taken":0,"max_hp_gain":0,"max_hp_loss":0,"event_name":"Mushrooms","floor":10,"gold_loss":0},{"damage_healed":0,"gold_gain":0,"player_choice":"Searched \u00271\u0027 times","damage_taken":0,"max_hp_gain":0,"max_hp_loss":0,"event_name":"Dead Adventurer","floor":13,"gold_loss":0},{"damage_healed":0,"gold_gain":0,"player_choice":"Fought Bandits","damage_taken":0,"max_hp_gain":0,"max_hp_loss":0,"event_name":"Masked Bandits","floor":21,"gold_loss":0},{"damage_healed":0,"gold_gain":0,"player_choice":"Fight","damage_taken":0,"max_hp_gain":0,"max_hp_loss":0,"event_name":"Colosseum","floor":22,"gold_loss":0},{"damage_healed":0,"gold_gain":0,"player_choice":"Fought Nobs","damage_taken":0,"max_hp_gain":0,"max_hp_loss":0,"event_name":"Colosseum","floor":22,"gold_loss":0},{"cards_removed":["Defend_G"],"damage_healed":0,"gold_gain":0,"player_choice":"Removed Skill","damage_taken":0,"max_hp_gain":0,"max_hp_loss":0,"event_name":"Falling","floor":36,"gold_loss":0},{"cards_removed":["Strike_G"],"damage_healed":0,"gold_gain":0,"player_choice":"Purged","damage_taken":0,"max_hp_gain":0,"max_hp_loss":0,"event_name":"Purifier","floor":39,"gold_loss":0},{"damage_healed":0,"gold_gain":0,"player_choice":"0 cards matched","damage_taken":0,"max_hp_gain":0,"max_hp_loss":0,"event_name":"Match and Keep!","floor":47,"gold_loss":0,"cards_obtained":[]}],"is_beta":true,"boss_relics":[{"not_picked":["WristBlade","Sozu"],"picked":"Cursed Key"},{"not_picked":["Fusion Hammer","Velvet Choker"],"picked":"Snecko Eye"}],"items_purged_floors":[28,45],"is_endless":false,"potions_floor_spawned":[12,16,21,22,22,29,38,41,42,54],"ascension_level":0}