{"gold_per_floor":[112,130,144,29,39,39,51,84,108,108,136,152,152,162,162,236,236,256,270,79,129,144,144,160,171,171,182,202,216,236,236],"floor_reached":31,"playtime":1345,"items_purged":["Storm"],"score":547,"play_id":"7d7bd659-4821-41fb-99da-debcb01c276c","local_time":"20190203135955","is_ascension_mode":true,"campfire_choices":[{"data":"Genetic Algorithm","floor":6,"key":"SMITH"},{"data":"Zap","floor":10,"key":"SMITH"},{"data":"Capacitor","floor":15,"key":"SMITH"},{"floor":23,"key":"REST"}],"neow_cost":"NONE","seed_source_timestamp":857065568798600,"circlet_count":0,"master_deck":["AscendersBane","Zap+1","Dualcast+1","Glacier","Scrape","Leap","Ball Lightning","Genetic Algorithm+1","Ball Lightning","Compile Driver","Capacitor+1","Ball Lightning","Cold Snap","Electrodynamics","Sunder","Recycle","Darkness","Go for the Eyes","Static Discharge","Self Repair","Auto Shields","Glacier","Coolheaded","Capacitor","Conserve Battery","Sunder","Cold Snap","Echo Form","Ball Lightning+1","Auto Shields+1","Blizzard"],"relics":["Cracked Core","War Paint","Anchor","Pen Nib","Bronze Scales","Pandora\u0027s Box","Incense Burner"],"potions_floor_usage":[16,24],"damage_taken":[{"damage":1,"enemies":"Cultist","floor":1,"turns":3},{"damage":0,"enemies":"2 Louse","floor":2,"turns":3},{"damage":2,"enemies":"Jaw Worm","floor":3,"turns":3},{"damage":6,"enemies":"2 Fungi Beasts","floor":5,"turns":3},{"damage":9,"enemies":"Looter","floor":7,"turns":3},{"damage":0,"enemies":"Gremlin Nob","floor":8,"turns":3},{"damage":10,"enemies":"3 Sentries","floor":11,"turns":6},{"damage":0,"enemies":"Blue Slaver","floor":12,"turns":4},{"damage":0,"enemies":"3 Louse","floor":14,"turns":3},{"damage":16,"enemies":"The Guardian","floor":16,"turns":9},{"damage":12,"enemies":"2 Thieves","floor":18,"turns":3},{"damage":15,"enemies":"Spheric Guardian","floor":19,"turns":4},{"damage":25,"enemies":"Snake Plant","floor":22,"turns":4},{"damage":9,"enemies":"Centurion and Healer","floor":24,"turns":5},{"damage":13,"enemies":"Snecko","floor":25,"turns":5},{"damage":15,"enemies":"3 Cultists","floor":27,"turns":6},{"damage":14,"enemies":"Snake Plant","floor":28,"turns":4},{"damage":0,"enemies":"Centurion and Healer","floor":29,"turns":10},{"damage":8,"enemies":"Snecko","floor":30,"turns":7},{"damage":14,"enemies":"Snake Plant","floor":31,"turns":1}],"seed_played":"-363581717926735773","potions_obtained":[{"floor":1,"key":"AttackPotion"},{"floor":2,"key":"Weak Potion"},{"floor":3,"key":"Dexterity Potion"},{"floor":18,"key":"SneckoOil"},{"floor":24,"key":"Strength Potion"}],"is_trial":false,"path_per_floor":["M","M","M","$","M","R","M","E","T","R","E","M","?","M","R","B",null,"M","M","$","?","M","R","M","M","T","M","M","M","M","M"],"character_chosen":"DEFECT","items_purchased":["Ball Lightning","Genetic Algorithm","Capacitor","Conserve Battery"],"campfire_rested":1,"item_purchase_floors":[4,4,20,20],"current_hp_per_floor":[63,63,61,61,55,55,46,46,46,46,36,36,59,59,59,43,64,59,51,51,51,26,47,45,32,32,17,3,10,9,0],"gold":236,"neow_bonus":"RANDOM_COMMON_RELIC","is_prod":false,"is_daily":false,"chose_seed":false,"campfire_upgraded":3,"win_rate":0,"timestamp":1549198795,"path_taken":["M","M","M","?","M","R","M","E","T","R","E","M","?","?","R","BOSS","M","M","$","?","M","R","M","M","T","M","M","M","M","M"],"build_version":"2019-01-23","purchased_purges":1,"victory":false,"max_hp_per_floor":[71,71,71,71,71,71,71,71,71,71,71,71,71,71,71,71,71,71,71,71,71,71,71,71,71,71,71,71,71,71,71],"card_choices":[{"not_picked":["Beam Cell","Rebound"],"picked":"Glacier","floor":1},{"not_picked":["Beam Cell","Go for the Eyes"],"picked":"Scrape","floor":2},{"not_picked":["Beam Cell","Tempest"],"picked":"Leap","floor":3},{"not_picked":["Rip and Tear","Turbo"],"picked":"Ball Lightning","floor":5},{"not_picked":["Lockon","Hologram","Thunder Strike"],"picked":"SKIP","floor":7},{"not_picked":["Redo","Storm"],"picked":"Compile Driver","floor":8},{"not_picked":["Force Field","White Noise"],"picked":"Capacitor","floor":11},{"not_picked":["Static Discharge","Tempest"],"picked":"Ball Lightning","floor":12},{"not_picked":["Force Field","Conserve Battery"],"picked":"Cold Snap","floor":14},{"not_picked":["Machine Learning","Amplify"],"picked":"Electrodynamics","floor":16},{"not_picked":["Compile Driver","Hello World"],"picked":"Glacier","floor":18},{"not_picked":["Rebound","Stack"],"picked":"Coolheaded","floor":19},{"not_picked":["Hologram","Gash"],"picked":"Sunder","floor":22},{"not_picked":["Aggregate","Streamline+1"],"picked":"Cold Snap","floor":24},{"not_picked":["Double Energy","Fusion"],"picked":"Echo Form","floor":25},{"not_picked":["Sweeping Beam","Barrage"],"picked":"Ball Lightning+1","floor":27},{"not_picked":["Sweeping Beam","Rebound","Redo"],"picked":"SKIP","floor":28},{"not_picked":["Lockon","Rainbow"],"picked":"Auto Shields+1","floor":29},{"not_picked":["Beam Cell","Coolheaded"],"picked":"Blizzard","floor":30}],"player_experience":448481,"relics_obtained":[{"floor":8,"key":"Anchor"},{"floor":9,"key":"Pen Nib"},{"floor":11,"key":"Bronze Scales"},{"floor":26,"key":"Incense Burner"}],"event_choices":[{"damage_healed":23,"gold_gain":0,"player_choice":"Banana","damage_taken":0,"max_hp_gain":0,"max_hp_loss":0,"event_name":"Big Fish","floor":13,"gold_loss":0},{"damage_healed":0,"gold_gain":50,"player_choice":"Stole From Cult","damage_taken":0,"max_hp_gain":0,"max_hp_loss":0,"event_name":"Nest","floor":21,"gold_loss":0}],"is_beta":false,"boss_relics":[{"not_picked":["Ectoplasm","Fusion Hammer"],"picked":"Pandora\u0027s Box"}],"items_purged_floors":[20],"is_endless":false,"potions_floor_spawned":[1,2,3,11,18,22,24,28],"killed_by":"Snake Plant","ascension_level":17}