{"gold_per_floor":[111,126,137,212,54,54,54,69,69,96,96,119,45,73,73,152,152,167,167,181,55,55,81,81],"floor_reached":24,"playtime":1553,"items_purged":["Strike_G"],"score":444,"play_id":"85e1ec12-95ab-419f-8965-e4fb3dd5a42c","local_time":"20190424160112","is_ascension_mode":true,"campfire_choices":[{"data":"Glass Knife","floor":6,"key":"SMITH"},{"floor":11,"key":"REST"},{"data":"Noxious Fumes","floor":15,"key":"SMITH"}],"neow_cost":"NONE","seed_source_timestamp":7604765320812,"circlet_count":0,"master_deck":["AscendersBane","Defend_G","Defend_G+1","Defend_G","Defend_G+1","Defend_G","Strike_G","Strike_G+1","Strike_G+1","Survivor","Neutralize","Terror","Footwork","Glass Knife+1","Noxious Fumes+1","Poisoned Stab+1","Well Laid Plans","Blur","Wraith Form v2+1","Cloak And Dagger","Quick Slash+1","PiercingWail"],"relics":["Ring of the Snake","Molten Egg 2","Matryoshka","War Paint","Ancient Tea Set","Orichalcum","Coffee Dripper","Whetstone"],"potions_floor_usage":[10,24],"damage_taken":[{"damage":0,"enemies":"Cultist","floor":1,"turns":4},{"damage":3,"enemies":"Jaw Worm","floor":2,"turns":5},{"damage":10,"enemies":"Small Slimes","floor":3,"turns":8},{"damage":0,"enemies":"Blue Slaver","floor":8,"turns":5},{"damage":18,"enemies":"Gremlin Nob","floor":10,"turns":4},{"damage":17,"enemies":"Lagavulin","floor":14,"turns":7},{"damage":1,"enemies":"Hexaghost","floor":16,"turns":8},{"damage":11,"enemies":"Shell Parasite","floor":18,"turns":4},{"damage":15,"enemies":"3 Byrds","floor":20,"turns":7},{"damage":48,"enemies":"Gremlin Leader","floor":23,"turns":8},{"damage":9,"enemies":"Sentry and Sphere","floor":24,"turns":5}],"seed_played":"1350635058516755286","potions_obtained":[{"floor":2,"key":"Dexterity Potion"},{"floor":8,"key":"Swift Potion"},{"floor":14,"key":"LiquidBronze"}],"is_trial":false,"path_per_floor":["M","M","M","?","$","R","?","M","T","E","R","T","$","E","R","B",null,"M","?","M","$","?","E","M"],"character_chosen":"THE_SILENT","items_purchased":["Footwork","Glass Knife","Well Laid Plans","PiercingWail"],"campfire_rested":1,"item_purchase_floors":[5,5,13,21],"current_hp_per_floor":[65,62,52,41,41,41,34,34,34,16,37,37,37,20,20,19,59,48,72,57,57,57,9,0],"gold":81,"neow_bonus":"TEN_PERCENT_HP_BONUS","is_prod":false,"is_daily":false,"chose_seed":false,"campfire_upgraded":2,"win_rate":0,"timestamp":1556136072,"path_taken":["M","M","?","?","$","R","?","M","T","E","R","?","$","E","R","BOSS","M","?","M","?","?","E","?"],"build_version":"2019-01-23","purchased_purges":1,"victory":false,"max_hp_per_floor":[72,72,72,72,72,72,72,72,72,72,72,72,72,72,72,72,72,72,72,72,72,72,72,72],"card_choices":[{"not_picked":["Slice","Prepared"],"picked":"Terror","floor":1},{"not_picked":["Tactician","Blade Dance","Deflect"],"picked":"SKIP","floor":2},{"not_picked":["Blade Dance","Bane","Accuracy"],"picked":"SKIP","floor":3},{"not_picked":["Storm of Steel","Predator"],"picked":"Noxious Fumes","floor":8},{"not_picked":["Caltrops","Eviscerate+1"],"picked":"Poisoned Stab+1","floor":10},{"not_picked":["Calculated Gamble","Flying Knee+1"],"picked":"Blur","floor":14},{"not_picked":["Glass Knife+1","Storm of Steel"],"picked":"Wraith Form v2","floor":16},{"not_picked":["Flying Knee+1","Deflect"],"picked":"Cloak And Dagger","floor":18},{"not_picked":["Prepared","Deadly Poison"],"picked":"Quick Slash+1","floor":20},{"not_picked":["Flying Knee+1","Predator+1","Escape Plan"],"picked":"SKIP","floor":23}],"player_experience":1261257,"relics_obtained":[{"floor":9,"key":"Molten Egg 2"},{"floor":10,"key":"Matryoshka"},{"floor":12,"key":"War Paint"},{"floor":12,"key":"Ancient Tea Set"},{"floor":14,"key":"Orichalcum"},{"floor":23,"key":"Whetstone"}],"event_choices":[{"damage_healed":0,"gold_gain":75,"player_choice":"Gather Gold","damage_taken":11,"max_hp_gain":0,"max_hp_loss":0,"event_name":"World of Goop","floor":4,"gold_loss":0},{"cards_removed":["Strike_G"],"damage_healed":0,"gold_gain":0,"player_choice":"Card Removal","damage_taken":7,"max_hp_gain":0,"max_hp_loss":0,"event_name":"Golden Wing","floor":7,"gold_loss":0},{"damage_healed":24,"gold_gain":0,"player_choice":"Full Heal","damage_taken":0,"max_hp_gain":0,"max_hp_loss":0,"event_name":"Wheel of Change","floor":19,"gold_loss":0},{"damage_healed":0,"gold_gain":0,"player_choice":"Forge","damage_taken":0,"max_hp_gain":0,"max_hp_loss":0,"event_name":"Accursed Blacksmith","floor":22,"gold_loss":0,"cards_upgraded":["Wraith Form v2"]}],"is_beta":false,"boss_relics":[{"not_picked":["Lizard Tail","Philosopher\u0027s Stone"],"picked":"Coffee Dripper"}],"items_purged_floors":[21],"is_endless":false,"potions_floor_spawned":[2,8,14,18],"killed_by":"Sentry and Sphere","ascension_level":20}