{"gold_per_floor":[117,117,117,136,156,156,172,172,172,190,190,190],"floor_reached":12,"playtime":433,"items_purged":[],"score":81,"play_id":"88e58b47-5d81-4509-94b8-7327564f141e","local_time":"20190423150738","is_ascension_mode":true,"campfire_choices":[{"data":"Body Slam","floor":6,"key":"SMITH"},{"data":"Flex","floor":8,"key":"SMITH"}],"neow_cost":"NONE","seed_source_timestamp":951651846199800,"circlet_count":0,"master_deck":["Strike_R","Strike_R","Strike_R","Strike_R","Strike_R","Defend_R","Defend_R+1","Defend_R+1","Defend_R","Flex+1","Entrench+1","Body Slam+1","Rage+1"],"relics":["Burning Blood","Smiling Mask","Toxic Egg 2"],"potions_floor_usage":[10,12],"damage_taken":[{"damage":7,"enemies":"Jaw Worm","floor":1,"turns":5},{"damage":0,"enemies":"2 Louse","floor":4,"turns":3},{"damage":9,"enemies":"Cultist","floor":5,"turns":5},{"damage":9,"enemies":"Large Slime","floor":7,"turns":6},{"damage":15,"enemies":"Gremlin Gang","floor":10,"turns":5},{"damage":55,"enemies":"3 Sentries","floor":12,"turns":10}],"seed_played":"-6541259589692704247","potions_obtained":[{"floor":1,"key":"Dexterity Potion"},{"floor":5,"key":"Fire Potion"},{"floor":7,"key":"PowerPotion"},{"floor":10,"key":"FearPotion"}],"is_trial":false,"path_per_floor":["M","?","?","M","M","R","M","R","T","M","?","E"],"character_chosen":"IRONCLAD","items_purchased":[],"campfire_rested":0,"item_purchase_floors":[],"current_hp_per_floor":[79,76,76,80,77,77,74,74,74,65,49,0],"gold":190,"neow_bonus":"RANDOM_COMMON_RELIC","is_prod":false,"is_daily":false,"chose_seed":false,"campfire_upgraded":2,"win_rate":0,"timestamp":1556046458,"path_taken":["M","?","?","M","M","R","?","R","T","M","?","E"],"build_version":"2019-01-23","purchased_purges":0,"victory":false,"max_hp_per_floor":[80,80,80,80,80,80,80,80,80,80,80,80],"card_choices":[{"not_picked":["Rampage","Thunderclap"],"picked":"Flex","floor":1},{"not_picked":["Dropkick","Feel No Pain"],"picked":"Entrench+1","floor":4},{"not_picked":["Headbutt","Shrug It Off+1"],"picked":"Body Slam","floor":5},{"not_picked":["Body Slam","Fire Breathing"],"picked":"Rage+1","floor":7},{"not_picked":["Wild Strike","Intimidate+1","Havoc+1"],"picked":"SKIP","floor":10}],"player_experience":101717,"relics_obtained":[],"event_choices":[{"damage_healed":0,"gold_gain":0,"player_choice":"Success","damage_taken":3,"relics_obtained":["Toxic Egg 2"],"max_hp_gain":0,"max_hp_loss":0,"event_name":"Scrap Ooze","floor":2,"gold_loss":0},{"cards_removed":["Bash"],"damage_healed":0,"gold_gain":0,"player_choice":"Purged","damage_taken":0,"max_hp_gain":0,"max_hp_loss":0,"event_name":"Purifier","floor":3,"gold_loss":0},{"damage_healed":0,"gold_gain":0,"player_choice":"Entered Light","damage_taken":16,"max_hp_gain":0,"max_hp_loss":0,"event_name":"Shining Light","floor":11,"gold_loss":0,"cards_upgraded":["Defend_R","Defend_R"]}],"is_beta":false,"boss_relics":[],"items_purged_floors":[],"is_endless":false,"potions_floor_spawned":[1,5,7,10],"killed_by":"3 Sentries","ascension_level":3}