{"gold_per_floor":[116,116,116,291,312,312,312,353,401,444,168,181,5,38,38,168,168,186,186,186,111,111,141,141,168,168,197,197,211,211,245,245,346,346,364,364,382,382,82,115,134,161,197,209,232,244,288,311,323,335,347,359,70,100,100],"floor_reached":56,"playtime":2783,"items_purged":["Doubt","Normality"],"score":1558,"play_id":"46f94b16-ba26-4f80-b704-975dff9230d7","local_time":"20190225225013","is_ascension_mode":true,"campfire_choices":[{"data":"Zap","floor":6,"key":"SMITH"},{"data":"Defragment","floor":15,"key":"SMITH"},{"data":"Defragment","floor":24,"key":"SMITH"},{"data":"Mayhem","floor":28,"key":"SMITH"},{"data":"Hologram","floor":30,"key":"SMITH"},{"data":"Sweeping Beam","floor":32,"key":"SMITH"},{"data":"Rainbow","floor":44,"key":"SMITH"},{"floor":46,"key":"RECALL"},{"data":"Defend_B","floor":49,"key":"SMITH"},{"data":"Defend_B","floor":52,"key":"SMITH"}],"neow_cost":"NONE","seed_source_timestamp":6173239092703965,"circlet_count":0,"master_deck":["Strike_B","Strike_B","Defend_B+1","Defend_B","Defend_B+1","Defend_B+1","Zap+1","Dualcast+1","Cold Snap","Sweeping Beam+1","Self Repair","Core Surge","Steam","Defragment+1","Mayhem+1","Defragment+1","Core Surge+1","Self Repair","Cold Snap+1","Hologram+1","Ball Lightning+1","Loop+1","Lockon+1","Cold Snap+1","Thunder Strike+1","Ball Lightning+1","Rainbow+1","Doom and Gloom+1","Undo+1","Rebound+1","Redo+1","Defragment","Cold Snap+1","Hologram","Stack","BootSequence"],"relics":["Cracked Core","NeowsBlessing","Bloody Idol","Anchor","Vajra","Strawberry","Juzu Bracelet","Molten Egg 2","Velvet Choker","Ancient Tea Set","Incense Burner","Bottled Tornado","Gambling Chip","War Paint","Cursed Key","Bag of Preparation","Mango","MawBank","Omamori","Orichalcum","Blue Candle"],"potions_floor_usage":[18,23,25,25,54,55,55,55],"damage_taken":[{"damage":0,"enemies":"Jaw Worm","floor":1,"turns":1},{"damage":0,"enemies":"Small Slimes","floor":5,"turns":1},{"damage":0,"enemies":"Gremlin Nob","floor":8,"turns":1},{"damage":1,"enemies":"3 Sentries","floor":10,"turns":7},{"damage":0,"enemies":"2 Louse","floor":12,"turns":2},{"damage":0,"enemies":"Lagavulin","floor":14,"turns":6},{"damage":54,"enemies":"Hexaghost","floor":16,"turns":10},{"damage":12,"enemies":"3 Byrds","floor":18,"turns":4},{"damage":11,"enemies":"Book of Stabbing","floor":23,"turns":6},{"damage":15,"enemies":"Slavers","floor":25,"turns":4},{"damage":6,"enemies":"Book of Stabbing","floor":27,"turns":5},{"damage":6,"enemies":"2 Thieves","floor":29,"turns":4},{"damage":0,"enemies":"Gremlin Leader","floor":31,"turns":5},{"damage":0,"enemies":"Automaton","floor":33,"turns":9},{"damage":12,"enemies":"3 Darklings","floor":35,"turns":4},{"damage":0,"enemies":"Orb Walker","floor":37,"turns":3},{"damage":20,"enemies":"Reptomancer","floor":40,"turns":5},{"damage":11,"enemies":"Spire Growth","floor":41,"turns":4},{"damage":0,"enemies":"Giant Head","floor":42,"turns":6},{"damage":0,"enemies":"Jaw Worm Horde","floor":45,"turns":4},{"damage":9,"enemies":"Nemesis","floor":47,"turns":3},{"damage":0,"enemies":"4 Shapes","floor":48,"turns":5},{"damage":3,"enemies":"Donu and Deca","floor":50,"turns":11},{"damage":11,"enemies":"Shield and Spear","floor":54,"turns":7},{"damage":18,"enemies":"The Heart","floor":55,"turns":8}],"seed_played":"-5253850520426069352","potions_obtained":[{"floor":5,"key":"SteroidPotion"},{"floor":8,"key":"PowerPotion"},{"floor":16,"key":"Block Potion"},{"floor":18,"key":"Strength Potion"},{"floor":23,"key":"Fire Potion"},{"floor":31,"key":"FearPotion"},{"floor":33,"key":"GamblersBrew"},{"floor":37,"key":"LiquidBronze"},{"floor":42,"key":"SkillPotion"},{"floor":54,"key":"PowerPotion"}],"is_trial":false,"path_per_floor":["M","?","?","?","M","R","?","E","T","E","$","M","$","E","R","B",null,"M","?","?","?","?","E","R","E","T","E","R","M","R","E","R","B",null,"M","?","M","?","$","E","M","E","T","R","M","R","E","M","R","B",null,"R","$","E","B",null],"character_chosen":"DEFECT","items_purchased":["Juzu Bracelet","Steam","Mayhem","Bag of Preparation","Rainbow","Defragment","Cold Snap+1","Hologram","Stack"],"campfire_rested":0,"item_purchase_floors":[11,11,13,39,39,53,53,53,53],"current_hp_per_floor":[75,68,68,68,68,68,65,65,65,76,76,76,76,76,76,29,76,71,71,71,71,71,76,76,76,76,76,76,76,76,76,76,76,76,76,66,71,71,71,77,85,86,86,86,86,86,86,86,86,86,86,86,86,86,82],"gold":100,"neow_bonus":"THREE_ENEMY_KILL","is_prod":false,"is_daily":false,"chose_seed":false,"campfire_upgraded":9,"win_rate":0,"timestamp":1551153013,"path_taken":["M","?","?","?","M","R","?","E","T","E","$","M","?","E","R","BOSS","M","?","?","?","?","E","R","E","T","E","R","M","R","E","R","BOSS","M","?","M","?","$","E","M","E","T","R","M","R","E","M","R","BOSS","R","$","E","BOSS"],"build_version":"2019-02-06","purchased_purges":2,"victory":true,"max_hp_per_floor":[75,75,69,69,69,69,69,69,69,76,76,76,76,76,76,76,76,76,76,76,76,76,76,76,76,76,76,76,76,76,76,76,76,76,76,76,76,72,72,86,86,86,86,86,86,86,86,86,86,86,86,86,86,86,86],"card_choices":[{"not_picked":["Conserve Battery","Chaos"],"picked":"Cold Snap","floor":1},{"not_picked":["Heatsinks","Rebound"],"picked":"Sweeping Beam","floor":5},{"not_picked":["Go for the Eyes","Heatsinks"],"picked":"Self Repair","floor":8},{"not_picked":["Reinforced Body","Fusion"],"picked":"Core Surge","floor":10},{"not_picked":["Loop","Reprogram"],"picked":"Defragment","floor":12},{"not_picked":["Conserve Battery","Doom and Gloom"],"picked":"Defragment","floor":14},{"not_picked":["All For One+1","Creative AI"],"picked":"Core Surge+1","floor":16},{"not_picked":["Gash+1","Stack"],"picked":"Self Repair","floor":18},{"not_picked":["Gash+1","Streamline+1"],"picked":"Hologram","floor":23},{"not_picked":["Redo","Steam+1"],"picked":"Ball Lightning+1","floor":25},{"not_picked":["Turbo","Genetic Algorithm+1"],"picked":"Loop+1","floor":27},{"not_picked":["White Noise+1","Redo"],"picked":"Lockon+1","floor":29},{"not_picked":["Multi-Cast","Streamline+1"],"picked":"Cold Snap+1","floor":31},{"not_picked":["Fission","Hyperbeam+1"],"picked":"Thunder Strike+1","floor":33},{"not_picked":["Leap","Turbo","Sweeping Beam+1"],"picked":"SKIP","floor":35},{"not_picked":["Cold Snap+1","Compile Driver+1"],"picked":"Ball Lightning+1","floor":37},{"not_picked":["Barrage+1","Melter+1","Consume"],"picked":"SKIP","floor":40},{"not_picked":["Scrape+1","Barrage+1"],"picked":"Doom and Gloom+1","floor":41},{"not_picked":["Darkness","Barrage+1"],"picked":"Undo+1","floor":42},{"not_picked":["Barrage+1","Stack"],"picked":"Rebound+1","floor":45},{"not_picked":["Thunder Strike+1","FTL+1","Turbo"],"picked":"SKIP","floor":47},{"not_picked":["Heatsinks","Streamline+1"],"picked":"Redo+1","floor":48},{"not_picked":["Rainbow","Sweeping Beam+1"],"picked":"BootSequence","floor":54}],"player_experience":4703792,"relics_obtained":[{"floor":8,"key":"Vajra"},{"floor":10,"key":"Strawberry"},{"floor":14,"key":"Molten Egg 2"},{"floor":23,"key":"Ancient Tea Set"},{"floor":25,"key":"Incense Burner"},{"floor":26,"key":"Bottled Tornado"},{"floor":27,"key":"Gambling Chip"},{"floor":31,"key":"War Paint"},{"floor":40,"key":"Mango"},{"floor":42,"key":"MawBank"},{"floor":43,"key":"Omamori"},{"floor":47,"key":"Orichalcum"},{"floor":54,"key":"Blue Candle"}],"event_choices":[{"cards_removed":["Strike_B"],"damage_healed":0,"gold_gain":0,"player_choice":"Card Removal","damage_taken":7,"max_hp_gain":0,"max_hp_loss":0,"event_name":"Golden Wing","floor":2,"gold_loss":0},{"damage_healed":0,"gold_gain":0,"player_choice":"Lose Max HP","damage_taken":0,"relics_obtained":["Golden Idol"],"max_hp_gain":0,"max_hp_loss":6,"event_name":"Golden Idol","floor":3,"gold_loss":0},{"damage_healed":0,"gold_gain":175,"player_choice":"AGREE","damage_taken":0,"max_hp_gain":0,"max_hp_loss":0,"event_name":"Liars Game","floor":4,"gold_loss":0,"cards_obtained":["Doubt"]},{"damage_healed":0,"gold_gain":0,"player_choice":"Success","damage_taken":3,"relics_obtained":["Anchor"],"max_hp_gain":0,"max_hp_loss":0,"event_name":"Scrap Ooze","floor":7,"gold_loss":0},{"damage_healed":0,"gold_gain":0,"player_choice":"Copied","damage_taken":0,"max_hp_gain":0,"max_hp_loss":0,"event_name":"Duplicator","floor":19,"gold_loss":0,"cards_obtained":["Cold Snap"]},{"damage_healed":0,"gold_gain":0,"player_choice":"Ignored","damage_taken":0,"max_hp_gain":0,"max_hp_loss":0,"event_name":"Vampires","floor":20,"gold_loss":0},{"cards_removed":["Strike_B"],"damage_healed":0,"gold_gain":0,"player_choice":"Gave Gold","damage_taken":0,"max_hp_gain":0,"max_hp_loss":0,"event_name":"Beggar","floor":21,"gold_loss":75},{"damage_healed":0,"gold_gain":0,"player_choice":"Gave Idol","damage_taken":0,"relics_obtained":["Bloody Idol"],"max_hp_gain":0,"max_hp_loss":0,"event_name":"Forgotten Altar","floor":22,"relics_lost":["Golden Idol"],"gold_loss":0},{"damage_healed":0,"gold_gain":0,"player_choice":"Memory 3","damage_taken":10,"max_hp_gain":0,"max_hp_loss":0,"event_name":"SensoryStone","floor":36,"gold_loss":0},{"damage_healed":0,"gold_gain":0,"player_choice":"Max HP","damage_taken":0,"max_hp_gain":0,"max_hp_loss":4,"event_name":"Winding Halls","floor":38,"gold_loss":0}],"is_beta":true,"boss_relics":[{"not_picked":["FrozenCore","Tiny House"],"picked":"Velvet Choker"},{"not_picked":["Sozu","Fusion Hammer"],"picked":"Cursed Key"}],"items_purged_floors":[11,53],"is_endless":false,"potions_floor_spawned":[5,8,16,18,23,31,33,37,41,42,45,54],"ascension_level":1}