{"gold_per_floor":[311,311,323,323,394,420,420,449,449,468,499,499,20,36,36,136,136,156,156,71,88,88,88,115,115,196,225,245,260,271,304,304,402,402,422,256,256,256,267,267,294,307,307,341,357,383,402,418,418,418,418,418,11,38,38],"floor_reached":56,"playtime":3830,"items_purged":["Normality","Pain"],"score":1548,"play_id":"b58d22bd-78e1-40e7-a1ae-e18c5b71ff62","local_time":"20190218174848","is_ascension_mode":true,"campfire_choices":[{"data":"Neutralize","floor":7,"key":"SMITH"},{"data":"Tactician","floor":12,"key":"SMITH"},{"data":"Crippling Poison","floor":15,"key":"SMITH"},{"data":"1","floor":23,"key":"LIFT"},{"data":"2","floor":25,"key":"LIFT"},{"data":"3","floor":32,"key":"LIFT"},{"data":"Malaise","floor":40,"key":"SMITH"},{"floor":49,"key":"RECALL"},{"data":"Leg Sweep","floor":52,"key":"SMITH"}],"neow_cost":"NO_GOLD","seed_source_timestamp":5549403895137873,"circlet_count":0,"master_deck":["Defend_G","Defend_G","Defend_G","Defend_G","Defend_G","Survivor","Neutralize+1","Dagger Throw","Deflect","Dagger Spray","Tactician+1","Crippling Poison+1","Escape Plan","Tools of the Trade+1","Cloak And Dagger","Noxious Fumes+1","Malaise+1","Leg Sweep+1","Bite","Bite","Bite","Bite","Bite","Sucker Punch+1","Footwork+1","PiercingWail","Deadly Poison+1","Blur+1","Infinite Blades+1","Accuracy+1","Finisher+1","Adrenaline+1","Caltrops+1","Cloak And Dagger+1","Dodge and Roll+1","Panacea+1","Trip+1","Discovery+1","Predator+1","Blade Dance+1","Envenom+1","Flying Knee+1","Backflip+1","Cloak And Dagger+1","Adrenaline+1","Outmaneuver+1","Predator+1"],"relics":["Ring of the Snake","Old Coin","Frozen Egg 2","Omamori","Happy Flower","Incense Burner","Unceasing Top","Letter Opener","Calling Bell","Potion Belt","Meat on the Bone","Girya","Ninja Scroll","Ornamental Fan","Toxic Egg 2","Regal Pillow","Ancient Tea Set","Cursed Key","Juzu Bracelet","Strawberry","Mango","Membership Card","Paper Crane","Tough Bandages"],"potions_floor_usage":[6,11,11,31,33,33,41,54,55,55,55,55],"damage_taken":[{"damage":0,"enemies":"Jaw Worm","floor":1,"turns":6},{"damage":0,"enemies":"Cultist","floor":3,"turns":3},{"damage":23,"enemies":"Gremlin Nob","floor":6,"turns":4},{"damage":31,"enemies":"3 Sentries","floor":8,"turns":9},{"damage":0,"enemies":"2 Louse","floor":10,"turns":2},{"damage":2,"enemies":"Gremlin Nob","floor":11,"turns":4},{"damage":2,"enemies":"Exordium Wildlife","floor":14,"turns":4},{"damage":1,"enemies":"Hexaghost","floor":16,"turns":9},{"damage":0,"enemies":"3 Byrds","floor":18,"turns":3},{"damage":1,"enemies":"Chosen","floor":21,"turns":7},{"damage":4,"enemies":"Book of Stabbing","floor":24,"turns":8},{"damage":0,"enemies":"Gremlin Leader","floor":27,"turns":6},{"damage":0,"enemies":"Snake Plant","floor":28,"turns":4},{"damage":4,"enemies":"Snecko","floor":29,"turns":5},{"damage":1,"enemies":"Cultist and Chosen","floor":30,"turns":6},{"damage":0,"enemies":"Book of Stabbing","floor":31,"turns":6},{"damage":0,"enemies":"Champ","floor":33,"turns":12},{"damage":3,"enemies":"Orb Walker","floor":35,"turns":2},{"damage":8,"enemies":"3 Darklings","floor":39,"turns":9},{"damage":0,"enemies":"Reptomancer","floor":41,"turns":6},{"damage":0,"enemies":"Transient","floor":42,"turns":5},{"damage":0,"enemies":"Nemesis","floor":44,"turns":1},{"damage":4,"enemies":"Spire Growth","floor":45,"turns":5},{"damage":0,"enemies":"Giant Head","floor":46,"turns":4},{"damage":17,"enemies":"Jaw Worm Horde","floor":47,"turns":3},{"damage":2,"enemies":"4 Shapes","floor":48,"turns":4},{"damage":8,"enemies":"Donu and Deca","floor":50,"turns":6},{"damage":16,"enemies":"Shield and Spear","floor":54,"turns":5},{"damage":23,"enemies":"The Heart","floor":55,"turns":9}],"seed_played":"5274099492815814174","potions_obtained":[{"floor":1,"key":"PowerPotion"},{"floor":8,"key":"Poison Potion"},{"floor":10,"key":"Block Potion"},{"floor":18,"key":"Block Potion"},{"floor":24,"key":"Dexterity Potion"},{"floor":30,"key":"Block Potion"},{"floor":31,"key":"AttackPotion"},{"floor":33,"key":"SteroidPotion"},{"floor":35,"key":"Block Potion"},{"floor":41,"key":"Weak Potion"},{"floor":47,"key":"SkillPotion"},{"floor":54,"key":"Explosive Potion"}],"is_trial":false,"path_per_floor":["M","?","M","?","T","E","R","E","T","M","E","R","$","M","R","B",null,"M","?","?","M","?","R","E","R","T","E","M","M","M","E","R","B",null,"M","$","?","?","M","R","E","M","T","E","M","E","M","M","R","B",null,"R","$","E","B",null],"character_chosen":"THE_SILENT","items_purchased":["Tools of the Trade+1","GhostInAJar","Letter Opener","Cloak And Dagger","Cloak And Dagger+1","Dodge and Roll+1","Membership Card","Paper Crane","Outmaneuver+1"],"campfire_rested":0,"item_purchase_floors":[13,13,13,13,36,36,53,53,53],"current_hp_per_floor":[70,70,70,75,75,52,52,21,21,21,19,19,19,17,17,16,75,75,52,52,52,52,52,52,52,52,52,52,50,51,52,52,52,52,51,51,41,41,45,45,51,52,52,59,57,73,58,62,62,60,73,73,73,59,44],"gold":38,"neow_bonus":"ONE_RARE_RELIC","is_prod":false,"is_daily":false,"chose_seed":false,"campfire_upgraded":5,"win_rate":0,"timestamp":1550530128,"path_taken":["M","?","?","?","?","E","R","E","T","?","E","R","$","M","R","BOSS","M","?","?","M","?","R","E","R","T","E","M","M","M","E","R","BOSS","M","$","?","?","?","R","E","M","T","E","M","E","M","M","R","BOSS","R","$","E","BOSS"],"build_version":"2019-02-06","purchased_purges":2,"victory":true,"max_hp_per_floor":[70,70,70,75,75,75,75,75,75,75,75,75,75,75,75,75,75,75,52,52,52,52,52,52,52,52,52,52,52,52,52,52,52,52,52,52,52,52,52,52,52,52,52,59,59,73,73,73,73,73,73,73,73,73,73],"card_choices":[{"not_picked":["Catalyst","Blade Dance"],"picked":"Dagger Throw","floor":1},{"not_picked":["Sucker Punch","Doppelganger"],"picked":"Dagger Spray","floor":3},{"not_picked":["Setup","Dagger Throw"],"picked":"Tactician","floor":6},{"not_picked":["Calculated Gamble","Heel Hook","Outmaneuver"],"picked":"SKIP","floor":8},{"not_picked":["Expertise","Dodge and Roll"],"picked":"Crippling Poison","floor":10},{"not_picked":["Deflect","Calculated Gamble"],"picked":"Escape Plan","floor":11},{"not_picked":["Poisoned Stab","Catalyst"],"picked":"Noxious Fumes+1","floor":14},{"not_picked":["Grand Finale","Doppelganger"],"picked":"Malaise","floor":16},{"not_picked":["Deflect","Dodge and Roll"],"picked":"Leg Sweep","floor":18},{"not_picked":["Choke","Predator+1"],"picked":"Sucker Punch+1","floor":21},{"not_picked":["Dagger Spray","Outmaneuver"],"picked":"PiercingWail","floor":24},{"not_picked":["Slice","Expertise+1"],"picked":"Deadly Poison+1","floor":27},{"not_picked":["PiercingWail+1","Prepared+1"],"picked":"Blur+1","floor":28},{"not_picked":["Wraith Form v2+1","Catalyst+1"],"picked":"Infinite Blades+1","floor":29},{"not_picked":["Outmaneuver+1","Poisoned Stab"],"picked":"Accuracy+1","floor":30},{"not_picked":["Masterful Stab+1","Catalyst+1"],"picked":"Finisher+1","floor":31},{"not_picked":["Doppelganger+1","Grand Finale"],"picked":"Adrenaline+1","floor":33},{"not_picked":["Underhanded Strike","Acrobatics+1"],"picked":"Caltrops+1","floor":35},{"not_picked":["Madness+1","Purity+1"],"picked":"Panacea+1","floor":37},{"not_picked":["Swift Strike","Metamorphosis+1"],"picked":"Trip+1","floor":37},{"not_picked":["Swift Strike","Purity+1"],"picked":"Discovery+1","floor":37},{"not_picked":["Expertise+1","Flying Knee"],"picked":"Predator+1","floor":39},{"not_picked":["Quick Slash+1","Deadly Poison+1","Unload"],"picked":"SKIP","floor":41},{"not_picked":["Finisher+1","Dash"],"picked":"Blade Dance+1","floor":42},{"not_picked":["Quick Slash+1","Eviscerate"],"picked":"Envenom+1","floor":44},{"not_picked":["PiercingWail+1","Bane+1"],"picked":"Flying Knee+1","floor":45},{"not_picked":["Underhanded Strike","Outmaneuver+1"],"picked":"Backflip+1","floor":46},{"not_picked":["Masterful Stab+1","Heel Hook"],"picked":"Cloak And Dagger+1","floor":47},{"not_picked":["Well Laid Plans+1","Dagger Spray"],"picked":"Adrenaline+1","floor":48},{"not_picked":["Endless Agony","Noxious Fumes+1"],"picked":"Predator+1","floor":54}],"player_experience":4585718,"relics_obtained":[{"floor":5,"key":"Frozen Egg 2"},{"floor":6,"key":"Omamori"},{"floor":8,"key":"Happy Flower"},{"floor":9,"key":"Incense Burner"},{"floor":11,"key":"Unceasing Top"},{"floor":17,"key":"Potion Belt"},{"floor":17,"key":"Meat on the Bone"},{"floor":17,"key":"Girya"},{"floor":24,"key":"Ornamental Fan"},{"floor":26,"key":"Toxic Egg 2"},{"floor":27,"key":"Regal Pillow"},{"floor":31,"key":"Ancient Tea Set"},{"floor":41,"key":"Juzu Bracelet"},{"floor":44,"key":"Strawberry"},{"floor":46,"key":"Mango"},{"floor":54,"key":"Tough Bandages"}],"event_choices":[{"damage_healed":0,"gold_gain":0,"player_choice":"1 cards matched","damage_taken":0,"max_hp_gain":0,"max_hp_loss":0,"event_name":"Match and Keep!","floor":2,"gold_loss":0,"cards_obtained":["Deflect"]},{"damage_healed":0,"gold_gain":0,"player_choice":"Donut","damage_taken":0,"max_hp_gain":5,"max_hp_loss":0,"event_name":"Big Fish","floor":4,"gold_loss":0},{"damage_healed":0,"gold_gain":0,"player_choice":"Became a vampire","damage_taken":0,"max_hp_gain":0,"max_hp_loss":23,"event_name":"Vampires","floor":19,"gold_loss":0,"cards_obtained":["Bite","Bite","Bite","Bite","Bite"]},{"damage_healed":0,"gold_gain":0,"player_choice":"Obtained Relic","damage_taken":0,"relics_obtained":["Ninja Scroll"],"max_hp_gain":0,"max_hp_loss":0,"event_name":"Addict","floor":20,"gold_loss":85},{"damage_healed":0,"gold_gain":0,"player_choice":"Read","damage_taken":0,"max_hp_gain":0,"max_hp_loss":0,"event_name":"The Library","floor":22,"gold_loss":0,"cards_obtained":["Footwork"]},{"damage_healed":0,"gold_gain":0,"player_choice":"Memory 3","damage_taken":10,"max_hp_gain":0,"max_hp_loss":0,"event_name":"SensoryStone","floor":37,"gold_loss":0},{"damage_healed":0,"gold_gain":0,"player_choice":"Ignored","damage_taken":0,"max_hp_gain":0,"max_hp_loss":0,"event_name":"NoteForYourself","floor":38,"gold_loss":0}],"is_beta":true,"boss_relics":[{"not_picked":["Velvet Choker","White Beast Statue"],"picked":"Calling Bell"},{"not_picked":["Empty Cage","Eternal Feather"],"picked":"Cursed Key"}],"items_purged_floors":[36,53],"is_endless":false,"potions_floor_spawned":[1,8,10,18,24,30,31,33,35,41,47,54],"ascension_level":1}