{"gold_per_floor":[110,123,123,123,123,155,174,174,174,152,152,34,34,68,68,145,145,163,183,203,219,238,238,263,263,263,263,274,308,37,68,68,140,140,158,172,172,72,72,102,102,116,116,116,145,145],"floor_reached":46,"playtime":3772,"items_purged":["Strike_G","Poisoned Stab"],"score":1092,"play_id":"0e22674f-53d1-4329-83b1-605ca0166fe7","local_time":"20181111103539","is_ascension_mode":true,"campfire_choices":[{"data":"Envenom","floor":8,"key":"SMITH"},{"data":"Noxious Fumes","floor":13,"key":"SMITH"},{"data":"Noxious Fumes","floor":15,"key":"SMITH"},{"floor":23,"key":"REST"},{"data":"Backstab","floor":25,"key":"SMITH"},{"data":"Cloak And Dagger","floor":27,"key":"SMITH"},{"floor":32,"key":"REST"},{"floor":41,"key":"REST"},{"floor":44,"key":"REST"}],"neow_cost":"NONE","seed_source_timestamp":1215789795606180,"circlet_count":0,"master_deck":["AscendersBane","Survivor","Neutralize+1","All Out Attack","Crippling Poison+1","Envenom+1","Cloak And Dagger","Noxious Fumes+1","Noxious Fumes+1","Glass Knife","PiercingWail","PiercingWail","Deflect","Well Laid Plans","After Image","Cloak And Dagger+1","Backstab+1","Leg Sweep","Calculated Gamble+1","Caltrops","Underhanded Strike","Prepared","Prepared","Slice","Underhanded Strike","PiercingWail","Deflect","Dagger Throw+1","Secret Technique","Trip","Violence","Choke","Escape Plan","Dodge and Roll+1"],"relics":["Ring of the Snake","Bag of Marbles","Pear","PreservedInsect","Mummified Hand","Regal Pillow","Orrery","Turnip","Oddly Smooth Stone","Orichalcum","Shuriken","Bag of Preparation","Pandora\u0027s Box","Darkstone Periapt","Omamori"],"potions_floor_usage":[6,19,24,29,40,46,46],"damage_taken":[{"damage":0,"enemies":"Cultist","floor":1,"turns":4},{"damage":4,"enemies":"Jaw Worm","floor":2,"turns":3},{"damage":8,"enemies":"Gremlin Nob","floor":6,"turns":3},{"damage":7,"enemies":"2 Louse","floor":7,"turns":3},{"damage":5,"enemies":"Exordium Thugs","floor":10,"turns":4},{"damage":5,"enemies":"3 Sentries","floor":14,"turns":3},{"damage":13,"enemies":"Hexaghost","floor":16,"turns":7},{"damage":13,"enemies":"Chosen","floor":18,"turns":5},{"damage":2,"enemies":"3 Byrds","floor":19,"turns":5},{"damage":7,"enemies":"Sentry and Sphere","floor":20,"turns":5},{"damage":5,"enemies":"Snake Plant","floor":21,"turns":5},{"damage":12,"enemies":"Shelled Parasite and Fungi","floor":22,"turns":6},{"damage":14,"enemies":"Gremlin Leader","floor":24,"turns":5},{"damage":10,"enemies":"3 Cultists","floor":28,"turns":4},{"damage":11,"enemies":"Book of Stabbing","floor":29,"turns":4},{"damage":6,"enemies":"Gremlin Leader","floor":31,"turns":5},{"damage":34,"enemies":"Automaton","floor":33,"turns":11},{"damage":0,"enemies":"Orb Walker","floor":35,"turns":2},{"damage":0,"enemies":"3 Shapes","floor":36,"turns":3},{"damage":40,"enemies":"Nemesis","floor":40,"turns":7},{"damage":39,"enemies":"3 Darklings","floor":42,"turns":8},{"damage":30,"enemies":"Reptomancer","floor":45,"turns":4},{"damage":24,"enemies":"Spire Growth","floor":46,"turns":3}],"seed_played":"-953317703775050383","potions_obtained":[{"floor":1,"key":"EssenceOfSteel"},{"floor":2,"key":"SteroidPotion"},{"floor":7,"key":"SteroidPotion"},{"floor":18,"key":"Regen Potion"},{"floor":22,"key":"SneckoOil"},{"floor":28,"key":"GamblersBrew"},{"floor":31,"key":"SkillPotion"},{"floor":45,"key":"AttackPotion"}],"is_trial":false,"path_per_floor":["M","M","?","T","?","E","M","R","T","M","?","$","R","E","R","B",null,"M","M","M","M","M","R","E","R","T","R","M","E","$","E","R","B",null,"M","M","?","$","?","E","R","M","T","R","E","M"],"character_chosen":"THE_SILENT","items_purchased":["Noxious Fumes","Shuriken"],"campfire_rested":4,"item_purchase_floors":[12,30],"current_hp_per_floor":[59,55,55,65,65,57,50,50,50,45,45,45,45,40,40,27,64,51,64,57,52,40,76,62,62,62,62,52,41,41,35,72,38,67,67,67,57,57,57,17,54,15,15,52,22,0],"gold":145,"neow_bonus":"RANDOM_COMMON_RELIC","is_prod":false,"is_daily":false,"chose_seed":false,"campfire_upgraded":5,"win_rate":0,"timestamp":1541950539,"path_taken":["M","M","?","?","?","E","M","R","T","?","?","$","R","E","R","BOSS","M","M","?","?","M","R","E","R","T","R","M","E","$","E","R","BOSS","M","M","?","$","?","E","R","M","T","R","E","?"],"build_version":"2018-11-08","purchased_purges":2,"victory":false,"max_hp_per_floor":[66,66,66,76,76,76,76,76,76,76,76,76,76,76,76,76,76,76,76,76,76,76,76,76,76,76,76,76,76,76,76,76,76,76,76,76,76,76,76,76,76,76,76,76,76,76],"card_choices":[{"not_picked":["Finisher","Skewer"],"picked":"All Out Attack","floor":1},{"not_picked":["Quick Slash","Accuracy"],"picked":"Crippling Poison","floor":2},{"not_picked":["Slice","Cloak And Dagger"],"picked":"Envenom","floor":6},{"not_picked":["Dodge and Roll","Backflip"],"picked":"Cloak And Dagger","floor":7},{"not_picked":["Heel Hook","Poisoned Stab","Prepared"],"picked":"SKIP","floor":10},{"not_picked":["Night Terror","Deadly Poison"],"picked":"Noxious Fumes","floor":14},{"not_picked":["Burst","Envenom"],"picked":"Glass Knife","floor":16},{"not_picked":["Flying Knee","Escape Plan"],"picked":"PiercingWail","floor":17},{"not_picked":["Outmaneuver","Deadly Poison"],"picked":"PiercingWail","floor":17},{"not_picked":["Well Laid Plans","Slice"],"picked":"Deflect","floor":17},{"not_picked":["Underhanded Strike","Dodge and Roll"],"picked":"Well Laid Plans","floor":17},{"not_picked":["Choke","Poisoned Stab"],"picked":"After Image","floor":18},{"not_picked":["Backflip","Skewer","Dagger Spray"],"picked":"SKIP","floor":19},{"not_picked":["Masterful Stab","Finisher"],"picked":"Cloak And Dagger","floor":20},{"not_picked":["Quick Slash","Dagger Spray"],"picked":"Backstab","floor":21},{"not_picked":["Acrobatics","Crippling Poison","Well Laid Plans"],"picked":"SKIP","floor":22},{"not_picked":["Underhanded Strike","Dagger Throw"],"picked":"Leg Sweep","floor":24},{"not_picked":["Finisher","Acrobatics"],"picked":"Calculated Gamble+1","floor":28},{"not_picked":["Masterful Stab","Blade Dance"],"picked":"Caltrops","floor":29},{"not_picked":["Phantasmal Killer","Accuracy+1","Sucker Punch"],"picked":"SKIP","floor":31},{"not_picked":["Outmaneuver","Deadly Poison","Riddle With Holes"],"picked":"SKIP","floor":35},{"not_picked":["Reflex","Flying Knee"],"picked":"Dagger Throw+1","floor":36},{"not_picked":["Finesse","Purity"],"picked":"Secret Technique","floor":37},{"not_picked":["Bandage Up","Blind"],"picked":"Trip","floor":37},{"not_picked":["HandOfGreed","Swift Strike"],"picked":"Violence","floor":37},{"not_picked":["Deadly Poison+1","Crippling Poison"],"picked":"Escape Plan","floor":40},{"not_picked":["Sucker Punch","Riddle With Holes+1"],"picked":"Dodge and Roll+1","floor":42},{"not_picked":["Deflect","Outmaneuver","Venomology"],"picked":"SKIP","floor":45}],"player_experience":937487,"relics_obtained":[{"floor":4,"key":"Pear"},{"floor":6,"key":"PreservedInsect"},{"floor":9,"key":"Mummified Hand"},{"floor":14,"key":"Regal Pillow"},{"floor":24,"key":"Turnip"},{"floor":26,"key":"Oddly Smooth Stone"},{"floor":29,"key":"Orichalcum"},{"floor":31,"key":"Bag of Preparation"},{"floor":40,"key":"Darkstone Periapt"},{"floor":45,"key":"Omamori"}],"event_choices":[{"damage_healed":0,"gold_gain":0,"player_choice":"Ignored","damage_taken":0,"max_hp_gain":0,"max_hp_loss":0,"event_name":"Liars Game","floor":3,"gold_loss":0},{"damage_healed":0,"gold_gain":0,"player_choice":"Grow","damage_taken":0,"max_hp_gain":0,"max_hp_loss":0,"event_name":"Living Wall","floor":5,"gold_loss":0,"cards_upgraded":["Crippling Poison"]},{"damage_healed":0,"gold_gain":0,"player_choice":"Upgraded","damage_taken":0,"max_hp_gain":0,"max_hp_loss":0,"event_name":"Upgrade Shrine","floor":11,"gold_loss":0,"cards_upgraded":["Neutralize"]},{"damage_healed":0,"gold_gain":0,"player_choice":"Memory 3","damage_taken":10,"max_hp_gain":0,"max_hp_loss":0,"event_name":"SensoryStone","floor":37,"gold_loss":0},{"damage_healed":0,"gold_gain":0,"cards_transformed":["Deadly Poison"],"player_choice":"Transformed","damage_taken":0,"max_hp_gain":0,"max_hp_loss":0,"event_name":"Transmorgrifier","floor":39,"gold_loss":0,"cards_obtained":["Choke"]}],"is_beta":true,"boss_relics":[{"not_picked":["Tiny House","Lizard Tail"],"picked":"Orrery"},{"not_picked":["Runic Dome","Sozu"],"picked":"Pandora\u0027s Box"}],"items_purged_floors":[12,38],"is_endless":false,"potions_floor_spawned":[1,2,7,18,22,28,31,45],"killed_by":"Spire Growth","ascension_level":20}