{"path_per_floor":["M","?","M","M","?","R","E","R","T","R","E","M","$","M","R","B",null,"M","M","?","M","?","R","?","T","T","M","?","R","?","$","R"],"character_chosen":"IRONCLAD","items_purchased":["Inflame","Inflame","Flex","Bottled Lightning"],"gold_per_floor":[110,110,125,137,216,216,246,246,273,273,307,325,176,190,190,294,294,312,322,322,339,371,371,371,443,443,461,461,461,461,94,94,94],"floor_reached":33,"campfire_rested":4,"playtime":1296,"item_purchase_floors":[13,31,31,31],"current_hp_per_floor":[72,72,65,67,67,72,51,72,72,72,79,72,72,78,78,56,79,66,72,56,58,43,66,66,66,66,60,60,79,79,79,79,0],"items_purged":["Regret"],"gold":94,"score":291,"play_id":"e6f301c1-41b7-46e4-915c-43cf20ca7105","local_time":"20180617181631","is_prod":false,"is_daily":false,"chose_seed":false,"is_ascension_mode":true,"campfire_upgraded":3,"win_rate":0,"timestamp":1529270191,"campfire_choices":[{"floor":6,"key":"REST"},{"floor":8,"key":"REST"},{"data":"Perfected Strike","floor":10,"key":"SMITH"},{"data":"Perfected Strike","floor":15,"key":"SMITH"},{"floor":23,"key":"REST"},{"floor":29,"key":"REST"},{"data":"Battle Trance","floor":32,"key":"SMITH"}],"path_taken":["M","?","M","M","?","R","E","R","T","R","E","?","$","?","R","BOSS","M","M","?","M","?","R","?","?","T","?","?","R","?","$","R","BOSS"],"build_version":"2018-06-14v2","seed_source_timestamp":330408989892110,"purchased_purges":1,"victory":false,"master_deck":["Strike_R","Strike_R","Strike_R","Strike_R","Strike_R+1","Defend_R","Defend_R","Defend_R","Defend_R","Bash+1","Carnage","Thunderclap","Perfected Strike+1","Perfected Strike+1","Battle Trance+1","True Grit","Inflame","Flex","Fiend Fire","Headbutt+1","Havoc+1","Iron Wave","Perfected Strike+1","Writhe","Heavy Blade","Inflame","Flex"],"max_hp_per_floor":[72,72,72,72,72,72,72,72,72,72,79,79,79,79,79,79,79,79,79,79,79,79,79,79,79,79,79,79,79,79,79,79,79],"relics":["Burning Blood","Champion Belt","Bag of Preparation","Bronze Scales","Orichalcum","Strawberry","Lizard Tail","Nilry\u0027s Codex","Red Mask","Omamori","Kunai","Whetstone","Bottled Lightning"],"card_choices":[{"not_picked":["Dual Wield","Ghostly Armor"],"picked":"Carnage","floor":1},{"not_picked":["Cleave","Wild Strike"],"picked":"Thunderclap","floor":3},{"not_picked":["Pommel Strike","Anger"],"picked":"Perfected Strike","floor":4},{"not_picked":["Shrug It Off","Metallicize"],"picked":"Perfected Strike","floor":7},{"not_picked":["Hemokinesis","Immolate"],"picked":"Battle Trance","floor":11},{"not_picked":["Clothesline","Cleave"],"picked":"True Grit","floor":12},{"not_picked":["Twin Strike","Dual Wield"],"picked":"Flex","floor":14},{"not_picked":["Brutality","Barricade"],"picked":"Fiend Fire","floor":16},{"not_picked":["Pommel Strike","Anger"],"picked":"Headbutt+1","floor":18},{"not_picked":["Clothesline","Anger"],"picked":"Havoc+1","floor":19},{"not_picked":["Corruption","Power Through"],"picked":"Iron Wave","floor":21},{"not_picked":["Seeing Red+1","Metallicize"],"picked":"Perfected Strike+1","floor":22},{"not_picked":["Iron Wave","Brutality"],"picked":"Heavy Blade","floor":27}],"player_experience":352871,"potions_floor_usage":[7,7,21,22,22,33,33,33],"damage_taken":[{"damage":1,"enemies":"2 Louse","floor":1,"turns":3},{"damage":13,"enemies":"Jaw Worm","floor":3,"turns":3},{"damage":4,"enemies":"Small Slimes","floor":4,"turns":2},{"damage":27,"enemies":"3 Sentries","floor":7,"turns":4},{"damage":5,"enemies":"Gremlin Nob","floor":11,"turns":3},{"damage":13,"enemies":"Blue Slaver","floor":12,"turns":2},{"damage":0,"enemies":"2 Fungi Beasts","floor":14,"turns":2},{"damage":28,"enemies":"Hexaghost","floor":16,"turns":8},{"damage":19,"enemies":"Shell Parasite","floor":18,"turns":4},{"damage":0,"enemies":"Spheric Guardian","floor":19,"turns":1},{"damage":4,"enemies":"3 Cultists","floor":21,"turns":6},{"damage":21,"floor":22,"turns":4},{"damage":12,"enemies":"Snecko","floor":27,"turns":3},{"damage":147,"enemies":"Collector","floor":33,"turns":6}],"relics_obtained":[{"floor":7,"key":"Bronze Scales"},{"floor":9,"key":"Orichalcum"},{"floor":11,"key":"Strawberry"},{"floor":20,"key":"Nilry\u0027s Codex"},{"floor":22,"key":"Red Mask"},{"floor":25,"key":"Kunai"},{"floor":26,"key":"Whetstone"}],"event_choices":[{"event_name":"Big Fish","player_choice":"Box","floor":2,"damage_taken":0},{"event_name":"Golden Wing","player_choice":"Gained Gold","floor":5,"damage_taken":0},{"event_name":"Cursed Tome","player_choice":"Obtained Book","floor":20,"damage_taken":0},{"event_name":"Masked Bandits","player_choice":"Fought over 339 gold","floor":22,"damage_taken":0},{"event_name":"The Mausoleum","player_choice":"Yes","floor":24,"damage_taken":0},{"event_name":"Vampires","player_choice":"Ignored","floor":28,"damage_taken":0},{"event_name":"Ghosts","player_choice":"Ignored","floor":30,"damage_taken":0}],"boss_relics":[{"not_picked":["Velvet Choker","White Beast Statue"],"picked":"Lizard Tail"}],"items_purged_floors":[13],"is_endless":false,"potions_floor_spawned":[1,3,4,11,12,21,22,27],"seed_played":"-1482693592103758026","killed_by":"Collector","ascension_level":3,"potions_obtained":[{"floor":1,"key":"SteroidPotion"},{"floor":3,"key":"Strength Potion"},{"floor":4,"key":"Poison Potion"},{"floor":11,"key":"Block Potion"},{"floor":12,"key":"SkillPotion"},{"floor":21,"key":"Strength Potion"},{"floor":22,"key":"BloodPotion"},{"floor":27,"key":"SneckoOil"}],"is_trial":false}