{"gold_per_floor":[111,130,76,76,76,101,101,276,276,294,321,95,110,126,126,228,228,240,253,9,9,9,9,27,44,44,44,54,85,102,202,202,202],"floor_reached":33,"playtime":1016,"items_purged":["Regret","Doubt"],"score":408,"play_id":"074a409d-ad1c-4f4c-8d51-c5a03ff23b53","local_time":"20190206113419","is_ascension_mode":true,"campfire_choices":[{"data":"Armaments","floor":7,"key":"SMITH"},{"data":"Spot Weakness","floor":15,"key":"SMITH"},{"floor":23,"key":"REST"},{"floor":27,"key":"RECALL"},{"floor":32,"key":"REST"}],"neow_cost":"NONE","seed_source_timestamp":62207978314666,"circlet_count":0,"master_deck":["Strike_R","Strike_R","Strike_R","Strike_R+1","Strike_R","Defend_R","Defend_R","Defend_R","Defend_R+1","Bash+1","Armaments+1","Rampage+1","Headbutt","Disarm","Iron Wave","Spot Weakness+1","Reaper+1","Shrug It Off"],"relics":["Burning Blood","NeowsBlessing","Pen Nib","Lantern","Paper Frog","Whetstone","Bronze Scales","Busted Crown","Oddly Smooth Stone","Nilry\u0027s Codex","Ornamental Fan","Girya","Bottled Flame"],"potions_floor_usage":[11,19,24,28,29,31,31,33],"damage_taken":[{"damage":0,"enemies":"Small Slimes","floor":1,"turns":1},{"damage":0,"enemies":"2 Louse","floor":2,"turns":1},{"damage":0,"enemies":"3 Sentries","floor":6,"turns":1},{"damage":9,"enemies":"Cultist","floor":10,"turns":3},{"damage":18,"enemies":"Lagavulin","floor":11,"turns":5},{"damage":0,"enemies":"Exordium Wildlife","floor":13,"turns":3},{"damage":6,"enemies":"Blue Slaver","floor":14,"turns":3},{"damage":58,"enemies":"Hexaghost","floor":16,"turns":8},{"damage":18,"enemies":"Spheric Guardian","floor":18,"turns":5},{"damage":2,"enemies":"Shell Parasite","floor":19,"turns":3},{"damage":14,"enemies":"Cultist and Chosen","floor":24,"turns":6},{"damage":2,"enemies":"Centurion and Healer","floor":25,"turns":5},{"damage":27,"enemies":"Sentry and Sphere","floor":28,"turns":4},{"damage":45,"enemies":"Gremlin Leader","floor":29,"turns":7},{"damage":2,"enemies":"Chosen and Byrds","floor":30,"turns":5},{"damage":21,"enemies":"Colosseum Slavers","floor":31,"turns":3},{"damage":11,"enemies":"Colosseum Nobs","floor":31,"turns":4},{"damage":81,"enemies":"Champ","floor":33,"turns":10}],"seed_played":"3491585766177470659","potions_obtained":[{"floor":2,"key":"Dexterity Potion"},{"floor":13,"key":"Fire Potion"},{"floor":16,"key":"Fire Potion"},{"floor":18,"key":"Ancient Potion"},{"floor":19,"key":"EssenceOfSteel"},{"floor":24,"key":"SteroidPotion"},{"floor":28,"key":"SneckoOil"},{"floor":30,"key":"PowerPotion"}],"is_trial":false,"path_per_floor":["M","M","$","?","?","E","R","?","T","M","E","$","M","M","R","B",null,"M","M","$","?","?","R","M","M","T","R","M","E","M","?","R","B"],"character_chosen":"IRONCLAD","items_purchased":["Headbutt","Bronze Scales","Oddly Smooth Stone"],"campfire_rested":2,"item_purchase_floors":[3,12,20],"current_hp_per_floor":[78,80,80,80,64,70,70,70,70,67,55,55,61,61,61,9,62,50,54,54,38,38,62,60,77,77,77,56,41,52,45,69,0],"gold":202,"neow_bonus":"THREE_ENEMY_KILL","is_prod":false,"is_daily":false,"chose_seed":false,"campfire_upgraded":2,"win_rate":0,"timestamp":1549463659,"path_taken":["M","M","$","?","?","E","R","?","T","M","E","$","M","M","R","BOSS","M","M","$","?","?","R","M","?","T","R","M","E","M","?","R","BOSS"],"build_version":"2019-01-23","purchased_purges":2,"victory":false,"max_hp_per_floor":[80,80,80,80,80,80,80,80,80,80,80,80,80,80,80,80,80,80,80,80,80,80,80,80,80,80,80,80,80,80,80,80,80],"card_choices":[{"not_picked":["Shrug It Off","Sword Boomerang"],"picked":"Armaments","floor":1},{"not_picked":["Flex","Twin Strike"],"picked":"Rampage","floor":2},{"not_picked":["Second Wind","Bludgeon"],"picked":"Disarm","floor":6},{"not_picked":["Twin Strike","Fire Breathing","Wild Strike"],"picked":"SKIP","floor":10},{"not_picked":["Armaments","Wild Strike"],"picked":"Iron Wave","floor":11},{"not_picked":["Feel No Pain","Headbutt"],"picked":"Spot Weakness","floor":13},{"not_picked":["Rupture","Feel No Pain","Armaments"],"picked":"SKIP","floor":14},{"not_picked":["Offering","Dark Embrace"],"picked":"Reaper","floor":16},{"not_picked":["Flex"],"picked":"SKIP","floor":18},{"not_picked":["Burning Pact"],"picked":"SKIP","floor":19},{"not_picked":["Wild Strike"],"picked":"SKIP","floor":24},{"not_picked":["Twin Strike"],"picked":"SKIP","floor":25},{"not_picked":["Clothesline"],"picked":"SKIP","floor":28},{"not_picked":["Blood for Blood"],"picked":"SKIP","floor":29},{"not_picked":["True Grit"],"picked":"SKIP","floor":30},{"not_picked":[],"picked":"Shrug It Off","floor":31}],"player_experience":726258,"relics_obtained":[{"floor":6,"key":"Lantern"},{"floor":9,"key":"Paper Frog"},{"floor":11,"key":"Whetstone"},{"floor":21,"key":"Nilry\u0027s Codex"},{"floor":29,"key":"Ornamental Fan"},{"floor":31,"key":"Girya"},{"floor":31,"key":"Bottled Flame"}],"event_choices":[{"damage_healed":0,"gold_gain":0,"player_choice":"Box","damage_taken":0,"relics_obtained":["Pen Nib"],"max_hp_gain":0,"max_hp_loss":0,"event_name":"Big Fish","floor":4,"gold_loss":0,"cards_obtained":["Regret"]},{"damage_healed":0,"gold_gain":0,"player_choice":"Entered Light","damage_taken":16,"max_hp_gain":0,"max_hp_loss":0,"event_name":"Shining Light","floor":5,"gold_loss":0,"cards_upgraded":["Strike_R","Defend_R"]},{"damage_healed":0,"gold_gain":175,"player_choice":"AGREE","damage_taken":0,"max_hp_gain":0,"max_hp_loss":0,"event_name":"Liars Game","floor":8,"gold_loss":0,"cards_obtained":["Doubt"]},{"damage_healed":0,"gold_gain":0,"player_choice":"Obtained Book","damage_taken":16,"max_hp_gain":0,"max_hp_loss":0,"event_name":"Cursed Tome","floor":21,"gold_loss":0},{"damage_healed":0,"gold_gain":0,"player_choice":"Upgraded","damage_taken":0,"max_hp_gain":0,"max_hp_loss":0,"event_name":"Upgrade Shrine","floor":22,"gold_loss":0,"cards_upgraded":["Reaper"]},{"damage_healed":0,"gold_gain":0,"player_choice":"Fight","damage_taken":0,"max_hp_gain":0,"max_hp_loss":0,"event_name":"Colosseum","floor":31,"gold_loss":0},{"damage_healed":0,"gold_gain":0,"player_choice":"Fought Nobs","damage_taken":0,"max_hp_gain":0,"max_hp_loss":0,"event_name":"Colosseum","floor":31,"gold_loss":0}],"is_beta":false,"boss_relics":[{"not_picked":["Black Star","Cursed Key"],"picked":"Busted Crown"}],"items_purged_floors":[12,20],"is_endless":false,"potions_floor_spawned":[2,13,16,18,19,24,28,30],"killed_by":"Champ","ascension_level":7}