{"gold_per_floor":[116,116,133,144,158,158,186,186,213,232,250,278,278,292,292,423,423,443,458,478,492,492],"floor_reached":22,"playtime":1267,"items_purged":[],"score":323,"play_id":"84833c2f-e7c2-4a2a-a4a9-b8bcbb980cfb","local_time":"20190515223256","is_ascension_mode":true,"campfire_choices":[{"data":"Fiend Fire","floor":6.0,"key":"SMITH"},{"floor":8.0,"key":"REST"},{"floor":15.0,"key":"REST"}],"neow_cost":"NONE","seed_source_timestamp":0,"circlet_count":0,"master_deck":["AscendersBane","Strike_R","Strike_R","Strike_R","Strike_R","Strike_R","Defend_R","Defend_R","Defend_R","Defend_R","Bash","Fiend Fire+1","Warcry","Disarm","Twin Strike","Metallicize","Corruption","True Grit","Whirlwind","Clothesline","Iron Wave","Seeing Red+1"],"special_seed":0,"relics":["Burning Blood","Smiling Mask","Blood Vial","Red Skull","Golden Idol","Runic Cube"],"potions_floor_usage":[],"damage_taken":[{"damage":6.0,"enemies":"Jaw Worm","floor":1.0,"turns":4.0},{"damage":1.0,"enemies":"Cultist","floor":3.0,"turns":3.0},{"damage":6.0,"enemies":"2 Louse","floor":4.0,"turns":4.0},{"damage":16.0,"enemies":"Blue Slaver","floor":5.0,"turns":4.0},{"damage":46.0,"enemies":"3 Sentries","floor":7.0,"turns":11.0},{"damage":9.0,"enemies":"Red Slaver","floor":10.0,"turns":2.0},{"damage":8.0,"enemies":"2 Fungi Beasts","floor":11.0,"turns":4.0},{"damage":46.0,"enemies":"Lagavulin","floor":12.0,"turns":9.0},{"damage":7.0,"enemies":"Looter","floor":14.0,"turns":4.0},{"damage":15.0,"enemies":"Slime Boss","floor":16.0,"turns":8.0},{"damage":0.0,"enemies":"3 Byrds","floor":18.0,"turns":7.0},{"damage":15.0,"enemies":"Chosen","floor":19.0,"turns":6.0},{"damage":40.0,"enemies":"Shelled Parasite and Fungi","floor":20.0,"turns":7.0},{"damage":10,"enemies":"Centurion and Healer","floor":21,"turns":5},{"damage":33,"enemies":"3 Cultists","floor":22,"turns":4}],"seed_played":"7239454120924192602","potions_obtained":[{"floor":3.0,"key":"Strength Potion"},{"floor":5.0,"key":"Dexterity Potion"},{"floor":7.0,"key":"Explosive Potion"},{"floor":12.0,"key":"Fire Potion"},{"floor":18.0,"key":"Regen Potion"}],"is_trial":false,"path_per_floor":["M","?","M","M","M","R","E","R","T","M","M","E","?","M","R","B",null,"M","M","M","M","M"],"character_chosen":"IRONCLAD","items_purchased":[],"campfire_rested":2,"item_purchase_floors":[],"current_hp_per_floor":[72,72,77,77,67,67,27,51,51,50,50,12,12,13,35,28,63,71,64,32,30,0],"gold":492,"neow_bonus":"ONE_RANDOM_RARE_CARD","is_prod":false,"is_daily":false,"chose_seed":false,"campfire_upgraded":1,"win_rate":0,"timestamp":1557930776,"path_taken":["M","?","M","M","?","R","E","R","T","M","M","E","?","M","R","BOSS","M","M","M","M","M"],"build_version":"2019-01-23","purchased_purges":0,"victory":false,"max_hp_per_floor":[80,80,80,80,80,80,80,80,80,80,80,80,74,74,74,74,74,74,74,74,74,74],"card_choices":[{"not_picked":["Fire Breathing","Body Slam"],"picked":"Warcry","floor":1.0},{"not_picked":["Perfected Strike","Seeing Red"],"picked":"Disarm","floor":3.0},{"not_picked":["Dual Wield","Fire Breathing"],"picked":"Twin Strike","floor":4.0},{"not_picked":["Berserk","Reckless Charge"],"picked":"Metallicize","floor":5.0},{"not_picked":["Wild Strike","Havoc"],"picked":"Corruption","floor":7.0},{"not_picked":["Dual Wield","Wild Strike","Havoc"],"picked":"SKIP","floor":10.0},{"not_picked":["Dual Wield","Wild Strike","Havoc"],"picked":"SKIP","floor":10.0},{"not_picked":["Havoc","Clash"],"picked":"True Grit","floor":11.0},{"not_picked":["Anger","Intimidate"],"picked":"Whirlwind","floor":12.0},{"not_picked":["Twin Strike","Heavy Blade","Seeing Red"],"picked":"SKIP","floor":14.0},{"not_picked":["Warcry","Searing Blow"],"picked":"Clothesline","floor":18.0},{"not_picked":["Cleave+1","True Grit"],"picked":"Iron Wave","floor":19.0},{"not_picked":["Perfected Strike","Heavy Blade","Combust"],"picked":"SKIP","floor":20.0},{"not_picked":["Heavy Blade","Headbutt"],"picked":"Seeing Red+1","floor":21}],"player_experience":741850,"relics_obtained":[{"floor":7.0,"key":"Smiling Mask"},{"floor":9.0,"key":"Blood Vial"},{"floor":12.0,"key":"Red Skull"}],"event_choices":[{"damage_healed":0.0,"max_hp_gain":0.0,"max_hp_loss":0.0,"gold_gain":0.0,"event_name":"The Woman in Blue","player_choice":"Bought 0 Potions","floor":2.0,"gold_loss":0.0,"damage_taken":0.0},{"damage_healed":0.0,"max_hp_gain":0.0,"max_hp_loss":6.0,"gold_gain":0.0,"event_name":"Golden Idol","player_choice":"Lose Max HP","floor":13.0,"gold_loss":0.0,"damage_taken":0.0,"relics_obtained":["Golden Idol"]}],"is_beta":false,"boss_relics":[{"not_picked":["White Beast Statue","Pandora\u0027s Box"],"picked":"Runic Cube"}],"items_purged_floors":[],"is_endless":false,"potions_floor_spawned":[3,5,7,10,12,18,20],"killed_by":"3 Cultists","ascension_level":12}