{"gold_per_floor":[112,112,133,148,164,205,205,62,88,54,54,54,78,113,113,242,242,263,263,363,388,412,412],"floor_reached":23,"playtime":13898,"items_purged":[],"score":315,"play_id":"979ae47e-da0c-494b-b62d-f1ceb8a3578d","local_time":"20190119180113","is_ascension_mode":true,"campfire_choices":[{"data":"Hyperbeam","floor":7,"key":"SMITH"},{"floor":12,"key":"REST"},{"data":"Storm","floor":15,"key":"SMITH"}],"neow_cost":"NONE","seed_source_timestamp":527281885143068,"circlet_count":0,"master_deck":["Strike_B","Strike_B","Strike_B","Strike_B","Defend_B","Defend_B","Defend_B","Defend_B","Zap","Dualcast","Buffer","Gash","Chill","Streamline","Storm+1","Hyperbeam+1","Reprogram","Melter","Doom and Gloom","Buffer","Go for the Eyes+1","White Noise","Gash"],"relics":["Cracked Core","Golden Idol","Happy Flower","PreservedInsect","Lantern","Spirit Poop","Boot","Busted Crown","Enchiridion"],"potions_floor_usage":[14,16,23],"damage_taken":[{"damage":0,"enemies":"Cultist","floor":1,"turns":4},{"damage":0,"enemies":"Jaw Worm","floor":3,"turns":3},{"damage":4,"enemies":"Small Slimes","floor":4,"turns":4},{"damage":10,"enemies":"3 Louse","floor":5,"turns":3},{"damage":8,"enemies":"Gremlin Nob","floor":6,"turns":4},{"damage":9,"enemies":"Red Slaver","floor":13,"turns":3},{"damage":0,"enemies":"3 Sentries","floor":14,"turns":2},{"damage":52,"enemies":"The Guardian","floor":16,"turns":11},{"damage":32,"enemies":"2 Thieves","floor":18,"turns":4},{"damage":7,"enemies":"3 Byrds","floor":21,"turns":3},{"damage":0,"enemies":"Centurion and Healer","floor":22,"turns":6},{"damage":3,"enemies":"Book of Stabbing","floor":23,"turns":2}],"seed_played":"4378960368311454404","potions_obtained":[{"floor":3,"key":"Ancient Potion"},{"floor":4,"key":"PowerPotion"},{"floor":5,"key":"Dexterity Potion"},{"floor":14,"key":"Strength Potion"},{"floor":16,"key":"Ancient Potion"}],"is_trial":false,"path_per_floor":["M","?","M","M","M","E","R","$","T","$","?","R","M","E","R","B",null,"M","?","?","M","M","E"],"character_chosen":"DEFECT","items_purchased":["PreservedInsect","Reprogram"],"campfire_rested":1,"item_purchase_floors":[8,10],"current_hp_per_floor":[68,68,68,64,54,46,46,46,46,46,46,68,59,59,59,7,58,26,10,10,3,3,0],"gold":412,"neow_bonus":"ONE_RANDOM_RARE_CARD","is_prod":false,"is_daily":false,"chose_seed":false,"campfire_upgraded":2,"win_rate":0,"timestamp":1547931673,"path_taken":["M","?","M","M","M","E","R","$","T","?","?","R","?","E","R","BOSS","M","?","?","?","M","E"],"build_version":"2019-01-17v2","purchased_purges":0,"victory":false,"max_hp_per_floor":[75,75,75,75,75,75,75,75,75,75,75,75,75,75,75,75,75,75,75,75,75,75,75],"card_choices":[{"not_picked":["Go for the Eyes","Steam"],"picked":"Gash","floor":1},{"not_picked":["Loop","Recycle"],"picked":"Chill","floor":3},{"not_picked":["Gash","Redo"],"picked":"Streamline","floor":4},{"not_picked":["Undo","Redo"],"picked":"Storm","floor":5},{"not_picked":["Conserve Battery","Steam"],"picked":"Hyperbeam","floor":6},{"not_picked":["Genetic Algorithm","Skim"],"picked":"Melter","floor":13},{"not_picked":["BootSequence","Skim"],"picked":"Doom and Gloom","floor":14},{"not_picked":["Amplify","Fission"],"picked":"Buffer","floor":16},{"not_picked":[],"picked":"Go for the Eyes+1","floor":18},{"not_picked":[],"picked":"White Noise","floor":21},{"not_picked":[],"picked":"Gash","floor":22}],"player_experience":644924,"relics_obtained":[{"floor":6,"key":"Happy Flower"},{"floor":9,"key":"Lantern"},{"floor":14,"key":"Boot"},{"floor":19,"key":"Enchiridion"}],"event_choices":[{"damage_healed":0,"gold_gain":0,"player_choice":"Take Wound","damage_taken":0,"relics_obtained":["Golden Idol"],"max_hp_gain":0,"max_hp_loss":0,"event_name":"Golden Idol","floor":2,"gold_loss":0,"cards_obtained":["Injury"]},{"cards_removed":["Injury"],"damage_healed":0,"gold_gain":0,"player_choice":"Offered Curse","damage_taken":0,"relics_obtained":["Spirit Poop"],"max_hp_gain":0,"max_hp_loss":0,"event_name":"Bonfire Elementals","floor":11,"gold_loss":0},{"damage_healed":0,"gold_gain":0,"player_choice":"Obtained Book","damage_taken":16,"max_hp_gain":0,"max_hp_loss":0,"event_name":"Cursed Tome","floor":19,"gold_loss":0},{"damage_healed":0,"gold_gain":100,"player_choice":"Pray","damage_taken":0,"max_hp_gain":0,"max_hp_loss":0,"event_name":"Golden Shrine","floor":20,"gold_loss":0}],"is_beta":false,"boss_relics":[{"not_picked":["Astrolabe","FrozenCore"],"picked":"Busted Crown"}],"items_purged_floors":[],"is_endless":false,"potions_floor_spawned":[3,4,5,14,16],"killed_by":"Book of Stabbing","ascension_level":8}