{"gold_per_floor":[117,129,149,15,35,35,60,70,70,100,100,29,44,63,63,167,167,177,92,92,106,125,125,136,156,182,182,210,210,210],"floor_reached":30,"playtime":2333,"items_purged":[],"score":264,"play_id":"5540dd86-ad1d-4bdd-9be9-512498ab6e78","local_time":"20190322085812","is_ascension_mode":false,"campfire_choices":[{"data":"Crippling Poison","floor":6.0,"key":"SMITH"},{"floor":15.0,"key":"REST"},{"floor":23,"key":"REST"},{"floor":27,"key":"REST"}],"neow_cost":"NONE","seed_source_timestamp":0,"circlet_count":0,"master_deck":["Defend_G","Defend_G","Defend_G","Defend_G","Defend_G","Strike_G","Strike_G","Strike_G","Strike_G","Strike_G","Survivor","Neutralize","Crippling Poison+1","Deflect","Flying Knee+1","Infinite Blades","Bane","Escape Plan","Skewer+1","Footwork","Envenom+1","Noxious Fumes+1","Blade Dance","Backflip","Tools of the Trade+1","PiercingWail","Distraction+1","Catalyst"],"special_seed":0,"relics":["Ring of the Snake","NeowsBlessing","Blood Vial","Frozen Egg 2","Paper Crane","Sozu","Mercury Hourglass","Juzu Bracelet","Centennial Puzzle"],"potions_floor_usage":[30,30,30],"damage_taken":[{"damage":0.0,"enemies":"Jaw Worm","floor":1.0,"turns":1.0},{"damage":0.0,"enemies":"Small Slimes","floor":2.0,"turns":1.0},{"damage":0.0,"enemies":"Cultist","floor":3.0,"turns":1.0},{"damage":3.0,"enemies":"2 Fungi Beasts","floor":5.0,"turns":4.0},{"damage":13.0,"enemies":"3 Sentries","floor":7.0,"turns":8.0},{"damage":1.0,"enemies":"3 Louse","floor":8.0,"turns":3.0},{"damage":8.0,"enemies":"Lagavulin","floor":10.0,"turns":6.0},{"damage":11.0,"enemies":"Lots of Slimes","floor":13.0,"turns":2.0},{"damage":17.0,"enemies":"Gremlin Gang","floor":14.0,"turns":5.0},{"damage":9.0,"enemies":"Hexaghost","floor":16.0,"turns":8.0},{"damage":1,"enemies":"Shell Parasite","floor":18,"turns":5},{"damage":4,"enemies":"3 Byrds","floor":21,"turns":5},{"damage":41,"enemies":"Sentry and Sphere","floor":22,"turns":6},{"damage":21,"enemies":"Shelled Parasite and Fungi","floor":24,"turns":5},{"damage":7,"enemies":"Cultist and Chosen","floor":25,"turns":6},{"damage":27,"enemies":"Book of Stabbing","floor":28,"turns":5},{"damage":23,"enemies":"Sentry and Sphere","floor":30,"turns":5}],"seed_played":"605762896190749088","potions_obtained":[{"floor":1.0,"key":"Strength Potion"},{"floor":7.0,"key":"Energy Potion"},{"floor":13.0,"key":"Ancient Potion"},{"floor":14.0,"key":"Strength Potion"},{"floor":16.0,"key":"Strength Potion"}],"is_trial":false,"path_per_floor":["M","M","M","$","M","R","E","M","T","E","?","$","M","M","R","B",null,"M","?","?","M","M","R","M","M","T","R","E","?","M"],"character_chosen":"THE_SILENT","items_purchased":["Infinite Blades","Bane","Noxious Fumes+1"],"campfire_rested":3,"item_purchase_floors":[4,4,12],"current_hp_per_floor":[70,70,70,70,67,67,54,55,55,49,35,35,26,11,32,25,70,69,69,70,66,27,48,29,24,24,45,20,20,0],"gold":210,"neow_bonus":"THREE_ENEMY_KILL","is_prod":false,"is_daily":false,"chose_seed":false,"campfire_upgraded":1,"win_rate":0.0,"timestamp":1553259492,"path_taken":["M","M","M","$","M","R","E","M","T","E","?","$","M","M","R","BOSS","M","?","?","?","M","R","M","M","T","R","E","?","M"],"build_version":"2019-01-23","purchased_purges":0,"victory":false,"max_hp_per_floor":[70,70,70,70,70,70,70,70,70,70,70,70,70,70,70,70,70,70,70,70,70,70,70,70,70,70,70,70,70,70],"card_choices":[{"not_picked":["Caltrops","Outmaneuver"],"picked":"Crippling Poison","floor":1.0},{"not_picked":["Outmaneuver","Acrobatics"],"picked":"Deflect","floor":2.0},{"not_picked":["Bane","Dagger Throw"],"picked":"Flying Knee","floor":3.0},{"not_picked":["Heel Hook","Slice"],"picked":"Escape Plan","floor":5.0},{"not_picked":["Masterful Stab","Acrobatics"],"picked":"Skewer","floor":7.0},{"not_picked":["Prepared","Quick Slash"],"picked":"Footwork","floor":8.0},{"not_picked":["Heel Hook","Catalyst"],"picked":"Envenom+1","floor":10.0},{"not_picked":["Underhanded Strike","Dagger Spray"],"picked":"Blade Dance","floor":13.0},{"not_picked":["Deflect","Underhanded Strike"],"picked":"Backflip","floor":14.0},{"not_picked":["Venomology","Die Die Die"],"picked":"Tools of the Trade+1","floor":16.0},{"not_picked":["Slice","Crippling Poison"],"picked":"Poisoned Stab","floor":18},{"not_picked":["Slice","Calculated Gamble"],"picked":"PiercingWail","floor":21},{"not_picked":["Choke","PiercingWail"],"picked":"Distraction+1","floor":22},{"not_picked":["Predator","Bane","Dash"],"picked":"SKIP","floor":24},{"not_picked":["Slice","Masterful Stab","Dagger Throw"],"picked":"SKIP","floor":25},{"not_picked":["Masterful Stab+1","Terror"],"picked":"Catalyst","floor":28}],"player_experience":23933,"relics_obtained":[{"floor":7.0,"key":"Blood Vial"},{"floor":9.0,"key":"Frozen Egg 2"},{"floor":10.0,"key":"Paper Crane"},{"floor":26,"key":"Juzu Bracelet"},{"floor":28,"key":"Centennial Puzzle"}],"event_choices":[{"damage_healed":0.0,"max_hp_gain":0.0,"max_hp_loss":0.0,"gold_gain":0.0,"event_name":"Shining Light","player_choice":"Entered Light","floor":11.0,"gold_loss":0.0,"damage_taken":14.0,"cards_upgraded":["Skewer","Flying Knee"]},{"damage_healed":0,"gold_gain":0,"player_choice":"Obtained Relic","damage_taken":0,"relics_obtained":["Mercury Hourglass"],"max_hp_gain":0,"max_hp_loss":0,"event_name":"Addict","floor":19,"gold_loss":85},{"cards_removed":["Poisoned Stab"],"damage_healed":5,"gold_gain":0,"player_choice":"Offered Common","damage_taken":0,"max_hp_gain":0,"max_hp_loss":0,"event_name":"Bonfire Elementals","floor":20,"gold_loss":0},{"cards_removed":["Poisoned Stab"],"damage_healed":5,"gold_gain":0,"player_choice":"Offered Special","damage_taken":0,"max_hp_gain":0,"max_hp_loss":0,"event_name":"Bonfire Elementals","floor":20,"gold_loss":0},{"damage_healed":0,"gold_gain":0,"player_choice":"Ignored","damage_taken":0,"max_hp_gain":0,"max_hp_loss":0,"event_name":"Cursed Tome","floor":29,"gold_loss":0}],"is_beta":false,"boss_relics":[{"not_picked":["White Beast Statue","Tiny House"],"picked":"Sozu"}],"items_purged_floors":[],"is_endless":false,"potions_floor_spawned":[1,7,13,14,16,21,22,25],"killed_by":"Sentry and Sphere","ascension_level":0}