{"gold_per_floor":[11,111,135,94,104,136,136,154,177,177,202,202,228,246,246,347,347,360,377,377],"floor_reached":20,"playtime":1766,"items_purged":[],"score":221,"play_id":"885c24e8-53b3-4488-979f-7ba85d86f616","local_time":"20180712113905","is_ascension_mode":true,"campfire_choices":[{"data":"A Thousand Cuts","floor":7,"key":"SMITH"},{"floor":12,"key":"REST"},{"floor":15,"key":"REST"}],"neow_cost":"NO_GOLD","seed_source_timestamp":1010492386633277,"circlet_count":0,"master_deck":["Defend_G","Defend_G","Defend_G","Defend_G","Strike_G","Strike_G","Strike_G","Strike_G","Survivor","Neutralize","A Thousand Cuts+1","Poisoned Stab","Dagger Throw","Masterful Stab","Bouncing Flask","Flying Knee","Regret","Terror","Outmaneuver","Adrenaline","Prepared","Well Laid Plans","Finisher+1"],"relics":["Ring of the Snake","Lantern","Ice Cream","Art of War","Paper Crane","Regal Pillow","Bag of Marbles","Orrery"],"potions_floor_usage":[18,20],"damage_taken":[{"damage":4,"enemies":"Small Slimes","floor":1,"turns":4},{"damage":0,"enemies":"Cultist","floor":5,"turns":3},{"damage":12,"enemies":"Lagavulin","floor":6,"turns":5},{"damage":2,"enemies":"Jaw Worm","floor":8,"turns":3},{"damage":19,"enemies":"Gremlin Nob","floor":11,"turns":3},{"damage":17,"enemies":"Lagavulin","floor":13,"turns":6},{"damage":15,"enemies":"Exordium Wildlife","floor":14,"turns":4},{"damage":49,"enemies":"The Guardian","floor":16,"turns":8},{"damage":2,"enemies":"Spheric Guardian","floor":18,"turns":4},{"damage":24,"enemies":"2 Thieves","floor":19,"turns":4},{"damage":44,"enemies":"Centurion and Healer","floor":20,"turns":6}],"seed_played":"-5645354357656017217","potions_obtained":[{"floor":1,"key":"SkillPotion"},{"floor":5,"key":"GhostInAJar"},{"floor":14,"key":"FearPotion"},{"floor":18,"key":"SpeedPotion"}],"is_trial":false,"path_per_floor":["M","?","T","$","M","E","R","M","T","?","E","R","E","M","R","B",null,"M","M"],"character_chosen":"THE_SILENT","items_purchased":["Masterful Stab"],"campfire_rested":2,"item_purchase_floors":[4],"current_hp_per_floor":[66,66,66,66,66,54,54,52,52,52,33,69,52,37,70,21,70,68,44,0],"gold":377,"neow_bonus":"TRANSFORM_TWO_CARDS","is_prod":false,"is_daily":false,"chose_seed":false,"campfire_upgraded":1,"win_rate":0,"timestamp":1531406345,"path_taken":["M","?","?","?","M","E","R","M","T","?","E","R","E","?","R","BOSS","M","M","?"],"build_version":"2018-07-05","purchased_purges":0,"victory":false,"max_hp_per_floor":[70,70,70,70,70,70,70,70,70,70,70,70,70,70,70,70,70,70,70,70],"card_choices":[{"not_picked":["Escape Plan","Slice"],"picked":"Dagger Throw","floor":1},{"not_picked":["Crippling Poison","Dagger Throw"],"picked":"Bouncing Flask","floor":5},{"not_picked":["Deflect","Poisoned Stab"],"picked":"Flying Knee","floor":6},{"not_picked":["Dagger Spray","Deflect","Malaise"],"picked":"SKIP","floor":8},{"not_picked":["PiercingWail","Blur","Dash"],"picked":"SKIP","floor":11},{"not_picked":["Outmaneuver","Deadly Poison"],"picked":"Terror","floor":13},{"not_picked":["Bane","Dodge and Roll"],"picked":"Outmaneuver","floor":14},{"not_picked":["Wraith Form v2","Doppelganger"],"picked":"Adrenaline","floor":16},{"not_picked":["Underhanded Strike","Distraction"],"picked":"Prepared","floor":17},{"not_picked":["Blur","Skewer"],"picked":"Well Laid Plans","floor":17},{"not_picked":["Calculated Gamble","Slice+1"],"picked":"Finisher+1","floor":18},{"not_picked":["Wraith Form v2","Bane","All Out Attack"],"picked":"SKIP","floor":19}],"player_experience":430271,"relics_obtained":[{"floor":3,"key":"Lantern"},{"floor":6,"key":"Ice Cream"},{"floor":9,"key":"Art of War"},{"floor":11,"key":"Regal Pillow"},{"floor":13,"key":"Bag of Marbles"}],"event_choices":[{"event_name":"Wheel of Change","player_choice":"Gold","floor":2,"damage_taken":0},{"event_name":"Big Fish","player_choice":"Box","floor":10,"damage_taken":0}],"boss_relics":[{"not_picked":["Fusion Hammer","White Beast Statue"],"picked":"Orrery"}],"items_purged_floors":[],"is_endless":false,"potions_floor_spawned":[1,5,14,18],"killed_by":"Centurion and Healer","ascension_level":3}