{"gold_per_floor":[118,118,172,187,187,187,228,153,204,204,228,228,251,284,284,374,374,392,667,104,104,116,143,143,143,143,170,188,188,213,225,225,225],"floor_reached":33,"playtime":1857,"items_purged":["Regret"],"score":655,"play_id":"bbce696d-f656-43ac-9d9b-34c89e150f43","local_time":"20190304211521","is_ascension_mode":true,"campfire_choices":[{"data":"Uppercut","floor":6,"key":"SMITH"},{"floor":12,"key":"REST"},{"data":"True Grit","floor":15,"key":"SMITH"},{"floor":29,"key":"REST"},{"floor":32,"key":"REST"}],"neow_cost":"NONE","seed_source_timestamp":417035627978595,"circlet_count":0,"master_deck":["AscendersBane","Strike_R","Strike_R","Strike_R+1","Defend_R","Defend_R","Defend_R","Bash+1","Uppercut+1","Cleave","Bludgeon","True Grit+1","Battle Trance+1","Double Tap+1","Burning Pact+1","Immolate","Shrug It Off","RitualDagger","Shockwave","Headbutt","Shrug It Off","Battle Trance"],"relics":["Burning Blood","PreservedInsect","Bloody Idol","Turnip","Juzu Bracelet","Frozen Egg 2","Fusion Hammer","Strawberry","Regal Pillow","War Paint","The Courier","Bird Faced Urn","Bag of Preparation"],"potions_floor_usage":[11,27,31,33],"damage_taken":[{"damage":4,"enemies":"Jaw Worm","floor":1,"turns":5},{"damage":6,"enemies":"2 Louse","floor":4,"turns":3},{"damage":35,"enemies":"3 Sentries","floor":7,"turns":7},{"damage":2,"enemies":"Small Slimes","floor":11,"turns":2},{"damage":0,"enemies":"2 Fungi Beasts","floor":13,"turns":2},{"damage":0,"enemies":"Gremlin Nob","floor":14,"turns":3},{"damage":12,"enemies":"The Guardian","floor":16,"turns":12},{"damage":2,"enemies":"Spheric Guardian","floor":18,"turns":3},{"damage":3,"enemies":"3 Byrds","floor":22,"turns":4},{"damage":13,"enemies":"Gremlin Leader","floor":23,"turns":4},{"damage":11,"enemies":"Book of Stabbing","floor":27,"turns":4},{"damage":8,"enemies":"3 Cultists","floor":28,"turns":4},{"damage":23,"enemies":"Gremlin Leader","floor":30,"turns":5},{"damage":9,"enemies":"Centurion and Healer","floor":31,"turns":2},{"damage":120,"enemies":"Automaton","floor":33,"turns":12}],"seed_played":"6833636626424988470","potions_obtained":[{"floor":7,"key":"AttackPotion"},{"floor":13,"key":"FearPotion"},{"floor":14,"key":"Ancient Potion"},{"floor":22,"key":"Dexterity Potion"},{"floor":23,"key":"LiquidBronze"},{"floor":30,"key":"SteroidPotion"}],"is_trial":false,"path_per_floor":["M","?","T","M","?","R","E","?","T","?","M","R","M","E","R","B",null,"M","?","$","?","M","E","?","?","T","E","M","R","E","M","R","B"],"character_chosen":"IRONCLAD","items_purchased":["Strawberry","Regal Pillow","Immolate"],"campfire_rested":3,"item_purchase_floors":[20,20,20],"current_hp_per_floor":[70,63,63,63,63,63,34,34,34,14,18,38,44,50,50,44,62,66,66,73,73,75,73,67,67,67,67,70,75,63,65,75,0],"gold":225,"neow_bonus":"REMOVE_CARD","is_prod":false,"is_daily":false,"chose_seed":false,"campfire_upgraded":2,"win_rate":0,"timestamp":1551734121,"path_taken":["M","?","?","M","?","R","E","?","T","?","M","R","M","E","R","BOSS","M","?","$","?","M","E","?","?","T","E","M","R","E","M","R","BOSS"],"build_version":"2019-02-06","purchased_purges":1,"victory":false,"max_hp_per_floor":[75,75,75,75,68,68,68,68,68,68,68,68,68,68,68,68,68,68,68,75,75,75,75,75,75,75,75,75,75,75,75,75,75],"card_choices":[{"not_picked":["Warcry","Flex"],"picked":"Uppercut","floor":1},{"not_picked":["Second Wind","Flex"],"picked":"Cleave","floor":4},{"not_picked":["Heavy Blade","Thunderclap"],"picked":"Bludgeon","floor":7},{"not_picked":["Pummel","Thunderclap"],"picked":"True Grit","floor":11},{"not_picked":["Flex","Thunderclap"],"picked":"Battle Trance","floor":13},{"not_picked":["Perfected Strike","Searing Blow","Intimidate"],"picked":"SKIP","floor":14},{"not_picked":["Berserk+1","Dark Embrace+1"],"picked":"Double Tap","floor":16},{"not_picked":["Body Slam","Power Through"],"picked":"Burning Pact+1","floor":18},{"not_picked":["Intimidate","Carnage","Seeing Red"],"picked":"SKIP","floor":22},{"not_picked":["Pommel Strike","True Grit"],"picked":"Shrug It Off","floor":23},{"not_picked":["Exhume","Headbutt+1"],"picked":"Shockwave","floor":27},{"not_picked":["Clothesline","Dual Wield"],"picked":"Headbutt","floor":28},{"not_picked":["Clothesline","Intimidate"],"picked":"Shrug It Off","floor":30},{"not_picked":["Hemokinesis","Havoc"],"picked":"Battle Trance","floor":31}],"player_experience":1007989,"relics_obtained":[{"floor":3,"key":"PreservedInsect"},{"floor":7,"key":"Turnip"},{"floor":9,"key":"Juzu Bracelet"},{"floor":14,"key":"Frozen Egg 2"},{"floor":23,"key":"War Paint"},{"floor":26,"key":"The Courier"},{"floor":27,"key":"Bird Faced Urn"},{"floor":30,"key":"Bag of Preparation"}],"event_choices":[{"cards_removed":["Defend_R"],"damage_healed":0,"gold_gain":0,"player_choice":"Card Removal","damage_taken":7,"max_hp_gain":0,"max_hp_loss":0,"event_name":"Golden Wing","floor":2,"gold_loss":0},{"damage_healed":0,"gold_gain":0,"player_choice":"Lose Max HP","damage_taken":0,"relics_obtained":["Golden Idol"],"max_hp_gain":0,"max_hp_loss":7,"event_name":"Golden Idol","floor":5,"gold_loss":0},{"cards_removed":["Strike_R"],"damage_healed":0,"gold_gain":0,"player_choice":"Card Removal","damage_taken":0,"max_hp_gain":0,"max_hp_loss":0,"event_name":"The Cleric","floor":8,"gold_loss":75},{"damage_healed":0,"gold_gain":0,"player_choice":"Entered Light","damage_taken":20,"max_hp_gain":0,"max_hp_loss":0,"event_name":"Shining Light","floor":10,"gold_loss":0,"cards_upgraded":["Bash","Strike_R"]},{"damage_healed":0,"gold_gain":275,"player_choice":"Desecrate","damage_taken":0,"max_hp_gain":0,"max_hp_loss":0,"event_name":"Golden Shrine","floor":19,"gold_loss":0,"cards_obtained":["Regret"]},{"damage_healed":0,"gold_gain":0,"player_choice":"Gave Idol","damage_taken":0,"relics_obtained":["Bloody Idol"],"max_hp_gain":0,"max_hp_loss":0,"event_name":"Forgotten Altar","floor":21,"relics_lost":["Golden Idol"],"gold_loss":0},{"damage_healed":0,"gold_gain":0,"player_choice":"Joined the Cult","damage_taken":6,"max_hp_gain":0,"max_hp_loss":0,"event_name":"Nest","floor":24,"gold_loss":0,"cards_obtained":["RitualDagger"]},{"damage_healed":0,"gold_gain":0,"player_choice":"Got Potions","damage_taken":0,"max_hp_gain":0,"max_hp_loss":0,"event_name":"Lab","floor":25,"gold_loss":0}],"is_beta":true,"boss_relics":[{"not_picked":["Ectoplasm","Pandora\u0027s Box"],"picked":"Fusion Hammer"}],"items_purged_floors":[20],"is_endless":false,"potions_floor_spawned":[7,13,14,16,22,23,30],"killed_by":"Automaton","ascension_level":19}