{"gold_per_floor":[116,191,191,209,309,344,359,394,394,394,429,399,414,414,414,414],"floor_reached":16,"playtime":723,"items_purged":[],"score":186,"play_id":"2c33fca0-aac6-47d1-b61d-f8f065792109","local_time":"20180713155218","is_ascension_mode":true,"campfire_choices":[{"floor":10,"key":"REST"},{"data":"Creative AI","floor":15,"key":"SMITH"}],"neow_cost":"NONE","seed_source_timestamp":57227534601789,"circlet_count":0,"master_deck":["Strike_B","Strike_B","Strike_B","Strike_B","Defend_B","Defend_B","Defend_B","Defend_B","Zap","Dualcast","Leap","Consume","Creative AI+1","Darkness","Sweeping Beam","Barrage","Go for the Eyes"],"relics":["Cracked Core","NeowsBlessing","Kunai","Pantograph","Meat on the Bone","Pear","Dodecahedron"],"potions_floor_usage":[11],"damage_taken":[{"damage":0,"enemies":"Jaw Worm","floor":1,"turns":1},{"damage":0,"enemies":"2 Louse","floor":4,"turns":1},{"damage":0,"enemies":"Gremlin Nob","floor":6,"turns":1},{"damage":0,"enemies":"Cultist","floor":7,"turns":3},{"damage":49,"enemies":"3 Sentries","floor":8,"turns":6},{"damage":5,"enemies":"Lagavulin","floor":11,"turns":7},{"damage":8,"enemies":"Looter","floor":12,"turns":4},{"damage":19,"enemies":"Large Slime","floor":13,"turns":5},{"damage":59,"enemies":"The Guardian","floor":16,"turns":8}],"seed_played":"-4326086055909743908","potions_obtained":[{"floor":4,"key":"Weak Potion"},{"floor":8,"key":"SteroidPotion"}],"is_trial":false,"path_per_floor":["M","?","?","M","?","E","M","E","T","R","E","M","M","?","R"],"character_chosen":"DEFECT","items_purchased":[],"campfire_rested":1,"item_purchase_floors":[],"current_hp_per_floor":[68,57,57,57,57,57,57,8,8,30,47,51,44,32,32,0],"gold":414,"neow_bonus":"THREE_ENEMY_KILL","is_prod":false,"is_daily":false,"chose_seed":false,"campfire_upgraded":1,"win_rate":0,"timestamp":1531507938,"path_taken":["M","?","?","?","?","E","M","E","T","R","E","M","M","?","R","BOSS"],"build_version":"2018-07-12","purchased_purges":0,"victory":false,"max_hp_per_floor":[75,75,75,75,75,75,75,75,75,75,85,85,85,85,85,85],"card_choices":[{"not_picked":["Stack","Self Repair"],"picked":"Leap","floor":1},{"not_picked":["Steam","Cold Snap"],"picked":"Consume","floor":4},{"not_picked":["Auto Shields","Static Discharge"],"picked":"Creative AI","floor":6},{"not_picked":["Go for the Eyes","Rebound"],"picked":"Darkness","floor":7},{"not_picked":["Genetic Algorithm","Cold Snap","Aggregate"],"picked":"SKIP","floor":8},{"not_picked":["Reprogram","Gash"],"picked":"Sweeping Beam","floor":11},{"not_picked":["Redo","Chill"],"picked":"Barrage","floor":12},{"not_picked":["Compile Driver","Redo"],"picked":"Go for the Eyes","floor":13}],"player_experience":479858,"relics_obtained":[{"floor":6,"key":"Kunai"},{"floor":8,"key":"Pantograph"},{"floor":9,"key":"Meat on the Bone"},{"floor":11,"key":"Pear"}],"event_choices":[{"event_name":"World of Goop","player_choice":"Gather Gold","floor":2,"damage_taken":0},{"event_name":"Golden Wing","player_choice":"Ignored","floor":3,"damage_taken":0},{"event_name":"Golden Shrine","player_choice":"Pray","floor":5,"damage_taken":0},{"event_name":"Scrap Ooze","player_choice":"success","floor":14,"damage_taken":12}],"boss_relics":[],"items_purged_floors":[],"is_endless":false,"potions_floor_spawned":[4,8],"killed_by":"The Guardian","ascension_level":6}