{"gold_per_floor":[110,110,60,60,60,74,91,122,175,185,185,196,196,214,214,312,312,329,329,329,329,344,344,361,361,361,374,132,183,198,297,297,297],"floor_reached":33,"playtime":969,"items_purged":["Strike_R+1"],"score":247,"play_id":"43d7dfc5-9a3e-40bd-af1b-decb0b6b7b6c","local_time":"20190415200738","is_ascension_mode":false,"campfire_choices":[{"data":"Twin Strike","floor":11,"key":"SMITH"},{"data":"Shrug It Off","floor":13,"key":"SMITH"},{"data":"Sword Boomerang","floor":15,"key":"SMITH"},{"data":"Twin Strike","floor":23,"key":"SMITH"},{"floor":25,"key":"REST"},{"data":"Headbutt","floor":32,"key":"SMITH"}],"neow_cost":"PERCENT_DAMAGE","seed_source_timestamp":352425683303800,"circlet_count":0,"master_deck":["Strike_R+1","Strike_R+1","Strike_R+1","Strike_R+1","Defend_R+1","Defend_R+1","Defend_R+1","Bash+1","Twin Strike+1","Headbutt+1","Shrug It Off+1","Cleave","Twin Strike+1","Sword Boomerang+1","Armaments+1","Decay","Shrug It Off+1","Twin Strike+1","Anger+1","Headbutt","True Grit+1"],"relics":["Burning Blood","Du-Vu Doll","Regal Pillow","Smiling Mask","Darkstone Periapt","War Paint","Strawberry"],"potions_floor_usage":[33],"damage_taken":[{"damage":1,"enemies":"Cultist","floor":1,"turns":3},{"damage":0,"enemies":"2 Louse","floor":6,"turns":2},{"damage":0,"enemies":"Small Slimes","floor":7,"turns":3},{"damage":23,"enemies":"Lagavulin","floor":8,"turns":6},{"damage":14,"enemies":"Exordium Thugs","floor":10,"turns":4},{"damage":7,"enemies":"Blue Slaver","floor":12,"turns":3},{"damage":1,"enemies":"Exordium Wildlife","floor":14,"turns":4},{"damage":66,"enemies":"Slime Boss","floor":16,"turns":11},{"damage":13,"enemies":"3 Byrds","floor":18,"turns":4},{"damage":7,"enemies":"Chosen","floor":22,"turns":3},{"damage":36,"enemies":"Snake Plant","floor":24,"turns":4},{"damage":11,"enemies":"Centurion and Healer","floor":27,"turns":7},{"damage":6,"enemies":"Chosen and Byrds","floor":30,"turns":5},{"damage":118,"enemies":"Automaton","floor":33,"turns":12}],"seed_played":"-1820773131566477862","potions_obtained":[{"floor":7,"key":"FairyPotion"},{"floor":8,"key":"EssenceOfSteel"},{"floor":10,"key":"SpeedPotion"},{"floor":16,"key":"Weak Potion"}],"is_trial":false,"path_per_floor":["M","?","$","?","?","M","M","E","T","M","R","M","R","M","R","B",null,"M","?","?","?","M","R","M","R","T","M","$","T","M","?","R","B"],"character_chosen":"IRONCLAD","items_purchased":["Headbutt","True Grit","War Paint"],"campfire_rested":1,"item_purchase_floors":[3,28,28],"current_hp_per_floor":[61,61,61,54,80,80,80,63,63,55,55,54,54,59,59,14,80,73,73,73,73,72,72,42,80,80,75,75,82,82,82,82,0],"gold":297,"neow_bonus":"ONE_RARE_RELIC","is_prod":false,"is_daily":false,"chose_seed":false,"campfire_upgraded":5,"win_rate":0,"timestamp":1555351658,"path_taken":["M","?","$","?","?","M","M","E","T","M","R","M","R","?","R","BOSS","M","?","?","?","M","R","M","R","T","M","?","?","?","?","R","BOSS"],"build_version":"2019-01-23","purchased_purges":1,"victory":false,"max_hp_per_floor":[80,80,80,80,80,80,80,80,80,80,80,80,80,80,80,80,80,80,80,80,80,80,80,80,80,80,80,80,87,87,87,87,87],"card_choices":[{"not_picked":["Iron Wave","True Grit"],"picked":"Twin Strike","floor":1},{"not_picked":["Second Wind","Sword Boomerang"],"picked":"Shrug It Off","floor":6},{"not_picked":["Carnage","Uppercut","Power Through"],"picked":"SKIP","floor":7},{"not_picked":["Whirlwind","Sword Boomerang"],"picked":"Cleave","floor":8},{"not_picked":["Headbutt","Warcry"],"picked":"Twin Strike","floor":10},{"not_picked":["Carnage","Rampage","Ghostly Armor"],"picked":"SKIP","floor":12},{"not_picked":["Spot Weakness","Flex"],"picked":"Sword Boomerang","floor":14},{"not_picked":["Intimidate","Wild Strike"],"picked":"Armaments+1","floor":18},{"not_picked":["Power Through","Rampage+1"],"picked":"Twin Strike+1","floor":22},{"not_picked":["Iron Wave","Heavy Blade+1"],"picked":"Anger+1","floor":24},{"not_picked":["Clash","Double Tap"],"picked":"Headbutt","floor":27},{"not_picked":["Iron Wave+1","Cleave+1","Clothesline"],"picked":"SKIP","floor":30}],"player_experience":588723,"relics_obtained":[{"floor":8,"key":"Regal Pillow"},{"floor":9,"key":"Smiling Mask"},{"floor":26,"key":"Darkstone Periapt"},{"floor":29,"key":"Strawberry"}],"event_choices":[{"damage_healed":0,"gold_gain":0,"player_choice":"Grow","damage_taken":0,"max_hp_gain":0,"max_hp_loss":0,"event_name":"Living Wall","floor":2,"gold_loss":0,"cards_upgraded":["Bash"]},{"cards_removed":["Defend_R"],"damage_healed":0,"gold_gain":0,"player_choice":"Card Removal","damage_taken":7,"max_hp_gain":0,"max_hp_loss":0,"event_name":"Golden Wing","floor":4,"gold_loss":0},{"damage_healed":26,"gold_gain":0,"player_choice":"Banana","damage_taken":0,"max_hp_gain":0,"max_hp_loss":0,"event_name":"Big Fish","floor":5,"gold_loss":0},{"damage_healed":0,"gold_gain":0,"player_choice":"Smashed Altar","damage_taken":0,"max_hp_gain":0,"max_hp_loss":0,"event_name":"Forgotten Altar","floor":19,"gold_loss":0,"cards_obtained":["Decay"]},{"damage_healed":0,"gold_gain":0,"player_choice":"Read","damage_taken":0,"max_hp_gain":0,"max_hp_loss":0,"event_name":"The Library","floor":20,"gold_loss":0,"cards_obtained":["Shrug It Off"]},{"damage_healed":0,"gold_gain":0,"player_choice":"Simplicity","damage_taken":0,"max_hp_gain":0,"max_hp_loss":0,"event_name":"Back to Basics","floor":21,"gold_loss":0,"cards_upgraded":["Strike_R","Strike_R","Strike_R","Strike_R","Strike_R","Defend_R","Defend_R","Defend_R"]},{"damage_healed":0,"gold_gain":99,"player_choice":"Stole From Cult","damage_taken":0,"max_hp_gain":0,"max_hp_loss":0,"event_name":"Nest","floor":31,"gold_loss":0}],"is_beta":false,"boss_relics":[{"not_picked":["Runic Dome","Astrolabe","Snecko Eye"]}],"items_purged_floors":[28],"is_endless":false,"potions_floor_spawned":[7,8,10,14,16,22],"killed_by":"Automaton","ascension_level":0}