{"gold_per_floor":[114,114,189,114,14,25,25,25,25,25,48,69,93,113,113,113],"floor_reached":16,"playtime":374,"items_purged":["Defend_B","Strike_B"],"score":133,"play_id":"3c78ed3d-8bd6-44be-b8a6-1fe3a682c565","local_time":"20190228184754","is_ascension_mode":true,"campfire_choices":[{"floor":8,"key":"REST"},{"floor":15,"key":"REST"}],"neow_cost":"PERCENT_DAMAGE","seed_source_timestamp":1228471569923163,"circlet_count":0,"master_deck":["Strike_B","Strike_B","Defend_B","Defend_B","Zap","Dualcast","Double Energy+1","Gash","Streamline","Compile Driver"],"relics":["Cracked Core","Anchor","Golden Idol"],"potions_floor_usage":[],"damage_taken":[{"damage":9,"enemies":"Jaw Worm","floor":1,"turns":3},{"damage":7,"enemies":"Small Slimes","floor":6,"turns":3},{"damage":0,"enemies":"2 Louse","floor":11,"turns":2},{"damage":8,"enemies":"Blue Slaver","floor":12,"turns":4},{"damage":17,"enemies":"Exordium Wildlife","floor":13,"turns":5},{"damage":14,"enemies":"Exordium Thugs","floor":14,"turns":4},{"damage":31,"enemies":"Slime Boss","floor":16,"turns":6}],"seed_played":"4504304931895603343","potions_obtained":[{"floor":1,"key":"LiquidBronze"},{"floor":11,"key":"Strength Potion"}],"is_trial":false,"path_per_floor":["M","?","?","$","$","M","T","R","T","?","M","M","M","M","R","B"],"character_chosen":"DEFECT","items_purchased":[],"campfire_rested":2,"item_purchase_floors":[],"current_hp_per_floor":[41,41,30,30,30,23,23,45,45,45,45,37,20,6,26,0],"gold":113,"neow_bonus":"REMOVE_TWO","is_prod":false,"is_daily":false,"chose_seed":false,"campfire_upgraded":0,"win_rate":0,"timestamp":1551390474,"path_taken":["M","?","?","?","$","M","?","R","T","?","M","M","?","M","R","BOSS"],"build_version":"2019-01-23","purchased_purges":2,"victory":false,"max_hp_per_floor":[75,75,75,75,75,75,75,75,75,69,69,69,69,69,69,69],"card_choices":[{"not_picked":["Blizzard","Skim"],"picked":"Double Energy","floor":1},{"not_picked":["Turbo","Storm","Doom and Gloom"],"picked":"SKIP","floor":6},{"not_picked":["Barrage","Stack","Ball Lightning"],"picked":"SKIP","floor":11},{"not_picked":["Barrage","Rebound"],"picked":"Gash","floor":12},{"not_picked":["Cold Snap","Steam"],"picked":"Streamline","floor":13},{"not_picked":["Turbo","Cold Snap"],"picked":"Compile Driver","floor":14}],"player_experience":864378,"relics_obtained":[{"floor":9,"key":"Anchor"}],"event_choices":[{"damage_healed":0,"gold_gain":0,"player_choice":"Grow","damage_taken":0,"max_hp_gain":0,"max_hp_loss":0,"event_name":"Living Wall","floor":2,"gold_loss":0,"cards_upgraded":["Double Energy"]},{"damage_healed":0,"gold_gain":75,"player_choice":"Gather Gold","damage_taken":11,"max_hp_gain":0,"max_hp_loss":0,"event_name":"World of Goop","floor":3,"gold_loss":0},{"damage_healed":0,"gold_gain":0,"player_choice":"Lose Max HP","damage_taken":0,"relics_obtained":["Golden Idol"],"max_hp_gain":0,"max_hp_loss":6,"event_name":"Golden Idol","floor":10,"gold_loss":0}],"is_beta":false,"boss_relics":[],"items_purged_floors":[4,5],"is_endless":false,"potions_floor_spawned":[1,11],"killed_by":"Slime Boss","ascension_level":9}