{"gold_per_floor":[114,74,74,74,74,74,137,137,191,191,208,208,223,238,238,343,343,343,343,283,283,143,143],"floor_reached":23,"playtime":1154,"items_purged":[],"score":227,"play_id":"a74ef181-e17d-4ea7-92e0-1504bf20b474","local_time":"20190101023154","is_ascension_mode":true,"campfire_choices":[{"data":"Neutralize","floor":6,"key":"SMITH"},{"floor":8,"key":"REST"},{"data":"Footwork","floor":10,"key":"SMITH"},{"floor":15,"key":"REST"}],"neow_cost":"NONE","seed_source_timestamp":885353900874626,"circlet_count":0,"master_deck":["Defend_G","Defend_G","Defend_G","Defend_G","Defend_G","Strike_G","Strike_G","Strike_G","Strike_G","Strike_G","Survivor","Neutralize+1","Purity","Riddle With Holes+1","Well Laid Plans","Footwork+1","Backflip","Caltrops","PiercingWail","Glass Knife","Dodge and Roll+1","Masterful Stab+1","Bouncing Flask","Adrenaline"],"relics":["Ring of the Snake","Omamori","Tiny Chest","Bronze Scales","Meat on the Bone","Ectoplasm"],"potions_floor_usage":[21,21,23],"damage_taken":[{"damage":3,"enemies":"2 Louse","floor":1,"turns":3},{"damage":26,"enemies":"Lagavulin","floor":7,"turns":9},{"damage":0,"enemies":"Jaw Worm","floor":11,"turns":3},{"damage":3,"enemies":"Small Slimes","floor":13,"turns":3},{"damage":7,"enemies":"Red Slaver","floor":14,"turns":3},{"damage":47,"enemies":"Slime Boss","floor":16,"turns":14},{"damage":16,"enemies":"Spheric Guardian","floor":18,"turns":4},{"damage":13,"enemies":"2 Thieves","floor":20,"turns":5},{"damage":18,"enemies":"Cultist and Chosen","floor":21,"turns":7},{"damage":40,"enemies":"Book of Stabbing","floor":23,"turns":5}],"seed_played":"-1951114532980188190","potions_obtained":[{"floor":7,"key":"Weak Potion"},{"floor":16,"key":"PowerPotion"},{"floor":18,"key":"SkillPotion"}],"is_trial":false,"path_per_floor":["M","$","?","?","$","R","E","R","T","R","M","T","M","M","R","B",null,"M","?","M","M","$","E"],"character_chosen":"THE_SILENT","items_purchased":["Well Laid Plans","Adrenaline"],"campfire_rested":2,"item_purchase_floors":[2,22],"current_hp_per_floor":[67,67,55,55,55,55,29,50,50,50,50,50,47,40,61,26,70,54,54,41,35,35,0],"gold":143,"neow_bonus":"RANDOM_COLORLESS","is_prod":false,"is_daily":false,"chose_seed":false,"campfire_upgraded":2,"win_rate":0,"timestamp":1546320714,"path_taken":["M","$","?","?","?","R","E","R","T","R","M","?","M","M","R","BOSS","M","?","?","M","$","E"],"build_version":"2018-12-20","purchased_purges":0,"victory":false,"max_hp_per_floor":[70,70,70,70,70,70,70,70,70,70,70,70,70,70,70,70,70,70,70,70,70,70,70],"card_choices":[{"not_picked":["Slice","Calculated Gamble"],"picked":"Riddle With Holes","floor":1},{"not_picked":["Backflip","Slice"],"picked":"Footwork","floor":7},{"not_picked":["Tactician","Slice"],"picked":"Backflip","floor":11},{"not_picked":["Backflip","Bouncing Flask"],"picked":"Caltrops","floor":13},{"not_picked":["Flying Knee","Bane"],"picked":"PiercingWail","floor":14},{"not_picked":["Venomology","Unload"],"picked":"Glass Knife","floor":16},{"not_picked":["PiercingWail","Deflect"],"picked":"Dodge and Roll+1","floor":18},{"not_picked":["Prepared","Acrobatics"],"picked":"Masterful Stab+1","floor":20},{"not_picked":["Backflip","Dodge and Roll"],"picked":"Bouncing Flask","floor":21}],"player_experience":595949,"relics_obtained":[{"floor":7,"key":"Tiny Chest"},{"floor":9,"key":"Bronze Scales"},{"floor":12,"key":"Meat on the Bone"}],"event_choices":[{"damage_healed":0,"gold_gain":0,"player_choice":"Success","damage_taken":12,"relics_obtained":["Omamori"],"max_hp_gain":0,"max_hp_loss":0,"event_name":"Scrap Ooze","floor":3,"gold_loss":0},{"damage_healed":0,"gold_gain":0,"player_choice":"Grow","damage_taken":0,"max_hp_gain":0,"max_hp_loss":0,"event_name":"Living Wall","floor":4,"gold_loss":0,"cards_upgraded":["Riddle With Holes"]},{"damage_healed":0,"gold_gain":0,"player_choice":"Ignored","damage_taken":0,"max_hp_gain":0,"max_hp_loss":0,"event_name":"N\u0027loth","floor":19,"gold_loss":0}],"is_beta":false,"boss_relics":[{"not_picked":["Velvet Choker","Empty Cage"],"picked":"Ectoplasm"}],"items_purged_floors":[],"is_endless":false,"potions_floor_spawned":[7,16,18],"killed_by":"Book of Stabbing","ascension_level":4}