{"gold_per_floor":[218,218,234,164,89,89,120,120,192,219,219,219,242,258,258,354,354,374,93,93,169,169,198,210,221,221,221,221,249,249,268,268,372,372,389,402,422,439,78,78,88,108,108,108,118,134,134,134,134,134,134,134,66,95,95],"floor_reached":55,"playtime":3183,"items_purged":["Strike_R"],"score":1154,"play_id":"74d2052f-adbc-474d-aecd-ce7c2d62b0bc","local_time":"20190327172310","is_ascension_mode":true,"campfire_choices":[{"data":"Metallicize","floor":6,"key":"SMITH"},{"data":"Metallicize","floor":8,"key":"SMITH"},{"data":"Power Through","floor":12,"key":"SMITH"},{"data":"Spot Weakness","floor":15,"key":"SMITH"},{"data":"1","floor":27,"key":"LIFT"},{"data":"2","floor":32,"key":"LIFT"},{"data":"3","floor":40,"key":"LIFT"},{"floor":44,"key":"RECALL"},{"data":"Battle Trance","floor":47,"key":"SMITH"},{"floor":49,"key":"REST"},{"floor":52,"key":"REST"}],"neow_cost":"NONE","seed_source_timestamp":578230855698051,"circlet_count":0,"master_deck":["AscendersBane","Defend_R+1","Defend_R","Defend_R","Defend_R","Bash","Shockwave","Heavy Blade","Power Through+1","Metallicize+1","Metallicize+1","Shockwave","Spot Weakness+1","Limit Break","Battle Trance+1","Inflame","Metallicize+1","Bite","Bite","Bite","Bite","Bite","Sword Boomerang+1","Decay","Iron Wave+1","Limit Break","Pommel Strike","Clothesline+1","Inflame","Metallicize","Shrug It Off"],"relics":["Burning Blood","Bottled Tornado","Prayer Wheel","Lantern","Busted Crown","DollysMirror","MutagenicStrength","Happy Flower","Girya","Centennial Puzzle","Mark of Pain","OrangePellets","PreservedInsect","Mercury Hourglass","Bird Faced Urn"],"potions_floor_usage":[7,10,16,33,55],"damage_taken":[{"damage":7,"enemies":"Jaw Worm","floor":1,"turns":3},{"damage":0,"enemies":"Cultist","floor":3,"turns":4},{"damage":25,"enemies":"Gremlin Nob","floor":7,"turns":5},{"damage":20,"enemies":"3 Sentries","floor":10,"turns":12},{"damage":0,"enemies":"Small Slimes","floor":14,"turns":5},{"damage":40,"enemies":"Hexaghost","floor":16,"turns":14},{"damage":2,"enemies":"Spheric Guardian","floor":18,"turns":5},{"damage":65,"enemies":"Book of Stabbing","floor":23,"turns":6},{"damage":4,"enemies":"Shell Parasite","floor":24,"turns":4},{"damage":0,"enemies":"Centurion and Healer","floor":25,"turns":6},{"damage":23,"enemies":"Slavers","floor":29,"turns":6},{"damage":3,"enemies":"Sentry and Sphere","floor":31,"turns":5},{"damage":46,"enemies":"Collector","floor":33,"turns":9},{"damage":4,"enemies":"Orb Walker","floor":35,"turns":3},{"damage":11,"enemies":"3 Darklings","floor":36,"turns":5},{"damage":15,"enemies":"Writhing Mass","floor":37,"turns":7},{"damage":16,"enemies":"Jaw Worm Horde","floor":38,"turns":5},{"damage":4,"enemies":"Sphere and 2 Shapes","floor":41,"turns":5},{"damage":24,"enemies":"3 Darklings","floor":42,"turns":3},{"damage":6,"enemies":"Spire Growth","floor":45,"turns":4},{"damage":18,"enemies":"Transient","floor":46,"turns":5},{"damage":76,"enemies":"Awakened One","floor":50,"turns":7},{"damage":25,"enemies":"Shield and Spear","floor":54,"turns":3},{"damage":78,"enemies":"The Heart","floor":55,"turns":3}],"seed_played":"-1145976104160602452","potions_obtained":[{"floor":1,"key":"AttackPotion"},{"floor":7,"key":"Regen Potion"},{"floor":14,"key":"SteroidPotion"},{"floor":23,"key":"Fire Potion"},{"floor":24,"key":"SteroidPotion"},{"floor":31,"key":"BloodPotion"},{"floor":38,"key":"Strength Potion"}],"is_trial":false,"path_per_floor":["M","?","M","$","$","R","E","R","T","E","?","R","T","M","R","B",null,"M","$","?","T","?","E","M","M","T","R","?","E","?","M","R","B",null,"M","M","M","M","$","R","M","M","T","R","M","M","R","$","R","B",null,"R","$","E","B"],"character_chosen":"IRONCLAD","items_purchased":["Metallicize","Inflame","DollysMirror","OrangePellets","PreservedInsect","Metallicize"],"campfire_rested":2,"item_purchase_floors":[4,19,19,39,39,53],"current_hp_per_floor":[71,71,77,77,77,77,58,58,58,61,45,45,45,53,53,21,65,71,71,71,71,71,24,34,52,52,52,52,45,37,52,52,40,70,80,77,72,68,68,68,78,62,62,62,66,64,64,64,80,12,63,80,80,65,0],"gold":95,"neow_bonus":"HUNDRED_GOLD","is_prod":false,"is_daily":false,"chose_seed":false,"campfire_upgraded":5,"win_rate":0,"timestamp":1553718190,"path_taken":["M","?","M","?","$","R","E","R","T","E","?","R","?","M","R","BOSS","M","$","?","?","?","E","M","M","T","R","?","E","?","M","R","BOSS","M","M","?","M","?","R","M","M","T","R","M","M","R","$","R","BOSS","R","$","E","BOSS"],"build_version":"2019-01-23","purchased_purges":1,"victory":false,"max_hp_per_floor":[80,80,80,80,80,80,80,80,80,80,80,80,80,80,80,80,80,80,80,80,80,80,80,80,80,80,80,80,80,80,80,80,80,80,80,80,80,80,80,80,80,80,80,80,80,80,80,80,80,80,80,80,80,80,80],"card_choices":[{"not_picked":["Iron Wave","Twin Strike"],"picked":"Shockwave","floor":1},{"not_picked":["Thunderclap","Shockwave"],"picked":"Power Through","floor":3},{"not_picked":["Thunderclap","Whirlwind"],"picked":"Metallicize","floor":7},{"not_picked":["Reckless Charge","Sever Soul"],"picked":"Shockwave","floor":10},{"not_picked":["Clothesline","Twin Strike"],"picked":"Spot Weakness","floor":14},{"not_picked":["Body Slam","Ghostly Armor","Reckless Charge"],"picked":"SKIP","floor":14},{"not_picked":["Dark Embrace","Juggernaut"],"picked":"Limit Break","floor":16},{"not_picked":[],"picked":"Battle Trance","floor":18},{"not_picked":["Havoc"],"picked":"SKIP","floor":18},{"not_picked":[],"picked":"Sword Boomerang+1","floor":23},{"not_picked":["Warcry"],"picked":"SKIP","floor":24},{"not_picked":["Havoc"],"picked":"SKIP","floor":24},{"not_picked":["Second Wind"],"picked":"SKIP","floor":25},{"not_picked":["Rupture+1"],"picked":"SKIP","floor":25},{"not_picked":["Clash"],"picked":"SKIP","floor":29},{"not_picked":[],"picked":"Iron Wave+1","floor":31},{"not_picked":["Reckless Charge"],"picked":"SKIP","floor":31},{"not_picked":[],"picked":"Limit Break","floor":33},{"not_picked":[],"picked":"Pommel Strike","floor":35},{"not_picked":["Sword Boomerang"],"picked":"SKIP","floor":35},{"not_picked":["Flex"],"picked":"SKIP","floor":36},{"not_picked":["Infernal Blade+1"],"picked":"SKIP","floor":36},{"not_picked":["Ghostly Armor+1"],"picked":"SKIP","floor":37},{"not_picked":["Rage"],"picked":"SKIP","floor":37},{"not_picked":["True Grit"],"picked":"SKIP","floor":38},{"not_picked":["Dropkick"],"picked":"SKIP","floor":38},{"not_picked":[],"picked":"Clothesline+1","floor":41},{"not_picked":["Wild Strike"],"picked":"SKIP","floor":41},{"not_picked":["Corruption+1"],"picked":"SKIP","floor":42},{"not_picked":["Feel No Pain"],"picked":"SKIP","floor":42},{"not_picked":["True Grit"],"picked":"SKIP","floor":45},{"not_picked":["Sentinel+1"],"picked":"SKIP","floor":45},{"not_picked":[],"picked":"Inflame","floor":46},{"not_picked":["Pummel+1"],"picked":"SKIP","floor":46},{"not_picked":[],"picked":"Shrug It Off","floor":54}],"player_experience":993266,"relics_obtained":[{"floor":7,"key":"Blood Vial"},{"floor":9,"key":"Bottled Tornado"},{"floor":10,"key":"Prayer Wheel"},{"floor":13,"key":"Lantern"},{"floor":23,"key":"Happy Flower"},{"floor":26,"key":"Girya"},{"floor":29,"key":"Centennial Puzzle"},{"floor":43,"key":"Mercury Hourglass"},{"floor":54,"key":"Bird Faced Urn"}],"event_choices":[{"damage_healed":0,"gold_gain":0,"cards_transformed":["Strike_R"],"player_choice":"Transformed","damage_taken":0,"max_hp_gain":0,"max_hp_loss":0,"event_name":"Transmorgrifier","floor":2,"gold_loss":0,"cards_obtained":["Heavy Blade"]},{"damage_healed":0,"gold_gain":0,"player_choice":"Entered Light","damage_taken":16,"max_hp_gain":0,"max_hp_loss":0,"event_name":"Shining Light","floor":11,"gold_loss":0,"cards_upgraded":["Strike_R","Defend_R"]},{"damage_healed":0,"gold_gain":0,"player_choice":"Inject Mutagens","damage_taken":0,"relics_obtained":["MutagenicStrength"],"max_hp_gain":0,"max_hp_loss":0,"event_name":"Drug Dealer","floor":20,"gold_loss":0},{"damage_healed":0,"gold_gain":0,"player_choice":"Became a vampire (Vial)","damage_taken":0,"max_hp_gain":0,"max_hp_loss":0,"event_name":"Vampires","floor":22,"relics_lost":["Blood Vial"],"gold_loss":0,"cards_obtained":["Bite","Bite","Bite","Bite","Bite"]},{"damage_healed":0,"gold_gain":0,"player_choice":"Smashed Altar","damage_taken":0,"max_hp_gain":0,"max_hp_loss":0,"event_name":"Forgotten Altar","floor":28,"gold_loss":0,"cards_obtained":["Decay"]},{"damage_healed":0,"gold_gain":0,"player_choice":"Damaged","damage_taken":8,"max_hp_gain":0,"max_hp_loss":0,"event_name":"Wheel of Change","floor":30,"gold_loss":0}],"is_beta":false,"boss_relics":[{"not_picked":["Cursed Key","Sozu"],"picked":"Busted Crown"},{"not_picked":["Runic Dome","Calling Bell"],"picked":"Mark of Pain"}],"items_purged_floors":[5],"is_endless":false,"potions_floor_spawned":[1,7,14,23,24,29,31,38,41,46],"killed_by":"The Heart","ascension_level":12}