{"gold_per_floor":[112,112,112,125,150,150,191,191,191,214,179,179,34,34,34,34],"floor_reached":16,"playtime":385,"items_purged":[],"score":167,"play_id":"b212093d-0e5b-41ab-b39f-513e96a11edb","local_time":"20190411001650","is_ascension_mode":true,"campfire_choices":[{"data":"Glacier","floor":6,"key":"SMITH"},{"data":"Hologram","floor":8,"key":"SMITH"},{"data":"Self Repair","floor":12,"key":"SMITH"},{"floor":15,"key":"REST"}],"neow_cost":"NONE","seed_source_timestamp":822338426779312,"circlet_count":0,"master_deck":["AscendersBane","Strike_B","Strike_B+1","Strike_B","Strike_B","Defend_B+1","Defend_B","Defend_B","Defend_B","Zap","Dualcast","Static Discharge+1","Self Repair+1","Glacier+1","Hologram+1"],"relics":["Cracked Core","NeowsBlessing","Golden Idol","Bottled Lightning","PreservedInsect"],"potions_floor_usage":[16],"damage_taken":[{"damage":0,"enemies":"2 Louse","floor":1,"turns":1},{"damage":0,"enemies":"Jaw Worm","floor":4,"turns":1},{"damage":0,"enemies":"Cultist","floor":5,"turns":1},{"damage":31,"enemies":"3 Sentries","floor":7,"turns":5},{"damage":14,"enemies":"Looter","floor":10,"turns":3},{"damage":53,"enemies":"The Guardian","floor":16,"turns":19}],"seed_played":"-4790622213348486291","potions_obtained":[{"floor":5,"key":"SteroidPotion"},{"floor":10,"key":"SkillPotion"}],"is_trial":false,"path_per_floor":["M","?","?","M","M","R","E","R","T","M","?","R","$","?","R","B"],"character_chosen":"DEFECT","items_purchased":["PreservedInsect"],"campfire_rested":1,"item_purchase_floors":[13],"current_hp_per_floor":[64,47,47,47,54,54,30,30,30,23,40,40,40,26,47,0],"gold":34,"neow_bonus":"THREE_ENEMY_KILL","is_prod":false,"is_daily":false,"chose_seed":false,"campfire_upgraded":3,"win_rate":0,"timestamp":1554952610,"path_taken":["M","?","?","?","M","R","E","R","T","M","?","R","$","?","R","BOSS"],"build_version":"2019-01-23","purchased_purges":0,"victory":false,"max_hp_per_floor":[71,71,71,71,71,71,71,71,71,71,71,71,71,71,71,71],"card_choices":[{"not_picked":["Stack","Coolheaded"],"picked":"Static Discharge","floor":1},{"not_picked":["Rebound","Force Field"],"picked":"Self Repair","floor":4},{"not_picked":["Rebound","All For One"],"picked":"Glacier","floor":5},{"not_picked":["Beam Cell","Compile Driver"],"picked":"Hologram","floor":7},{"not_picked":["Beam Cell","Fusion","Sweeping Beam"],"picked":"SKIP","floor":10}],"player_experience":1074734,"relics_obtained":[{"floor":7,"key":"Bottled Lightning"}],"event_choices":[{"damage_healed":0,"gold_gain":0,"player_choice":"Take Damage","damage_taken":17,"relics_obtained":["Golden Idol"],"max_hp_gain":0,"max_hp_loss":0,"event_name":"Golden Idol","floor":2,"gold_loss":0},{"damage_healed":0,"gold_gain":0,"player_choice":"Upgraded","damage_taken":0,"max_hp_gain":0,"max_hp_loss":0,"event_name":"Upgrade Shrine","floor":3,"gold_loss":0,"cards_upgraded":["Static Discharge"]},{"damage_healed":17,"gold_gain":0,"player_choice":"Healed","damage_taken":0,"max_hp_gain":0,"max_hp_loss":0,"event_name":"The Cleric","floor":11,"gold_loss":35},{"damage_healed":0,"gold_gain":0,"player_choice":"Entered Light","damage_taken":14,"max_hp_gain":0,"max_hp_loss":0,"event_name":"Shining Light","floor":14,"gold_loss":0,"cards_upgraded":["Strike_B","Defend_B"]}],"is_beta":false,"boss_relics":[],"items_purged_floors":[],"is_endless":false,"potions_floor_spawned":[5,10],"killed_by":"The Guardian","ascension_level":14}