{"gold_per_floor":[219,183,183,12,12,12,38,38,338,28,57,57,87,97,97,193,193,205,205,217,144,37,37,68,68,68,98,108,127,6,18,18,113,113,126,142,142,159,23,55,55,88,112,112,138,138,171,171,171,171,171,171,24,51,51],"floor_reached":56,"playtime":3980,"items_purged":["Regret","Strike_R","Strike_R+1","Strike_R+1","Strike_R+1","Strike_R+1"],"score":1496,"play_id":"5ff9eda4-5000-406c-a5dd-d54cfe364243","local_time":"20190225113922","is_ascension_mode":true,"campfire_choices":[{"data":"True Grit","floor":6,"key":"SMITH"},{"data":"True Grit","floor":8,"key":"SMITH"},{"data":"Rampage","floor":15,"key":"SMITH"},{"data":"Barricade","floor":23,"key":"SMITH"},{"data":"Metallicize","floor":25,"key":"SMITH"},{"data":"Intimidate","floor":32,"key":"SMITH"},{"data":"Juggernaut","floor":41,"key":"SMITH"},{"data":"Dual Wield","floor":44,"key":"SMITH"},{"floor":46,"key":"RECALL"},{"data":"Feel No Pain","floor":49,"key":"SMITH"},{"data":"Disarm","floor":52,"key":"SMITH"}],"neow_cost":"NONE","seed_source_timestamp":6131795449856292,"circlet_count":0,"master_deck":["Defend_R+1","Defend_R+1","Defend_R+1","Defend_R+1","Bash","True Grit+1","Metallicize+1","Rampage+1","True Grit+1","Headbutt","Dual Wield+1","Barricade+1","Warcry+1","Disarm+1","Intimidate+1","Cleave","Second Wind+1","Combust","Rage+1","Juggernaut+1","Seeing Red+1","Body Slam+1","Feel No Pain+1","Offering+1","Impervious+1","Body Slam+1","Clothesline+1","Entrench+1","True Grit+1"],"relics":["Burning Blood","Red Skull","Self Forming Clay","Ancient Tea Set","Old Coin","Sling","Smiling Mask","Blood Vial","Boot","Runic Pyramid","MawBank","Anchor","Letter Opener","Toxic Egg 2","Velvet Choker","Potion Belt","Centennial Puzzle","Orichalcum","Oddly Smooth Stone","Frozen Egg 2","Mercury Hourglass"],"potions_floor_usage":[27,55,55,55,55,55],"damage_taken":[{"damage":1,"enemies":"Cultist","floor":1,"turns":3},{"damage":8,"enemies":"3 Sentries","floor":7,"turns":10},{"damage":7,"enemies":"Gremlin Nob","floor":11,"turns":4},{"damage":13,"enemies":"3 Sentries","floor":13,"turns":12},{"damage":2,"enemies":"Small Slimes","floor":14,"turns":3},{"damage":35,"enemies":"Hexaghost","floor":16,"turns":9},{"damage":7,"enemies":"Chosen","floor":18,"turns":8},{"damage":0,"enemies":"Book of Stabbing","floor":24,"turns":6},{"damage":11,"enemies":"Gremlin Leader","floor":27,"turns":8},{"damage":0,"enemies":"Shell Parasite","floor":28,"turns":7},{"damage":4,"enemies":"Chosen and Byrds","floor":29,"turns":9},{"damage":1,"enemies":"Shelled Parasite and Fungi","floor":31,"turns":9},{"damage":12,"enemies":"Automaton","floor":33,"turns":11},{"damage":1,"enemies":"3 Darklings","floor":35,"turns":7},{"damage":3,"enemies":"3 Shapes","floor":36,"turns":4},{"damage":0,"enemies":"3 Darklings","floor":38,"turns":8},{"damage":2,"enemies":"Giant Head","floor":40,"turns":7},{"damage":6,"enemies":"Nemesis","floor":42,"turns":5},{"damage":2,"enemies":"Giant Head","floor":45,"turns":7},{"damage":7,"enemies":"Nemesis","floor":47,"turns":5},{"damage":6,"enemies":"Awakened One","floor":50,"turns":8},{"damage":6,"enemies":"Shield and Spear","floor":54,"turns":5},{"damage":23,"enemies":"The Heart","floor":55,"turns":7}],"seed_played":"8836395566204583242","potions_obtained":[{"floor":14,"key":"SkillPotion"},{"floor":16,"key":"LiquidBronze"},{"floor":27,"key":"BloodPotion"},{"floor":31,"key":"SteroidPotion"},{"floor":33,"key":"Energy Potion"},{"floor":42,"key":"Swift Potion"},{"floor":48,"key":"Weak Potion"},{"floor":48,"key":"Ancient Potion"}],"is_trial":false,"path_per_floor":["M","$","?","$","?","R","E","R","T","$","E","T","E","M","R","B",null,"M","?","?","?","$","R","E","R","T","E","M","M","$","M","R","B",null,"M","M","?","M","$","E","R","E","T","R","E","R","E","?","R","B",null,"R","$","E","B",null],"character_chosen":"IRONCLAD","items_purchased":["Metallicize","Rampage","True Grit","Sling","Disarm","Combust","Feel No Pain","PowerPotion","Entrench+1","True Grit+1"],"campfire_rested":0,"item_purchase_floors":[2,4,4,10,22,30,39,39,53,53],"current_hp_per_floor":[80,80,80,80,62,62,60,60,60,60,59,59,54,60,60,33,80,79,79,79,79,79,79,80,80,80,75,80,80,80,80,80,74,80,80,80,80,80,80,80,80,80,80,80,80,80,79,79,79,80,80,80,80,80,63],"gold":51,"neow_bonus":"HUNDRED_GOLD","is_prod":false,"is_daily":false,"chose_seed":false,"campfire_upgraded":10,"win_rate":0,"timestamp":1551112762,"path_taken":["M","$","?","$","?","R","E","R","T","?","E","?","E","M","R","BOSS","M","?","?","?","?","R","E","R","T","E","?","M","$","M","R","BOSS","M","M","?","M","$","E","R","E","T","R","E","R","E","?","R","BOSS","R","$","E","BOSS"],"build_version":"2019-02-06","purchased_purges":6,"victory":true,"max_hp_per_floor":[80,80,80,80,80,80,80,80,80,80,80,80,80,80,80,80,80,80,80,80,80,80,80,80,80,80,80,80,80,80,80,80,80,80,80,80,80,80,80,80,80,80,80,80,80,80,80,80,80,80,80,80,80,80,80],"card_choices":[{"not_picked":["Sword Boomerang","Clothesline"],"picked":"True Grit","floor":1},{"not_picked":["Corruption","Twin Strike"],"picked":"Headbutt","floor":7},{"not_picked":["Hemokinesis","Clothesline"],"picked":"Dual Wield","floor":11},{"not_picked":["Iron Wave","Body Slam","Flame Barrier"],"picked":"SKIP","floor":13},{"not_picked":["Iron Wave","Anger","Clash"],"picked":"SKIP","floor":14},{"not_picked":["Immolate","Reaper"],"picked":"Barricade","floor":16},{"not_picked":["Clothesline","Corruption+1"],"picked":"Warcry+1","floor":18},{"not_picked":["Searing Blow+1","Clothesline"],"picked":"Intimidate","floor":24},{"not_picked":["Flex","Rampage+1","Spot Weakness"],"picked":"SKIP","floor":27},{"not_picked":["Iron Wave","Whirlwind"],"picked":"Cleave","floor":28},{"not_picked":["Brutality","Anger+1"],"picked":"Second Wind+1","floor":29},{"not_picked":["Sword Boomerang","Spot Weakness+1"],"picked":"Rage+1","floor":31},{"not_picked":["Bludgeon","Dark Embrace"],"picked":"Juggernaut","floor":33},{"not_picked":["Sword Boomerang+1","Havoc+1"],"picked":"Seeing Red+1","floor":35},{"not_picked":["Sword Boomerang+1","Flex+1"],"picked":"Body Slam+1","floor":36},{"not_picked":["Fire Breathing+1","Thunderclap","Twin Strike"],"picked":"SKIP","floor":38},{"not_picked":["Brutality","Hemokinesis+1"],"picked":"Offering+1","floor":40},{"not_picked":["Combust+1","Feed"],"picked":"Impervious+1","floor":42},{"not_picked":["Inflame","Cleave"],"picked":"Body Slam+1","floor":45},{"not_picked":["Second Wind+1","Pommel Strike"],"picked":"Clothesline+1","floor":47},{"not_picked":["Armaments+1","Disarm+1","Carnage"],"picked":"SKIP","floor":54}],"player_experience":4692234,"relics_obtained":[{"floor":7,"key":"Ancient Tea Set"},{"floor":9,"key":"Old Coin"},{"floor":11,"key":"Smiling Mask"},{"floor":12,"key":"Blood Vial"},{"floor":13,"key":"Boot"},{"floor":24,"key":"Letter Opener"},{"floor":27,"key":"Toxic Egg 2"},{"floor":40,"key":"Potion Belt"},{"floor":42,"key":"Centennial Puzzle"},{"floor":43,"key":"Orichalcum"},{"floor":45,"key":"Oddly Smooth Stone"},{"floor":47,"key":"Frozen Egg 2"},{"floor":54,"key":"Mercury Hourglass"}],"event_choices":[{"damage_healed":0,"gold_gain":0,"player_choice":"Box","damage_taken":0,"relics_obtained":["Red Skull"],"max_hp_gain":0,"max_hp_loss":0,"event_name":"Big Fish","floor":3,"gold_loss":0,"cards_obtained":["Regret"]},{"damage_healed":0,"gold_gain":0,"player_choice":"Success","damage_taken":18,"relics_obtained":["Self Forming Clay"],"max_hp_gain":0,"max_hp_loss":0,"event_name":"Scrap Ooze","floor":5,"gold_loss":0},{"damage_healed":0,"gold_gain":0,"player_choice":"Opened","damage_taken":0,"relics_obtained":["MawBank"],"max_hp_gain":0,"max_hp_loss":0,"event_name":"The Mausoleum","floor":19,"gold_loss":0},{"damage_healed":0,"gold_gain":0,"player_choice":"Simplicity","damage_taken":0,"max_hp_gain":0,"max_hp_loss":0,"event_name":"Back to Basics","floor":20,"gold_loss":0,"cards_upgraded":["Strike_R","Strike_R","Strike_R","Strike_R","Defend_R","Defend_R","Defend_R","Defend_R"]},{"damage_healed":0,"gold_gain":0,"player_choice":"Obtained Relic","damage_taken":0,"relics_obtained":["Anchor"],"max_hp_gain":0,"max_hp_loss":0,"event_name":"Addict","floor":21,"gold_loss":85},{"damage_healed":0,"gold_gain":0,"player_choice":"Ignored","damage_taken":0,"max_hp_gain":0,"max_hp_loss":0,"event_name":"Tomb of Lord Red Mask","floor":37,"gold_loss":0},{"damage_healed":0,"gold_gain":0,"player_choice":"Got Potions","damage_taken":0,"max_hp_gain":0,"max_hp_loss":0,"event_name":"Lab","floor":48,"gold_loss":0}],"is_beta":true,"boss_relics":[{"not_picked":["Cursed Key","Sozu"],"picked":"Runic Pyramid"},{"not_picked":["Eternal Feather","Empty Cage"],"picked":"Velvet Choker"}],"items_purged_floors":[4,10,22,30,39,53],"is_endless":false,"potions_floor_spawned":[14,16,27,31,33,35,36,42],"ascension_level":1}