{"gold_per_floor":[18,35,110,128,403,403,421,421,471,471,483,483,23,23,23,122,122,136,152,187,187,18,53,53,53,53,68,68,68,68,68,68,170,170,185,185,197,252,272,272,297,297,324,336,248,248,248,87,87,87],"floor_reached":51,"playtime":1754,"items_purged":["Regret","Normality","Defend_G"],"score":907,"play_id":"003dc89d-cdf6-4ec4-b444-88358a04354e","local_time":"20190516021759","is_ascension_mode":true,"campfire_choices":[{"data":"Blade Dance","floor":6.0,"key":"SMITH"},{"data":"Crippling Poison","floor":10.0,"key":"SMITH"},{"data":"Neutralize","floor":15.0,"key":"SMITH"},{"data":"After Image","floor":25.0,"key":"SMITH"},{"data":"Burst","floor":28.0,"key":"SMITH"},{"data":"Cloak And Dagger","floor":30.0,"key":"SMITH"},{"data":"Leg Sweep","floor":32.0,"key":"SMITH"},{"data":"Noxious Fumes","floor":40,"key":"SMITH"},{"data":"Backflip","floor":42,"key":"SMITH"},{"data":"Deadly Poison","floor":44,"key":"SMITH"},{"data":"Deadly Poison","floor":46,"key":"SMITH"},{"data":"Crippling Poison","floor":49,"key":"SMITH"}],"neow_cost":"NO_GOLD","seed_source_timestamp":34346715580223,"circlet_count":0,"master_deck":["Defend_G","Defend_G","Defend_G","Defend_G","Survivor","Neutralize+1","Blade Dance+1","Deadly Poison+1","Crippling Poison+1","Deadly Poison+1","Master of Strategy","After Image+1","Bane","Burst+1","Bite","Bite","Bite","Bite","Bite","Noxious Fumes+1","Cloak And Dagger+1","Leg Sweep+1","Leg Sweep+1","Backflip+1","Blade Dance","Skewer+1","PiercingWail","Dash","Predator+1","Crippling Poison+1"],"special_seed":0,"relics":["Ring of the Snake","Mango","Orichalcum","Oddly Smooth Stone","Bag of Marbles","Cursed Key","Red Mask","Gremlin Horn","Thread and Needle","Orrery","Du-Vu Doll","Pen Nib","MawBank"],"potions_floor_usage":[41,50,50,50],"damage_taken":[{"damage":6.0,"enemies":"Jaw Worm","floor":1.0,"turns":7.0},{"damage":0.0,"enemies":"2 Louse","floor":2.0,"turns":2.0},{"damage":0.0,"enemies":"Cultist","floor":4.0,"turns":4.0},{"damage":9.0,"enemies":"2 Fungi Beasts","floor":7.0,"turns":4.0},{"damage":14.0,"enemies":"3 Louse","floor":11.0,"turns":2.0},{"damage":24.0,"enemies":"Hexaghost","floor":16.0,"turns":9.0},{"damage":0.0,"enemies":"Chosen","floor":18.0,"turns":4.0},{"damage":9.0,"enemies":"2 Thieves","floor":19.0,"turns":4.0},{"damage":26.0,"enemies":"Masked Bandits","floor":20.0,"turns":5.0},{"damage":0.0,"enemies":"Gremlin Leader","floor":23.0,"turns":6.0},{"damage":7.0,"enemies":"Snake Plant","floor":27.0,"turns":5.0},{"damage":33.0,"enemies":"Collector","floor":33.0,"turns":11.0},{"damage":0.0,"enemies":"3 Shapes","floor":35.0,"turns":5.0},{"damage":0.0,"enemies":"Orb Walker","floor":37.0,"turns":3.0},{"damage":29.0,"enemies":"2 Orb Walkers","floor":38.0,"turns":7.0},{"damage":4,"enemies":"Writhing Mass","floor":39,"turns":9},{"damage":13,"enemies":"Reptomancer","floor":41,"turns":7},{"damage":39,"enemies":"Donu and Deca","floor":50,"turns":12}],"seed_played":"6284463809780532292","potions_obtained":[{"floor":4.0,"key":"Fruit Juice"},{"floor":11.0,"key":"EssenceOfSteel"},{"floor":16.0,"key":"Energy Potion"},{"floor":19.0,"key":"Block Potion"},{"floor":41,"key":"SpeedPotion"}],"is_trial":false,"path_per_floor":["M","M","?","M","?","R","M","?","T","R","M","?","$","?","R","B",null,"M","M","?","?","$","E","T","R","T","M","R","?","R","$","R","B",null,"M","?","M","?","M","R","E","R","T","R","$","R","?","$","R","B",null],"character_chosen":"THE_SILENT","items_purchased":["Oddly Smooth Stone","Deadly Poison","Master of Strategy","Noxious Fumes","Cloak And Dagger","Leg Sweep","Crippling Poison"],"campfire_rested":0,"item_purchase_floors":[13,13,13,22,22,22,48],"current_hp_per_floor":[78,78,67,72,72,72,63,89,89,89,75,57,57,57,57,35,89,89,80,56,56,56,66,66,66,66,67,67,67,67,67,67,48,89,89,89,89,68,70,70,69,69,69,69,69,69,69,69,69,32],"gold":87,"neow_bonus":"ONE_RARE_RELIC","is_prod":false,"is_daily":false,"chose_seed":false,"campfire_upgraded":12,"win_rate":0,"timestamp":1557965879,"path_taken":["M","M","?","M","?","R","?","?","T","R","M","?","$","?","R","BOSS","M","M","?","?","$","E","?","R","T","M","R","?","R","$","R","BOSS","M","?","?","?","M","R","E","R","T","R","$","R","?","$","R","BOSS"],"build_version":"2019-01-23","purchased_purges":3,"victory":true,"max_hp_per_floor":[84,84,84,89,89,89,89,89,89,89,89,89,89,89,89,89,89,89,89,89,89,89,89,89,89,89,89,89,89,89,89,89,89,89,89,89,89,89,89,89,89,89,89,89,89,89,85,85,85,85],"card_choices":[{"not_picked":["Blade Dance","Infinite Blades","Poisoned Stab"],"picked":"SKIP","floor":1.0},{"not_picked":["Infinite Blades","Poisoned Stab"],"picked":"Blade Dance","floor":1.0},{"not_picked":["Prepared","Deflect","Setup"],"picked":"SKIP","floor":2.0},{"not_picked":["Sucker Punch","Deflect"],"picked":"Deadly Poison","floor":4.0},{"not_picked":["Dodge and Roll","Flechettes"],"picked":"Crippling Poison","floor":7.0},{"not_picked":["PiercingWail","Slice","Terror"],"picked":"SKIP","floor":11.0},{"not_picked":["Malaise","Bullet Time"],"picked":"After Image","floor":16.0},{"not_picked":["Endless Agony+1","Acrobatics"],"picked":"Bane","floor":18.0},{"not_picked":["Sucker Punch","Slice"],"picked":"Burst","floor":19.0},{"not_picked":["Dodge and Roll","Blade Dance"],"picked":"Leg Sweep+1","floor":23.0},{"not_picked":["Cloak And Dagger","Deflect","All Out Attack+1"],"picked":"SKIP","floor":27.0},{"not_picked":["Deflect","Outmaneuver+1"],"picked":"Backflip","floor":34.0},{"not_picked":["Quick Slash+1","Outmaneuver"],"picked":"Blade Dance","floor":34.0},{"not_picked":["Deflect","Prepared"],"picked":"Skewer+1","floor":34.0},{"not_picked":["Dodge and Roll+1","Cloak And Dagger"],"picked":"PiercingWail","floor":34.0},{"not_picked":["Dash","Slice+1","Quick Slash+1"],"picked":"SKIP","floor":35.0},{"not_picked":["Slice+1","Quick Slash+1"],"picked":"Dash","floor":35.0},{"not_picked":["Slice","Dagger Throw","Caltrops+1"],"picked":"SKIP","floor":37.0},{"not_picked":["Storm of Steel","PiercingWail+1"],"picked":"Predator+1","floor":38.0},{"not_picked":["Skewer+1","Distraction+1","Calculated Gamble+1"],"picked":"SKIP","floor":39},{"not_picked":["Deflect+1","Flying Knee+1","Riddle With Holes+1"],"picked":"SKIP","floor":41}],"player_experience":59365,"relics_obtained":[{"floor":9.0,"key":"Blood Vial"},{"floor":20.0,"key":"Red Mask"},{"floor":23.0,"key":"Gremlin Horn"},{"floor":38.0,"key":"Du-Vu Doll"},{"floor":41,"key":"Pen Nib"},{"floor":43,"key":"MawBank"}],"event_choices":[{"damage_healed":0.0,"max_hp_gain":0.0,"max_hp_loss":0.0,"gold_gain":75.0,"event_name":"World of Goop","player_choice":"Gather Gold","floor":3.0,"gold_loss":0.0,"damage_taken":11.0},{"damage_healed":0.0,"max_hp_gain":0.0,"max_hp_loss":0.0,"gold_gain":275.0,"event_name":"Golden Shrine","player_choice":"Desecrate","floor":5.0,"gold_loss":0.0,"damage_taken":0.0,"cards_obtained":["Regret"]},{"damage_healed":29.0,"max_hp_gain":0.0,"max_hp_loss":0.0,"gold_gain":0.0,"event_name":"Big Fish","player_choice":"Banana","floor":8.0,"gold_loss":0.0,"damage_taken":0.0},{"damage_healed":0.0,"max_hp_gain":0.0,"max_hp_loss":0.0,"gold_gain":0.0,"event_name":"Scrap Ooze","player_choice":"Success","floor":12.0,"gold_loss":0.0,"damage_taken":18.0,"relics_obtained":["Orichalcum"]},{"damage_healed":0.0,"max_hp_gain":0.0,"max_hp_loss":0.0,"gold_gain":0.0,"event_name":"Dead Adventurer","player_choice":"Searched \u00271\u0027 times","floor":14.0,"gold_loss":0.0,"damage_taken":0.0,"relics_obtained":["Bag of Marbles"]},{"damage_healed":0.0,"max_hp_gain":0.0,"max_hp_loss":0.0,"gold_gain":0.0,"event_name":"Masked Bandits","player_choice":"Fought Bandits","floor":20.0,"gold_loss":0.0,"damage_taken":0.0},{"damage_healed":0.0,"max_hp_gain":0.0,"max_hp_loss":0.0,"gold_gain":0.0,"event_name":"Vampires","player_choice":"Became a vampire (Vial)","floor":21.0,"relics_lost":["Blood Vial"],"gold_loss":0.0,"damage_taken":0.0,"cards_obtained":["Bite","Bite","Bite","Bite","Bite"]},{"damage_healed":0.0,"max_hp_gain":0.0,"max_hp_loss":0.0,"gold_gain":0.0,"event_name":"The Mausoleum","player_choice":"Opened","floor":29.0,"gold_loss":0.0,"damage_taken":0.0,"relics_obtained":["Thread and Needle"]},{"damage_healed":0.0,"max_hp_gain":0.0,"max_hp_loss":0.0,"gold_gain":0.0,"event_name":"Wheel of Change","player_choice":"Full Heal","floor":36.0,"gold_loss":0.0,"damage_taken":0.0},{"damage_healed":0.0,"max_hp_gain":0.0,"max_hp_loss":0.0,"gold_gain":0.0,"event_name":"Mysterious Sphere","player_choice":"Fight","floor":38.0,"gold_loss":0.0,"damage_taken":0.0},{"damage_healed":0,"gold_gain":0,"player_choice":"Max HP","damage_taken":0,"max_hp_gain":0,"max_hp_loss":4,"event_name":"Winding Halls","floor":47,"gold_loss":0}],"is_beta":false,"boss_relics":[{"not_picked":["Lizard Tail","Runic Dome"],"picked":"Cursed Key"},{"not_picked":["HoveringKite","Runic Pyramid"],"picked":"Orrery"}],"items_purged_floors":[13,45,48],"is_endless":false,"potions_floor_spawned":[4,11,16,19,20,27,38,39,41],"ascension_level":4}