{"gold_per_floor":[113,113,113,29,29,29,72,90,145,145,170,170,185,201,201,322,322,317,242,50,50,71,71,71,71,152,187,223,223,237,258,258,258],"floor_reached":33,"playtime":1222,"items_purged":["Strike_R"],"score":329,"play_id":"2baa5ff9-4576-40f1-a915-c9fa9ac65e05","local_time":"20190112120459","is_ascension_mode":true,"campfire_choices":[{"data":"Uppercut","floor":6,"key":"SMITH"},{"data":"True Grit","floor":10,"key":"SMITH"},{"data":"Demon Form","floor":12,"key":"SMITH"},{"floor":15,"key":"REST"},{"floor":23,"key":"REST"},{"floor":25,"key":"REST"},{"floor":32,"key":"REST"}],"neow_cost":"PERCENT_DAMAGE","seed_source_timestamp":157584771275800,"circlet_count":0,"master_deck":["Strike_R","Strike_R","Strike_R","Defend_R","Defend_R","Defend_R","Defend_R","Bash","Demon Form+1","Uppercut+1","Metallicize","Heavy Blade","True Grit+1","Reaper","Cleave","Disarm","Double Tap","Power Through","Evolve","Shrug It Off","Headbutt","Whirlwind"],"relics":["Burning Blood","Golden Idol","Dodecahedron","Self Forming Clay","Vajra","Fusion Hammer","MutagenicStrength","Darkstone Periapt","Gremlin Horn","Red Mask","Kunai"],"potions_floor_usage":[28,28,28,33],"damage_taken":[{"damage":1,"enemies":"Cultist","floor":1,"turns":3},{"damage":35,"enemies":"3 Sentries","floor":7,"turns":7},{"damage":5,"enemies":"Small Slimes","floor":8,"turns":3},{"damage":0,"enemies":"Jaw Worm","floor":11,"turns":4},{"damage":5,"enemies":"3 Louse","floor":13,"turns":4},{"damage":0,"enemies":"Looter","floor":14,"turns":3},{"damage":35,"enemies":"The Guardian","floor":16,"turns":9},{"damage":14,"enemies":"2 Thieves","floor":18,"turns":4},{"damage":42,"enemies":"Colosseum Slavers","floor":21,"turns":7},{"damage":15,"enemies":"Chosen","floor":22,"turns":6},{"damage":52,"enemies":"Slavers","floor":27,"turns":7},{"damage":53,"enemies":"Masked Bandits","floor":28,"turns":6},{"damage":13,"enemies":"Snecko","floor":30,"turns":5},{"damage":13,"enemies":"3 Cultists","floor":31,"turns":5},{"damage":53,"enemies":"Automaton","floor":33,"turns":6}],"seed_played":"2616293760949677434","potions_obtained":[{"floor":7,"key":"BloodPotion"},{"floor":11,"key":"SteroidPotion"},{"floor":13,"key":"SpeedPotion"},{"floor":28,"key":"Dexterity Potion"}],"is_trial":false,"path_per_floor":["M","?","?","$","?","R","E","M","T","R","M","R","M","M","R","B",null,"M","?","$","?","M","R","?","R","T","E","?","T","M","M","R","B"],"character_chosen":"IRONCLAD","items_purchased":["Metallicize","Heavy Blade","Evolve","Shrug It Off"],"campfire_rested":4,"item_purchase_floors":[4,4,20,20],"current_hp_per_floor":[61,61,61,61,54,54,25,26,26,26,32,32,33,39,61,32,64,56,56,56,20,16,38,38,60,60,39,16,16,14,17,39,0],"gold":258,"neow_bonus":"THREE_RARE_CARDS","is_prod":false,"is_daily":false,"chose_seed":false,"campfire_upgraded":3,"win_rate":0,"timestamp":1547291099,"path_taken":["M","?","?","?","?","R","E","M","T","R","M","R","M","M","R","BOSS","M","?","$","?","M","R","?","R","T","E","?","?","M","M","R","BOSS"],"build_version":"2019-01-10","purchased_purges":1,"victory":false,"max_hp_per_floor":[80,80,74,74,74,74,74,74,74,74,74,74,74,74,74,74,74,74,74,74,74,74,74,74,74,74,74,74,74,74,74,74,74],"card_choices":[{"not_picked":["Dark Embrace","Barricade"],"picked":"Demon Form","floor":0},{"not_picked":["Havoc","Perfected Strike"],"picked":"Uppercut","floor":1},{"not_picked":["Blood for Blood","Clash","Infernal Blade"],"picked":"SKIP","floor":7},{"not_picked":["Anger","Wild Strike"],"picked":"True Grit","floor":8},{"not_picked":["Second Wind","Rupture"],"picked":"Reaper","floor":11},{"not_picked":["Havoc","Intimidate"],"picked":"Cleave","floor":13},{"not_picked":["Perfected Strike","Armaments"],"picked":"Disarm","floor":14},{"not_picked":["Feed","Dark Embrace"],"picked":"Double Tap","floor":16},{"not_picked":["Perfected Strike","Combust+1"],"picked":"Power Through","floor":18},{"not_picked":["Rupture","Havoc"],"picked":"Headbutt","floor":22},{"not_picked":["Combust","Cleave","Entrench"],"picked":"SKIP","floor":27},{"not_picked":["Burning Pact","Bloodletting"],"picked":"Whirlwind","floor":28},{"not_picked":["Pommel Strike","Wild Strike","Spot Weakness"],"picked":"SKIP","floor":30},{"not_picked":["Armaments","Havoc","Evolve"],"picked":"SKIP","floor":31}],"player_experience":370135,"relics_obtained":[{"floor":7,"key":"Self Forming Clay"},{"floor":9,"key":"Vajra"},{"floor":26,"key":"Darkstone Periapt"},{"floor":27,"key":"Gremlin Horn"},{"floor":28,"key":"Red Mask"},{"floor":29,"key":"Kunai"}],"event_choices":[{"damage_healed":0,"gold_gain":0,"player_choice":"Ignored","damage_taken":0,"max_hp_gain":0,"max_hp_loss":0,"event_name":"Liars Game","floor":2,"gold_loss":0},{"damage_healed":0,"gold_gain":0,"player_choice":"Lose Max HP","damage_taken":0,"relics_obtained":["Golden Idol"],"max_hp_gain":0,"max_hp_loss":6,"event_name":"Golden Idol","floor":3,"gold_loss":0},{"damage_healed":0,"gold_gain":0,"player_choice":"Success","damage_taken":7,"relics_obtained":["Dodecahedron"],"max_hp_gain":0,"max_hp_loss":0,"event_name":"Scrap Ooze","floor":5,"gold_loss":0},{"cards_removed":["Strike_R"],"damage_healed":0,"gold_gain":0,"player_choice":"Gave Gold","damage_taken":0,"max_hp_gain":0,"max_hp_loss":0,"event_name":"Beggar","floor":19,"gold_loss":75},{"damage_healed":0,"gold_gain":0,"player_choice":"Fight","damage_taken":0,"max_hp_gain":0,"max_hp_loss":0,"event_name":"Colosseum","floor":21,"gold_loss":0},{"damage_healed":0,"gold_gain":0,"player_choice":"Fled From Nobs","damage_taken":0,"max_hp_gain":0,"max_hp_loss":0,"event_name":"Colosseum","floor":21,"gold_loss":0},{"damage_healed":0,"gold_gain":0,"player_choice":"Inject Mutagens","damage_taken":0,"relics_obtained":["MutagenicStrength"],"max_hp_gain":0,"max_hp_loss":0,"event_name":"Drug Dealer","floor":24,"gold_loss":0},{"damage_healed":0,"gold_gain":0,"player_choice":"Fought Bandits","damage_taken":0,"max_hp_gain":0,"max_hp_loss":0,"event_name":"Masked Bandits","floor":28,"gold_loss":0}],"is_beta":false,"boss_relics":[{"not_picked":["Eternal Feather","Black Blood"],"picked":"Fusion Hammer"}],"items_purged_floors":[20],"is_endless":false,"potions_floor_spawned":[7,11,13,21,28],"killed_by":"Automaton","ascension_level":5}