{"gold_per_floor":[211,223,223,15,31,31,43,71,94,129,147,17,17,53,65,175,187,222,234,261,273,0,0,27,38,62,62,80,80,130,156,156,235,235,246,246,260,15,49,49,75,101,128,163,163,163,163,10,10,10,10],"floor_reached":52,"playtime":1715,"items_purged":["Strike_R","Strike_R"],"score":2038,"play_id":"c93895f2-94e8-4fa9-afd5-28afabe92033","local_time":"20190414172253","is_ascension_mode":true,"campfire_choices":[{"data":"Feed","floor":6.0,"key":"SMITH"},{"data":"Immolate","floor":15.0,"key":"SMITH"},{"floor":23.0,"key":"REST"},{"data":"Shockwave","floor":29.0,"key":"SMITH"},{"data":"Sword Boomerang","floor":32.0,"key":"SMITH"},{"floor":40.0,"key":"REST"},{"floor":45.0,"key":"RECALL"},{"floor":49.0,"key":"REST"}],"neow_cost":"NONE","seed_source_timestamp":259676513465193,"circlet_count":0,"master_deck":["AscendersBane","Strike_R","Strike_R","Defend_R","Defend_R","Defend_R","Defend_R","Bash","Whirlwind+1","Twin Strike","Feed+1","Shrug It Off","Shockwave+1","Immolate+1","Reaper","Shrug It Off","Pummel","Necronomicurse","Sword Boomerang+1","Inflame+1","Clothesline","Iron Wave+1","Battle Trance","Brutality","Sword Boomerang","HandOfGreed","Heavy Blade","Warcry+1","Impervious","Master of Strategy","Trip"],"special_seed":0,"relics":["Burning Blood","Regal Pillow","Juzu Bracelet","Bag of Marbles","Bloody Idol","MawBank","Philosopher\u0027s Stone","Necronomicon","Brimstone","Shuriken","Potion Belt","WingedGreaves","Fusion Hammer","Unceasing Top","Dodecahedron","PreservedInsect","Pen Nib"],"potions_floor_usage":[51,51,51,51],"damage_taken":[{"damage":2.0,"enemies":"Jaw Worm","floor":1.0,"turns":6.0},{"damage":7.0,"enemies":"Cultist","floor":2.0,"turns":4.0},{"damage":0.0,"enemies":"2 Louse","floor":5.0,"turns":1.0},{"damage":9.0,"enemies":"2 Fungi Beasts","floor":7.0,"turns":3.0},{"damage":25.0,"enemies":"Lagavulin","floor":8.0,"turns":7.0},{"damage":31.0,"enemies":"Gremlin Nob","floor":10.0,"turns":4.0},{"damage":12.0,"enemies":"Large Slime","floor":11.0,"turns":6.0},{"damage":19.0,"enemies":"Lagavulin","floor":14.0,"turns":6.0},{"damage":26.0,"enemies":"Slime Boss","floor":16.0,"turns":7.0},{"damage":22.0,"enemies":"Shell Parasite","floor":18.0,"turns":2.0},{"damage":25.0,"enemies":"3 Byrds","floor":20.0,"turns":4.0},{"damage":26.0,"enemies":"Book of Stabbing","floor":24.0,"turns":3.0},{"damage":43.0,"enemies":"Centurion and Healer","floor":25.0,"turns":5.0},{"damage":6.0,"enemies":"Sentry and Sphere","floor":28.0,"turns":3.0},{"damage":0.0,"enemies":"Slavers","floor":31.0,"turns":1.0},{"damage":16.0,"enemies":"Automaton","floor":33.0,"turns":4.0},{"damage":0.0,"enemies":"Orb Walker","floor":35.0,"turns":1.0},{"damage":59.0,"enemies":"3 Shapes","floor":37.0,"turns":3.0},{"damage":20.0,"enemies":"Maw","floor":39.0,"turns":5.0},{"damage":15.0,"enemies":"Giant Head","floor":41.0,"turns":4.0},{"damage":14.0,"enemies":"Nemesis","floor":42.0,"turns":3.0},{"damage":7.0,"enemies":"Giant Head","floor":44.0,"turns":3.0},{"damage":48,"enemies":"Time Eater","floor":50,"turns":6},{"damage":50,"enemies":"Awakened One","floor":51,"turns":6}],"seed_played":"8014009598786777183","potions_obtained":[{"floor":1.0,"key":"FearPotion"},{"floor":2.0,"key":"Strength Potion"},{"floor":16.0,"key":"Energy Potion"},{"floor":37.0,"key":"Explosive Potion"},{"floor":44.0,"key":"Strength Potion"}],"is_trial":false,"path_per_floor":["M","M","?","$","M","R","M","E","T","E","M","$","?","E","R","B",null,"M","?","M","?","$","R","E","M","T","?","M","R","?","E","R","B",null,"M","?","M","$","M","R","E","E","T","E","R","?","?","$","R","B","B",null],"character_chosen":"IRONCLAD","items_purchased":["Feed","Shrug It Off","FearPotion","Brimstone","Sword Boomerang","HandOfGreed","Heavy Blade","Dexterity Potion"],"campfire_rested":3,"item_purchase_floors":[4,4,12,22,22,38,38,48],"current_hp_per_floor":[72,71,71,71,75,75,76,61,61,36,40,40,40,31,31,17,64,48,48,52,36,41,80,65,83,83,83,83,83,83,83,83,78,82,83,83,81,81,83,87,83,80,85,87,87,83,73,73,83,53,46],"gold":10,"neow_bonus":"HUNDRED_GOLD","is_prod":false,"is_daily":false,"chose_seed":false,"campfire_upgraded":4,"win_rate":0,"timestamp":1555276973,"path_taken":["M","M","?","$","M","R","M","E","T","E","M","?","?","E","R","BOSS","M","?","M","?","$","R","E","M","T","?","M","R","?","E","R","BOSS","M","?","M","$","M","R","E","E","T","E","R","?","?","$","R","BOSS","BOSS"],"build_version":"2019-04-04","purchased_purges":2,"victory":true,"max_hp_per_floor":[75,75,75,75,75,75,79,83,83,83,87,87,79,79,79,79,79,79,79,83,83,83,83,83,83,83,83,83,83,83,83,83,83,83,83,83,87,87,87,87,87,87,87,87,87,83,83,83,83,87,87],"card_choices":[{"not_picked":["Rage","Blood for Blood"],"picked":"Whirlwind","floor":1.0},{"not_picked":["Dual Wield","Battle Trance"],"picked":"Twin Strike","floor":2.0},{"not_picked":["Perfected Strike","Cleave","Havoc"],"picked":"SKIP","floor":5.0},{"not_picked":["Clash","Body Slam"],"picked":"Shockwave","floor":7.0},{"not_picked":["Ghostly Armor","Carnage"],"picked":"Immolate","floor":8.0},{"not_picked":["Headbutt","Twin Strike"],"picked":"Reaper","floor":10.0},{"not_picked":["Wild Strike","Thunderclap","Armaments"],"picked":"SKIP","floor":11.0},{"not_picked":["Reaper","Barricade"],"picked":"Shrug It Off","floor":14.0},{"not_picked":["Thunderclap","Heavy Blade"],"picked":"Pummel","floor":18.0},{"not_picked":["Havoc","Twin Strike","Pummel"],"picked":"SKIP","floor":20.0},{"not_picked":["Flex","Thunderclap"],"picked":"Inflame+1","floor":24.0},{"not_picked":["Fire Breathing","Armaments"],"picked":"Clothesline","floor":25.0},{"not_picked":["Perfected Strike","Anger"],"picked":"Iron Wave+1","floor":28.0},{"not_picked":["Searing Blow","Seeing Red"],"picked":"Battle Trance","floor":31.0},{"not_picked":["Immolate","Fiend Fire"],"picked":"Brutality","floor":33.0},{"not_picked":["Seeing Red","Perfected Strike+1"],"picked":"Sword Boomerang","floor":35.0},{"not_picked":["Clothesline+1","Sword Boomerang","Anger"],"picked":"SKIP","floor":37.0},{"not_picked":["Twin Strike+1","Seeing Red"],"picked":"Warcry+1","floor":39.0},{"not_picked":["Searing Blow","Pommel Strike"],"picked":"Impervious","floor":41.0},{"not_picked":["Anger","Clothesline","Flex"],"picked":"SKIP","floor":42.0},{"not_picked":["Metallicize","Feel No Pain","Clothesline"],"picked":"SKIP","floor":44.0},{"not_picked":["Blind","Dark Shackles"],"picked":"Master of Strategy","floor":47.0},{"not_picked":["Mind Blast","Metamorphosis"],"picked":"Trip","floor":47.0}],"player_experience":974826,"relics_obtained":[{"floor":8.0,"key":"Regal Pillow"},{"floor":9.0,"key":"Juzu Bracelet"},{"floor":10.0,"key":"Bag of Marbles"},{"floor":14.0,"key":"MawBank"},{"floor":21.0,"key":"Necronomicon"},{"floor":24.0,"key":"Shuriken"},{"floor":26.0,"key":"Potion Belt"},{"floor":31.0,"key":"WingedGreaves"},{"floor":41.0,"key":"Unceasing Top"},{"floor":42.0,"key":"Dodecahedron"},{"floor":43.0,"key":"PreservedInsect"},{"floor":44.0,"key":"Pen Nib"}],"event_choices":[{"damage_healed":0.0,"max_hp_gain":0.0,"max_hp_loss":0.0,"gold_gain":0.0,"event_name":"Upgrade Shrine","player_choice":"Upgraded","floor":3.0,"gold_loss":0.0,"damage_taken":0.0,"cards_upgraded":["Whirlwind"]},{"damage_healed":0.0,"max_hp_gain":0.0,"max_hp_loss":8.0,"gold_gain":0.0,"event_name":"Golden Idol","player_choice":"Lose Max HP","floor":13.0,"gold_loss":0.0,"damage_taken":0.0,"relics_obtained":["Golden Idol"]},{"damage_healed":0.0,"max_hp_gain":0.0,"max_hp_loss":0.0,"gold_gain":0.0,"event_name":"Forgotten Altar","player_choice":"Gave Idol","floor":19.0,"relics_lost":["Golden Idol"],"gold_loss":0.0,"damage_taken":0.0,"relics_obtained":["Bloody Idol"]},{"damage_healed":0.0,"max_hp_gain":0.0,"max_hp_loss":0.0,"gold_gain":0.0,"event_name":"Cursed Tome","player_choice":"Obtained Book","floor":21.0,"gold_loss":0.0,"damage_taken":21.0},{"cards_removed":["Strike_R"],"damage_healed":0.0,"max_hp_gain":0.0,"max_hp_loss":0.0,"gold_gain":0.0,"event_name":"Purifier","player_choice":"Purged","floor":27.0,"gold_loss":0.0,"damage_taken":0.0},{"damage_healed":0.0,"max_hp_gain":0.0,"max_hp_loss":0.0,"gold_gain":50.0,"event_name":"Golden Shrine","player_choice":"Pray","floor":30.0,"gold_loss":0.0,"damage_taken":0.0},{"damage_healed":0.0,"max_hp_gain":0.0,"max_hp_loss":0.0,"gold_gain":0.0,"event_name":"Tomb of Lord Red Mask","player_choice":"Ignored","floor":36.0,"gold_loss":0.0,"damage_taken":0.0},{"damage_healed":0.0,"max_hp_gain":0.0,"max_hp_loss":4.0,"gold_gain":0.0,"event_name":"Winding Halls","player_choice":"Max HP","floor":46.0,"gold_loss":0.0,"damage_taken":0.0},{"damage_healed":0.0,"max_hp_gain":0.0,"max_hp_loss":0.0,"gold_gain":0.0,"event_name":"SensoryStone","player_choice":"Memory 3","floor":47.0,"gold_loss":0.0,"damage_taken":10.0}],"is_beta":true,"boss_relics":[{"not_picked":["Runic Pyramid","Pandora\u0027s Box"],"picked":"Philosopher\u0027s Stone"},{"not_picked":["Tiny House","Mark of Pain"],"picked":"Fusion Hammer"}],"items_purged_floors":[12,48],"is_endless":false,"potions_floor_spawned":[1,2,7,14,16,20,24,25,37,44],"ascension_level":20}