{"gold_per_floor":[112,12,187,42,117,117,132,37,37,50,50,69,100,114,114,214,214,232,282,300,314,189,219,219,239,321,321,351,351,368,384,384,384,384,397,410,410,464,464,495,495,51,51,85,103,121,221,221],"floor_reached":48,"playtime":2248,"items_purged":["Writhe","Doubt","Strike_B","Strike_B"],"score":580,"play_id":"ea07e078-385b-4659-9278-3e3f640de62b","local_time":"20190307151221","is_ascension_mode":false,"campfire_choices":[{"data":"Zap","floor":6,"key":"SMITH"},{"data":"Streamline","floor":15,"key":"SMITH"},{"floor":27,"key":"REST"},{"data":"Chaos","floor":29,"key":"SMITH"},{"floor":32,"key":"REST"},{"floor":41,"key":"REST"}],"neow_cost":"CURSE","seed_source_timestamp":654073858651972,"circlet_count":0,"master_deck":["Strike_B","Strike_B","Defend_B","Defend_B","Defend_B","Defend_B","Zap+1","Dualcast","Chill","Compile Driver","Cold Snap","Streamline+1","Bandage Up","Conserve Battery","Steam","Fission+1","Chaos+1","Turbo","Sweeping Beam","Rebound+1","Ball Lightning","Dramatic Entrance","Discovery","Rebound+1","Skim+1","FTL","Redo+1","Heatsinks+1"],"relics":["Cracked Core","Torii","Mercury Hourglass","Thread and Needle","Singing Bowl","Inserter","Incense Burner","Matryoshka","Blue Candle","Nuclear Battery","Shovel","Boot","Kunai","Happy Flower","Strawberry","Pantograph","Bronze Scales"],"potions_floor_usage":[16,23,28,33,38,38,44],"damage_taken":[{"damage":0,"enemies":"Small Slimes","floor":1,"turns":3},{"damage":1,"enemies":"2 Louse","floor":7,"turns":3},{"damage":1,"enemies":"Jaw Worm","floor":10,"turns":2},{"damage":0,"enemies":"Large Slime","floor":12,"turns":4},{"damage":1,"enemies":"3 Sentries","floor":13,"turns":6},{"damage":0,"enemies":"Gremlin Gang","floor":14,"turns":3},{"damage":3,"enemies":"The Guardian","floor":16,"turns":10},{"damage":0,"enemies":"3 Byrds","floor":18,"turns":4},{"damage":0,"enemies":"Spheric Guardian","floor":20,"turns":3},{"damage":2,"enemies":"Centurion and Healer","floor":21,"turns":6},{"damage":41,"enemies":"Gremlin Leader","floor":23,"turns":9},{"damage":7,"enemies":"Snake Plant","floor":25,"turns":4},{"damage":33,"enemies":"Book of Stabbing","floor":28,"turns":9},{"damage":1,"enemies":"Cultist and Chosen","floor":30,"turns":5},{"damage":8,"enemies":"Snecko","floor":31,"turns":5},{"damage":41,"enemies":"Collector","floor":33,"turns":12},{"damage":9,"enemies":"Orb Walker","floor":35,"turns":3},{"damage":11,"enemies":"3 Shapes","floor":36,"turns":4},{"damage":37,"enemies":"2 Orb Walkers","floor":38,"turns":4},{"damage":42,"enemies":"Reptomancer","floor":40,"turns":7},{"damage":31,"enemies":"Giant Head","floor":44,"turns":9},{"damage":2,"enemies":"Sphere and 2 Shapes","floor":45,"turns":3},{"damage":15,"enemies":"Maw","floor":46,"turns":6},{"damage":0,"enemies":"Jaw Worm Horde","floor":48,"turns":1}],"seed_played":"6681305839489217659","potions_obtained":[{"floor":7,"key":"AttackPotion"},{"floor":13,"key":"FearPotion"},{"floor":14,"key":"LiquidBronze"},{"floor":18,"key":"SpeedPotion"},{"floor":25,"key":"Block Potion"},{"floor":28,"key":"Strength Potion"},{"floor":31,"key":"Energy Potion"},{"floor":35,"key":"FairyPotion"},{"floor":44,"key":"FearPotion"},{"floor":45,"key":"Dexterity Potion"}],"is_trial":false,"path_per_floor":["M","$","?","$","?","R","M","$","T","M","T","M","E","M","R","B",null,"M","?","M","M","$","E","?","M","T","R","E","R","M","M","R","B",null,"M","M","?","?","T","E","R","$","T","E","M","M","?","M"],"character_chosen":"DEFECT","items_purchased":["Compile Driver","Cold Snap","Bandage Up","Strawberry","FTL","Regen Potion"],"campfire_rested":3,"item_purchase_floors":[2,4,8,42,42,42],"current_hp_per_floor":[75,75,75,75,64,64,63,63,63,66,66,70,75,79,79,76,79,81,81,81,80,80,41,41,40,40,64,35,35,38,36,61,24,85,78,73,65,32,32,9,36,43,43,30,32,23,23,23],"gold":221,"neow_bonus":"ONE_RARE_RELIC","is_prod":false,"is_daily":false,"chose_seed":false,"campfire_upgraded":3,"win_rate":0,"timestamp":1551971541,"path_taken":["M","$","?","$","?","R","M","$","T","M","?","M","E","M","R","BOSS","M","?","M","?","$","E","?","?","T","R","E","R","M","M","R","BOSS","M","M","?","?","?","E","R","$","T","E","M","M","?","M"],"build_version":"2019-02-06","purchased_purges":4,"victory":false,"max_hp_per_floor":[75,75,75,75,75,75,75,75,75,75,75,75,77,79,79,79,79,81,81,81,81,81,81,81,83,83,83,83,83,83,85,85,85,85,87,89,91,91,91,91,91,98,98,98,98,100,100,100],"card_choices":[{"not_picked":["Stack","Go for the Eyes"],"picked":"Chill","floor":1},{"not_picked":["Leap","Reprogram"],"picked":"Streamline","floor":7},{"not_picked":["All For One","Leap"],"picked":"Conserve Battery","floor":10},{"not_picked":["Static Discharge","Barrage"],"picked":"Steam","floor":12},{"not_picked":["Turbo","Gash","Lockon"],"picked":"Singing Bowl","floor":13},{"not_picked":["Sunder","Rebound","Turbo"],"picked":"Singing Bowl","floor":14},{"not_picked":["Amplify","Buffer"],"picked":"Fission","floor":16},{"not_picked":["Static Discharge","Rebound","Compile Driver"],"picked":"Singing Bowl","floor":18},{"not_picked":["Go for the Eyes","Coolheaded"],"picked":"Chaos","floor":20},{"not_picked":["Steam Power","Chill"],"picked":"Turbo","floor":21},{"not_picked":["Streamline","Turbo+1"],"picked":"Sweeping Beam","floor":23},{"not_picked":["Steam+1","Blizzard","Amplify"],"picked":"Singing Bowl","floor":25},{"not_picked":["Leap","Sweeping Beam"],"picked":"Rebound+1","floor":28},{"not_picked":["Go for the Eyes","Redo+1"],"picked":"Ball Lightning","floor":30},{"not_picked":["Beam Cell","Steam","Hologram"],"picked":"Singing Bowl","floor":31},{"not_picked":["Rebound","Steam+1","Leap+1"],"picked":"Singing Bowl","floor":35},{"not_picked":["Storm","Double Energy","Leap"],"picked":"Singing Bowl","floor":36},{"not_picked":["Deep Breath","Swift Strike"],"picked":"Dramatic Entrance","floor":37},{"not_picked":["Metamorphosis","Enlightenment","Jack Of All Trades"],"picked":"Singing Bowl","floor":37},{"not_picked":["Dark Shackles","Madness"],"picked":"Discovery","floor":37},{"not_picked":["Streamline","Beam Cell"],"picked":"Rebound+1","floor":38},{"not_picked":["Static Discharge","Ball Lightning"],"picked":"Skim+1","floor":40},{"not_picked":["Sunder+1","Seek"],"picked":"Redo+1","floor":44},{"not_picked":["Coolheaded","Genetic Algorithm"],"picked":"Heatsinks+1","floor":45},{"not_picked":["Force Field+1","Steam+1","Turbo+1"],"picked":"Singing Bowl","floor":46}],"player_experience":1040994,"relics_obtained":[{"floor":9,"key":"Mercury Hourglass"},{"floor":11,"key":"Thread and Needle"},{"floor":13,"key":"Singing Bowl"},{"floor":23,"key":"Incense Burner"},{"floor":26,"key":"Matryoshka"},{"floor":28,"key":"Blue Candle"},{"floor":38,"key":"Shovel"},{"floor":39,"key":"Boot"},{"floor":39,"key":"Kunai"},{"floor":40,"key":"Happy Flower"},{"floor":43,"key":"Pantograph"},{"floor":44,"key":"Bronze Scales"}],"event_choices":[{"damage_healed":0,"gold_gain":175,"player_choice":"AGREE","damage_taken":0,"max_hp_gain":0,"max_hp_loss":0,"event_name":"Liars Game","floor":3,"gold_loss":0,"cards_obtained":["Doubt"]},{"damage_healed":0,"gold_gain":75,"player_choice":"Gather Gold","damage_taken":11,"max_hp_gain":0,"max_hp_loss":0,"event_name":"World of Goop","floor":5,"gold_loss":0},{"damage_healed":0,"gold_gain":100,"player_choice":"Bet on Murderer","damage_taken":0,"max_hp_gain":0,"max_hp_loss":0,"event_name":"The Joust","floor":19,"gold_loss":50},{"damage_healed":0,"gold_gain":0,"player_choice":"Forge","damage_taken":0,"max_hp_gain":0,"max_hp_loss":0,"event_name":"Accursed Blacksmith","floor":24,"gold_loss":0,"cards_upgraded":["Fission"]},{"damage_healed":0,"gold_gain":0,"player_choice":"Memory 3","damage_taken":10,"max_hp_gain":0,"max_hp_loss":0,"event_name":"SensoryStone","floor":37,"gold_loss":0},{"damage_healed":0,"gold_gain":0,"player_choice":"Fight","damage_taken":0,"max_hp_gain":0,"max_hp_loss":0,"event_name":"Mysterious Sphere","floor":38,"gold_loss":0},{"damage_healed":0,"gold_gain":100,"player_choice":"Pray","damage_taken":0,"max_hp_gain":0,"max_hp_loss":0,"event_name":"Golden Shrine","floor":47,"gold_loss":0}],"is_beta":true,"boss_relics":[{"not_picked":["Busted Crown","Runic Pyramid"],"picked":"Inserter"},{"not_picked":["Calling Bell","Eternal Feather"],"picked":"Nuclear Battery"}],"items_purged_floors":[2,4,22,42],"is_endless":false,"potions_floor_spawned":[7,13,14,18,25,28,31,33,35,44,45],"killed_by":"Jaw Worm Horde","ascension_level":0}