{"gold_per_floor":[364,383,333,333,10,10,39,39,118,144,144,178,178,178,178,307,307,323,422,602,616,541,572,487,487,539,578,578,601,635,659,659,788,788,811,832,851,252,252,286,286,326,326,362,377,402,402,415,415,415,415,415,12,51,51],"floor_reached":55,"playtime":2503,"items_purged":["Regret"],"score":1073,"play_id":"ceef5854-ebae-4139-bf36-059a5a1415f0","local_time":"20190402030139","is_ascension_mode":true,"campfire_choices":[{"data":"Apotheosis","floor":6,"key":"SMITH"},{"data":"Bash","floor":13,"key":"SMITH"},{"data":"Armaments","floor":15,"key":"SMITH"},{"floor":25,"key":"REST"},{"data":"True Grit","floor":28,"key":"SMITH"},{"data":"Perfected Strike","floor":32,"key":"SMITH"},{"floor":41,"key":"RECALL"},{"data":"Shockwave","floor":47,"key":"SMITH"},{"data":"Evolve","floor":49,"key":"SMITH"},{"data":"Double Tap","floor":52,"key":"SMITH"}],"neow_cost":"TEN_PERCENT_HP_LOSS","seed_source_timestamp":1842174722660816,"circlet_count":0,"master_deck":["Strike_R","Strike_R","Strike_R","Strike_R","Defend_R","Defend_R+1","Defend_R+1","Bash+1","Perfected Strike+1","Apotheosis+1","Thunderclap","Headbutt","Armaments+1","Fiend Fire","Pommel Strike","Intimidate","Uppercut+1","True Grit+1","Shockwave+1","Perfected Strike+1","Double Tap+1","Evolve+1","Pommel Strike+1","Wild Strike","Dark Shackles","Wild Strike","Pommel Strike","Metallicize","Bloodletting+1","Sentinel+1","Rage+1","Twin Strike","Headbutt+1","Rage+1","Dropkick"],"relics":["Burning Blood","Charon\u0027s Ashes","Anchor","Paper Frog","Gremlin Horn","Golden Idol","Pen Nib","PreservedInsect","Sozu","Self Forming Clay","Champion Belt","Red Skull","War Paint","Potion Belt","Black Star","Happy Flower","Lee\u0027s Waffle","Toxic Egg 2","Bag of Preparation","Ornamental Fan","Smiling Mask","Darkstone Periapt","Regal Pillow","Orichalcum","Bottled Lightning","Letter Opener","Blood Vial"],"potions_floor_usage":[7,16,55,55],"damage_taken":[{"damage":6,"enemies":"Cultist","floor":1,"turns":3},{"damage":3,"enemies":"Jaw Worm","floor":2,"turns":4},{"damage":16,"enemies":"Lagavulin","floor":7,"turns":7},{"damage":12,"enemies":"Gremlin Nob","floor":10,"turns":4},{"damage":18,"enemies":"Lagavulin","floor":12,"turns":4},{"damage":0,"enemies":"Slime Boss","floor":16,"turns":5},{"damage":0,"enemies":"Chosen","floor":18,"turns":3},{"damage":0,"enemies":"Shell Parasite","floor":21,"turns":2},{"damage":18,"enemies":"Slavers","floor":23,"turns":5},{"damage":7,"enemies":"Book of Stabbing","floor":27,"turns":4},{"damage":0,"enemies":"Gremlin Leader","floor":30,"turns":3},{"damage":0,"enemies":"3 Cultists","floor":31,"turns":2},{"damage":25,"enemies":"Collector","floor":33,"turns":5},{"damage":8,"enemies":"3 Shapes","floor":35,"turns":4},{"damage":13,"enemies":"Orb Walker","floor":36,"turns":3},{"damage":1,"enemies":"Transient","floor":37,"turns":5},{"damage":6,"enemies":"Giant Head","floor":40,"turns":5},{"damage":0,"enemies":"Nemesis","floor":42,"turns":1},{"damage":0,"enemies":"Reptomancer","floor":44,"turns":3},{"damage":20,"enemies":"Spire Growth","floor":45,"turns":3},{"damage":4,"enemies":"Jaw Worm Horde","floor":46,"turns":2},{"damage":3,"enemies":"Sphere and 2 Shapes","floor":48,"turns":2},{"damage":45,"enemies":"Awakened One","floor":50,"turns":8},{"damage":15,"enemies":"Shield and Spear","floor":54,"turns":6},{"damage":85,"enemies":"The Heart","floor":55,"turns":8}],"seed_played":"8226117368513823273","potions_obtained":[{"floor":1,"key":"BloodPotion"},{"floor":7,"key":"Strength Potion"},{"floor":10,"key":"Dexterity Potion"}],"is_trial":false,"path_per_floor":["M","M","?","?","$","R","E","?","T","E","?","E","R","T","R","B",null,"M","?","?","M","?","E","?","R","T","E","R","T","E","M","R","B",null,"M","M","M","$","?","E","R","E","T","E","M","M","R","M","R","B",null,"R","$","E","B"],"character_chosen":"IRONCLAD","items_purchased":["Apotheosis","SkillPotion","Happy Flower","Dark Shackles","Wild Strike","Pommel Strike","Metallicize","Lee\u0027s Waffle","Rage+1","Bottled Lightning","Dropkick"],"campfire_rested":1,"item_purchase_floors":[5,5,38,38,38,38,38,38,53,53,53],"current_hp_per_floor":[72,72,72,72,72,72,62,62,62,56,38,26,26,26,26,32,72,72,72,51,57,57,45,45,66,66,65,65,65,71,72,72,53,72,70,63,68,79,79,79,79,79,79,79,65,67,67,70,70,31,79,79,79,70,0],"gold":51,"neow_bonus":"TWO_FIFTY_GOLD","is_prod":false,"is_daily":false,"chose_seed":false,"campfire_upgraded":8,"win_rate":0,"timestamp":1554188499,"path_taken":["M","?","?","?","$","R","E","?","T","E","?","E","R","?","R","BOSS","M","?","?","?","?","E","?","R","T","E","R","?","E","M","R","BOSS","M","M","M","$","?","E","R","E","T","E","M","M","R","M","R","BOSS","R","$","E","BOSS"],"build_version":"2019-03-15","purchased_purges":1,"victory":false,"max_hp_per_floor":[72,72,72,72,72,72,72,72,72,72,72,72,72,72,72,72,72,72,72,72,72,72,72,72,72,72,72,72,72,72,72,72,72,72,72,72,72,79,79,79,79,79,79,79,79,79,79,79,79,79,79,79,79,79,79],"card_choices":[{"not_picked":["Pummel","Entrench"],"picked":"Havoc","floor":1},{"not_picked":["Armaments","Warcry"],"picked":"Perfected Strike","floor":2},{"not_picked":["Anger","Carnage"],"picked":"Thunderclap","floor":7},{"not_picked":["Anger","Whirlwind"],"picked":"Headbutt","floor":10},{"not_picked":["Flex","Infernal Blade"],"picked":"Armaments","floor":12},{"not_picked":["Exhume","Dark Embrace"],"picked":"Fiend Fire","floor":16},{"not_picked":["True Grit","Disarm"],"picked":"Pommel Strike","floor":18},{"not_picked":["Thunderclap","Warcry"],"picked":"Intimidate","floor":21},{"not_picked":["Entrench","Twin Strike+1"],"picked":"Uppercut+1","floor":23},{"not_picked":["Sword Boomerang+1","Bloodletting"],"picked":"True Grit","floor":27},{"not_picked":["Reaper","Headbutt"],"picked":"Shockwave","floor":30},{"not_picked":["Warcry","Rage"],"picked":"Perfected Strike","floor":31},{"not_picked":["Impervious","Juggernaut"],"picked":"Double Tap","floor":33},{"not_picked":["Searing Blow","Flex"],"picked":"Evolve","floor":35},{"not_picked":["Heavy Blade+1","Intimidate"],"picked":"Pommel Strike+1","floor":36},{"not_picked":["Body Slam","Shrug It Off+1"],"picked":"Wild Strike","floor":37},{"not_picked":["Warcry","Thunderclap"],"picked":"Bloodletting+1","floor":40},{"not_picked":["Reaper","Fire Breathing+1"],"picked":"Sentinel+1","floor":42},{"not_picked":["Demon Form","Sentinel+1"],"picked":"Rage+1","floor":44},{"not_picked":["Whirlwind","Heavy Blade+1"],"picked":"Twin Strike","floor":45},{"not_picked":["Cleave+1","Bludgeon","Clothesline"],"picked":"SKIP","floor":46},{"not_picked":["Carnage","Heavy Blade"],"picked":"Headbutt+1","floor":48},{"not_picked":["Uppercut","Sword Boomerang+1","Clash+1"],"picked":"SKIP","floor":54}],"player_experience":5116778,"relics_obtained":[{"floor":7,"key":"Anchor"},{"floor":9,"key":"Paper Frog"},{"floor":10,"key":"Gremlin Horn"},{"floor":12,"key":"Pen Nib"},{"floor":14,"key":"PreservedInsect"},{"floor":23,"key":"Self Forming Clay"},{"floor":27,"key":"Red Skull"},{"floor":29,"key":"War Paint"},{"floor":30,"key":"Potion Belt"},{"floor":40,"key":"Toxic Egg 2"},{"floor":40,"key":"Bag of Preparation"},{"floor":42,"key":"Ornamental Fan"},{"floor":42,"key":"Smiling Mask"},{"floor":43,"key":"Darkstone Periapt"},{"floor":44,"key":"Regal Pillow"},{"floor":44,"key":"Orichalcum"},{"floor":54,"key":"Letter Opener"},{"floor":54,"key":"Blood Vial"}],"event_choices":[{"cards_removed":["Havoc"],"damage_healed":0,"gold_gain":0,"player_choice":"Card Removal","damage_taken":0,"max_hp_gain":0,"max_hp_loss":0,"event_name":"The Cleric","floor":3,"gold_loss":50},{"damage_healed":0,"gold_gain":0,"player_choice":"Box","damage_taken":0,"relics_obtained":["Charon\u0027s Ashes"],"max_hp_gain":0,"max_hp_loss":0,"event_name":"Big Fish","floor":4,"gold_loss":0,"cards_obtained":["Regret"]},{"damage_healed":0,"gold_gain":0,"player_choice":"Grow","damage_taken":0,"max_hp_gain":0,"max_hp_loss":0,"event_name":"Living Wall","floor":8,"gold_loss":0,"cards_upgraded":["Perfected Strike"]},{"damage_healed":0,"gold_gain":0,"player_choice":"Take Damage","damage_taken":18,"relics_obtained":["Golden Idol"],"max_hp_gain":0,"max_hp_loss":0,"event_name":"Golden Idol","floor":11,"gold_loss":0},{"damage_healed":0,"gold_gain":99,"player_choice":"Stole From Cult","damage_taken":0,"max_hp_gain":0,"max_hp_loss":0,"event_name":"Nest","floor":19,"gold_loss":0},{"damage_healed":0,"gold_gain":180,"player_choice":"GOLD GOLD ","damage_taken":21,"max_hp_gain":0,"max_hp_loss":0,"event_name":"Knowing Skull","floor":20,"potions_obtained":[],"gold_loss":0,"cards_obtained":[]},{"cards_removed":["Defend_R"],"damage_healed":0,"gold_gain":0,"player_choice":"Gave Gold","damage_taken":0,"max_hp_gain":0,"max_hp_loss":0,"event_name":"Beggar","floor":22,"gold_loss":75},{"damage_healed":0,"gold_gain":0,"player_choice":"Obtained Relic","damage_taken":0,"relics_obtained":["Champion Belt"],"max_hp_gain":0,"max_hp_loss":0,"event_name":"Addict","floor":24,"gold_loss":85},{"cards_removed":["Strike_R"],"damage_healed":0,"gold_gain":0,"player_choice":"Removed Attack","damage_taken":0,"max_hp_gain":0,"max_hp_loss":0,"event_name":"Falling","floor":39,"gold_loss":0}],"is_beta":true,"boss_relics":[{"not_picked":["Orrery","Runic Cube"],"picked":"Sozu"},{"not_picked":["Lizard Tail","Eternal Feather"],"picked":"Black Star"}],"items_purged_floors":[5],"is_endless":false,"potions_floor_spawned":[1,7,10,27,40,42,44,48,54],"killed_by":"The Heart","ascension_level":1}