{"gold_per_floor":[119,44,44,57,67,67,82,111,111,138,138,170,170,91,91,194,194,206,206,206,206,231,231,266,266,266,266,30,43,56,56,56,158,158,174,396,412,412,412,412,442,457,457,457,476,506,526,540,540,540],"floor_reached":51,"playtime":1912,"items_purged":["Shame"],"score":863,"play_id":"4c2be0c7-bece-4abc-82cc-71e071308c0a","local_time":"20190504094839","is_ascension_mode":true,"campfire_choices":[{"data":"Beam Cell","floor":6.0,"key":"SMITH"},{"data":"Zap","floor":11.0,"key":"SMITH"},{"floor":15.0,"key":"REST"},{"data":"RitualDagger","floor":23.0,"key":"SMITH"},{"data":"Lockon","floor":25.0,"key":"SMITH"},{"floor":27.0,"key":"REST"},{"data":"White Noise","floor":32.0,"key":"SMITH"},{"data":"Discovery","floor":40.0,"key":"SMITH"},{"data":"Barrage","floor":44.0,"key":"SMITH"},{"data":"Chill","floor":49,"key":"SMITH"}],"neow_cost":"CURSE","seed_source_timestamp":0,"circlet_count":0,"master_deck":["Strike_B+1","Strike_B+1","Defend_B+1","Defend_B+1","Defend_B+1","Zap+1","Dualcast","Beam Cell+1","Barrage+1","Sweeping Beam","Core Surge","BootSequence","Chill+1","Conserve Battery","Gash","Streamline","Lockon+1","Ball Lightning","Defragment+1","Gash","Electrodynamics+1","White Noise+1","RitualDagger+1","Conserve Battery","Clumsy","White Noise+1","Self Repair+1","White Noise+1","Buffer+1","Go for the Eyes","Defragment+1","Discovery+1","Injury","Gash","Stack","Rebound+1","Turbo+1"],"special_seed":0,"relics":["Cracked Core","Question Card","Unceasing Top","Frozen Egg 2","Cursed Key","MutagenicStrength","Red Mask","Bronze Scales","Girya","Membership Card","Sozu","Meat on the Bone","DataDisk","Potion Belt"],"potions_floor_usage":[],"damage_taken":[{"damage":2.0,"enemies":"Jaw Worm","floor":1.0,"turns":3.0},{"damage":1.0,"enemies":"Cultist","floor":4.0,"turns":3.0},{"damage":0.0,"enemies":"Small Slimes","floor":5.0,"turns":3.0},{"damage":2.0,"enemies":"Exordium Wildlife","floor":7.0,"turns":3.0},{"damage":29.0,"enemies":"Gremlin Nob","floor":8.0,"turns":4.0},{"damage":5.0,"enemies":"3 Sentries","floor":10.0,"turns":7.0},{"damage":8.0,"enemies":"Gremlin Nob","floor":12.0,"turns":3.0},{"damage":23.0,"enemies":"Hexaghost","floor":16.0,"turns":7.0},{"damage":2.0,"enemies":"2 Thieves","floor":18.0,"turns":3.0},{"damage":22.0,"enemies":"Masked Bandits","floor":22.0,"turns":3.0},{"damage":0.0,"enemies":"Book of Stabbing","floor":24.0,"turns":3.0},{"damage":0.0,"enemies":"Spheric Guardian","floor":29.0,"turns":3.0},{"damage":8.0,"enemies":"Snecko","floor":30.0,"turns":3.0},{"damage":58.0,"enemies":"Collector","floor":33.0,"turns":6.0},{"damage":0.0,"enemies":"3 Shapes","floor":35.0,"turns":3.0},{"damage":0.0,"enemies":"3 Darklings","floor":37.0,"turns":3.0},{"damage":13.0,"enemies":"Reptomancer","floor":41.0,"turns":4.0},{"damage":13.0,"enemies":"Sphere and 2 Shapes","floor":42.0,"turns":3.0},{"damage":31.0,"enemies":"Writhing Mass","floor":45.0,"turns":3.0},{"damage":20.0,"enemies":"Nemesis","floor":46.0,"turns":5.0},{"damage":0,"enemies":"Maw","floor":47,"turns":7},{"damage":11,"enemies":"Sphere and 2 Shapes","floor":48,"turns":3},{"damage":29,"enemies":"Donu and Deca","floor":50,"turns":6}],"seed_played":"6868307125437448432","potions_obtained":[{"floor":1.0,"key":"PowerPotion"},{"floor":5.0,"key":"Fire Potion"},{"floor":7.0,"key":"EssenceOfSteel"},{"floor":22.0,"key":"Strength Potion"},{"floor":24.0,"key":"Swift Potion"}],"is_trial":false,"path_per_floor":["M","$","?","M","M","R","M","E","T","E","R","E","?","$","R","B",null,"M","?","?","?","?","R","E","R","T","R","$","M","M","$","R","B",null,"M","?","M","?","?","R","E","M","T","R","M","E","M","M","R","B",null],"character_chosen":"DEFECT","items_purchased":["Defragment+1","Gash","Membership Card","White Noise"],"campfire_rested":2,"item_purchase_floors":[14,14,28,28],"current_hp_per_floor":[73,73,73,72,72,72,70,41,41,36,36,28,28,28,50,27,75,73,73,73,67,45,45,45,45,45,67,67,67,59,59,59,11,75,75,75,75,75,71,71,68,65,65,65,56,46,56,45,45,38],"gold":540,"neow_bonus":"TRANSFORM_TWO_CARDS","is_prod":false,"is_daily":false,"chose_seed":false,"campfire_upgraded":8,"win_rate":0,"timestamp":1556977719,"path_taken":["M","$","?","M","?","R","M","E","T","E","R","E","?","?","R","BOSS","M","?","?","?","?","R","E","R","T","R","?","M","?","$","R","BOSS","M","?","M","?","?","R","E","M","T","R","M","E","M","M","R","BOSS"],"build_version":"2019-01-23","purchased_purges":1,"victory":true,"max_hp_per_floor":[75,75,75,75,75,75,75,75,75,75,75,75,75,75,75,75,75,75,75,75,75,75,75,75,75,75,75,75,75,75,75,75,75,75,75,75,75,75,71,71,71,71,71,71,71,71,71,71,71,71],"card_choices":[{"not_picked":["Rip and Tear","Go for the Eyes"],"picked":"Sweeping Beam","floor":1.0},{"not_picked":["Go for the Eyes","Stack"],"picked":"Chill","floor":4.0},{"not_picked":["Streamline","Skim"],"picked":"Conserve Battery","floor":5.0},{"not_picked":["Hyperbeam","Blizzard"],"picked":"Gash","floor":7.0},{"not_picked":["Stack","Rebound"],"picked":"Streamline","floor":8.0},{"not_picked":["Sweeping Beam","Aggregate","Fission"],"picked":"Lockon","floor":10.0},{"not_picked":["Sweeping Beam","FTL","Steam"],"picked":"Ball Lightning","floor":12.0},{"not_picked":["Core Surge","Seek","Machine Learning+1"],"picked":"Electrodynamics+1","floor":16.0},{"not_picked":["Coolheaded","Genetic Algorithm","Sweeping Beam"],"picked":"White Noise+1","floor":18.0},{"not_picked":["Go for the Eyes","Undo+1","Hologram"],"picked":"Conserve Battery","floor":22.0},{"not_picked":["Ball Lightning","Conserve Battery","Steam","Hologram+1"],"picked":"SKIP","floor":24.0},{"not_picked":["Turbo+1","Reprogram","Gash"],"picked":"Self Repair+1","floor":29.0},{"not_picked":["Glacier","Ball Lightning","Undo"],"picked":"White Noise+1","floor":30.0},{"not_picked":["Creative AI+1","Electrodynamics+1","Seek"],"picked":"Buffer+1","floor":33.0},{"not_picked":["Steam+1","Rebound+1","Coolheaded"],"picked":"Go for the Eyes","floor":35.0},{"not_picked":["Genetic Algorithm+1","Rebound","Beam Cell"],"picked":"Defragment+1","floor":37.0},{"not_picked":["Bandage Up","Transmutation","PanicButton"],"picked":"Discovery","floor":38.0},{"not_picked":["Barrage","Aggregate","Undo","Compile Driver"],"picked":"SKIP","floor":41.0},{"not_picked":["Go for the Eyes","Fusion+1","Beam Cell","Reinforced Body"],"picked":"SKIP","floor":42.0},{"not_picked":["Rebound+1","Conserve Battery","Consume"],"picked":"Gash","floor":45.0},{"not_picked":["Redo+1","Melter+1","Hologram"],"picked":"Stack","floor":46.0},{"not_picked":["Steam","Coolheaded+1","Beam Cell"],"picked":"Rebound+1","floor":47},{"not_picked":["Redo+1","Coolheaded+1","Reprogram"],"picked":"Turbo+1","floor":48}],"player_experience":151169,"relics_obtained":[{"floor":8.0,"key":"Question Card"},{"floor":10.0,"key":"Unceasing Top"},{"floor":12.0,"key":"Frozen Egg 2"},{"floor":22.0,"key":"Red Mask"},{"floor":24.0,"key":"Bronze Scales"},{"floor":26.0,"key":"Girya"},{"floor":41.0,"key":"Meat on the Bone"},{"floor":43.0,"key":"DataDisk"},{"floor":46.0,"key":"Potion Belt"}],"event_choices":[{"damage_healed":0.0,"max_hp_gain":0.0,"max_hp_loss":0.0,"gold_gain":0.0,"event_name":"Match and Keep!","player_choice":"2 cards matched","floor":3.0,"gold_loss":0.0,"damage_taken":0.0,"cards_obtained":["Core Surge","BootSequence"]},{"cards_removed":["Defend_B"],"damage_healed":0.0,"max_hp_gain":0.0,"max_hp_loss":0.0,"gold_gain":0.0,"event_name":"Wheel of Change","player_choice":"Card Removal","floor":13.0,"gold_loss":0.0,"damage_taken":0.0},{"damage_healed":0.0,"max_hp_gain":0.0,"max_hp_loss":0.0,"gold_gain":0.0,"event_name":"Back to Basics","player_choice":"Simplicity","floor":19.0,"gold_loss":0.0,"damage_taken":0.0,"cards_upgraded":["Strike_B","Strike_B","Defend_B","Defend_B","Defend_B"]},{"damage_healed":0.0,"max_hp_gain":0.0,"max_hp_loss":0.0,"gold_gain":0.0,"event_name":"Drug Dealer","player_choice":"Inject Mutagens","floor":20.0,"gold_loss":0.0,"damage_taken":0.0,"relics_obtained":["MutagenicStrength"]},{"damage_healed":0.0,"max_hp_gain":0.0,"max_hp_loss":0.0,"gold_gain":0.0,"event_name":"Nest","player_choice":"Joined the Cult","floor":21.0,"gold_loss":0.0,"damage_taken":6.0,"cards_obtained":["RitualDagger"]},{"damage_healed":0.0,"max_hp_gain":0.0,"max_hp_loss":0.0,"gold_gain":0.0,"event_name":"Masked Bandits","player_choice":"Fought Bandits","floor":22.0,"gold_loss":0.0,"damage_taken":0.0},{"damage_healed":0.0,"max_hp_gain":0.0,"max_hp_loss":0.0,"gold_gain":222.0,"event_name":"Tomb of Lord Red Mask","player_choice":"Wore Mask","floor":36.0,"gold_loss":0.0,"damage_taken":0.0},{"damage_healed":0.0,"max_hp_gain":0.0,"max_hp_loss":0.0,"gold_gain":0.0,"event_name":"SensoryStone","player_choice":"Memory 1","floor":38.0,"gold_loss":0.0,"damage_taken":0.0},{"damage_healed":0.0,"max_hp_gain":0.0,"max_hp_loss":4.0,"gold_gain":0.0,"event_name":"Winding Halls","player_choice":"Max HP","floor":39.0,"gold_loss":0.0,"damage_taken":0.0}],"is_beta":false,"boss_relics":[{"not_picked":["Eternal Feather","Tiny House"],"picked":"Cursed Key"},{"not_picked":["Calling Bell","Empty Cage"],"picked":"Sozu"}],"items_purged_floors":[2],"is_endless":false,"potions_floor_spawned":[1,5,7,8,22,24,35,45,46,48],"ascension_level":2}