{"gold_per_floor":[111,37,37,37,55,55,20,49,49,49,64,80,6,38,38,115,115,131,181,181,181,196,196,231,241,241,241,241,575,575,608,608,608],"floor_reached":33,"playtime":1379,"items_purged":[],"score":585,"play_id":"9dadaba4-43ce-4b52-a0f7-96cdf7592c22","local_time":"20190510005157","is_ascension_mode":true,"campfire_choices":[{"data":"Self Repair","floor":6,"key":"SMITH"},{"data":"Defragment","floor":15,"key":"SMITH"},{"data":"Rainbow","floor":23,"key":"SMITH"},{"data":"Zap","floor":30,"key":"SMITH"},{"data":"Doom and Gloom","floor":32,"key":"SMITH"}],"neow_cost":"NONE","seed_source_timestamp":2458215925929466,"circlet_count":0,"master_deck":["AscendersBane","Strike_B","Strike_B","Strike_B+1","Strike_B","Defend_B","Defend_B","Defend_B","Defend_B","Zap+1","Dualcast","BootSequence+1","Self Repair+1","Melter","Doom and Gloom+1","Defragment+1","Conserve Battery","Capacitor","Rainbow+1","Ball Lightning","Writhe"],"relics":["Cracked Core","NeowsBlessing","Sundial","DataDisk","Meat on the Bone","FossilizedHelix","Busted Crown","MutagenicStrength","Ancient Tea Set","PreservedInsect","Gambling Chip","Old Coin","Singing Bowl"],"potions_floor_usage":[14,24,29,33],"damage_taken":[{"damage":0,"enemies":"Jaw Worm","floor":1,"turns":1},{"damage":0,"enemies":"2 Louse","floor":5,"turns":2},{"damage":0,"enemies":"Gremlin Nob","floor":8,"turns":1},{"damage":0,"enemies":"Small Slimes","floor":11,"turns":3},{"damage":10,"enemies":"3 Louse","floor":12,"turns":3},{"damage":41,"enemies":"Lagavulin","floor":14,"turns":7},{"damage":17,"enemies":"The Guardian","floor":16,"turns":9},{"damage":5,"enemies":"Chosen","floor":18,"turns":6},{"damage":0,"enemies":"Spheric Guardian","floor":22,"turns":2},{"damage":51,"enemies":"Book of Stabbing","floor":24,"turns":7},{"damage":0,"enemies":"Centurion and Healer","floor":25,"turns":6},{"damage":20,"enemies":"Gremlin Leader","floor":29,"turns":5},{"damage":15,"enemies":"Book of Stabbing","floor":31,"turns":4},{"damage":54,"enemies":"Collector","floor":33,"turns":7}],"seed_played":"5955028379619368379","potions_obtained":[{"floor":5,"key":"Weak Potion"},{"floor":12,"key":"Explosive Potion"},{"floor":16,"key":"Weak Potion"},{"floor":24,"key":"Poison Potion"},{"floor":31,"key":"GamblersBrew"}],"is_trial":false,"path_per_floor":["M","$","?","?","M","R","?","E","T","$","M","M","$","E","R","B",null,"M","?","?","?","M","R","E","M","T","?","?","E","R","E","R","B"],"character_chosen":"DEFECT","items_purchased":["Self Repair","Capacitor"],"campfire_rested":0,"item_purchase_floors":[2,13],"current_hp_per_floor":[64,64,53,32,39,39,56,56,56,56,66,66,66,47,47,52,66,71,71,51,51,61,61,32,54,54,54,54,56,56,53,53,0],"gold":608,"neow_bonus":"THREE_ENEMY_KILL","is_prod":false,"is_daily":false,"chose_seed":false,"campfire_upgraded":5,"win_rate":0,"timestamp":1557460317,"path_taken":["M","$","?","?","M","R","?","E","T","?","?","M","$","E","R","BOSS","M","?","?","?","?","R","E","M","T","?","?","E","R","E","R","BOSS"],"build_version":"2019-01-23","purchased_purges":0,"victory":false,"max_hp_per_floor":[71,71,71,71,71,71,71,71,71,71,71,71,71,71,71,71,71,71,71,76,76,76,76,76,76,76,76,76,76,76,78,78,78],"card_choices":[{"not_picked":["Steam","Stack"],"picked":"BootSequence","floor":1},{"not_picked":["Barrage","Conserve Battery"],"picked":"Melter","floor":5},{"not_picked":["Aggregate","Coolheaded"],"picked":"Doom and Gloom","floor":8},{"not_picked":["Force Field","Ball Lightning"],"picked":"Defragment","floor":11},{"not_picked":["Rebound","Scrape"],"picked":"Conserve Battery","floor":12},{"not_picked":["Compile Driver","Turbo","Hologram"],"picked":"SKIP","floor":14},{"not_picked":["Meteor Strike","Amplify"],"picked":"Rainbow","floor":16},{"not_picked":["Undo"],"picked":"SKIP","floor":18},{"not_picked":["Beam Cell"],"picked":"SKIP","floor":22},{"not_picked":[],"picked":"Ball Lightning","floor":24},{"not_picked":["Sweeping Beam"],"picked":"SKIP","floor":25},{"not_picked":["Capacitor"],"picked":"SKIP","floor":29},{"not_picked":["Steam Power+1"],"picked":"Singing Bowl","floor":31}],"player_experience":1323668,"relics_obtained":[{"floor":8,"key":"DataDisk"},{"floor":9,"key":"Meat on the Bone"},{"floor":14,"key":"FossilizedHelix"},{"floor":24,"key":"Ancient Tea Set"},{"floor":26,"key":"PreservedInsect"},{"floor":29,"key":"Old Coin"},{"floor":31,"key":"Singing Bowl"}],"event_choices":[{"damage_healed":0,"gold_gain":0,"player_choice":"Success","damage_taken":11,"relics_obtained":["Sundial"],"max_hp_gain":0,"max_hp_loss":0,"event_name":"Scrap Ooze","floor":3,"gold_loss":0},{"damage_healed":0,"gold_gain":0,"player_choice":"Entered Light","damage_taken":21,"max_hp_gain":0,"max_hp_loss":0,"event_name":"Shining Light","floor":4,"gold_loss":0,"cards_upgraded":["BootSequence","Strike_B"]},{"damage_healed":17,"gold_gain":0,"player_choice":"Healed","damage_taken":0,"max_hp_gain":0,"max_hp_loss":0,"event_name":"The Cleric","floor":7,"gold_loss":35},{"damage_healed":0,"gold_gain":50,"player_choice":"Stole From Cult","damage_taken":0,"max_hp_gain":0,"max_hp_loss":0,"event_name":"Nest","floor":19,"gold_loss":0},{"damage_healed":0,"gold_gain":0,"player_choice":"Shed Blood","damage_taken":25,"max_hp_gain":5,"max_hp_loss":0,"event_name":"Forgotten Altar","floor":20,"gold_loss":0},{"damage_healed":0,"gold_gain":0,"player_choice":"Inject Mutagens","damage_taken":0,"relics_obtained":["MutagenicStrength"],"max_hp_gain":0,"max_hp_loss":0,"event_name":"Drug Dealer","floor":21,"gold_loss":0},{"damage_healed":0,"gold_gain":0,"player_choice":"Opened","damage_taken":0,"relics_obtained":["Gambling Chip"],"max_hp_gain":0,"max_hp_loss":0,"event_name":"The Mausoleum","floor":27,"gold_loss":0,"cards_obtained":["Writhe"]},{"damage_healed":0,"gold_gain":0,"player_choice":"Ignored","damage_taken":0,"max_hp_gain":0,"max_hp_loss":0,"event_name":"Ghosts","floor":28,"gold_loss":0}],"is_beta":false,"boss_relics":[{"not_picked":["Cursed Key","Velvet Choker"],"picked":"Busted Crown"}],"items_purged_floors":[],"is_endless":false,"potions_floor_spawned":[5,12,16,22,24,31],"killed_by":"Collector","ascension_level":15}