{"gold_per_floor":[118,191,204,219,26,26,45,45,45,58,58,13,40,40,40,136,136,152,1,25,25,50,71,71,32,32,68,68,68],"floor_reached":29,"playtime":817,"items_purged":["Strike_R"],"score":413,"play_id":"fe9f3a02-1004-4e1a-8f1e-f11efc75a17b","local_time":"20190410233037","is_ascension_mode":true,"campfire_choices":[{"data":"Searing Blow","floor":6,"key":"SMITH"},{"floor":8,"key":"REST"},{"data":"Heavy Blade","floor":11,"key":"SMITH"},{"floor":15,"key":"REST"},{"floor":24,"key":"REST"},{"floor":28,"key":"REST"}],"neow_cost":"PERCENT_DAMAGE","seed_source_timestamp":819123964749552,"circlet_count":0,"master_deck":["AscendersBane","Strike_R","Strike_R","Defend_R","Defend_R","Defend_R","Defend_R","Bash","Searing Blow+1","Anger","Offering","Heavy Blade+1","Injury","Fiend Fire","Power Through","Cleave","Intimidate","Evolve","Carnage"],"relics":["Burning Blood","Brimstone","Self Forming Clay","Dodecahedron","Golden Idol","Lizard Tail","Bottled Lightning","Thread and Needle"],"potions_floor_usage":[4,16,27],"damage_taken":[{"damage":14,"enemies":"Small Slimes","floor":1,"turns":4},{"damage":13,"enemies":"Jaw Worm","floor":3,"turns":5},{"damage":9,"enemies":"2 Louse","floor":4,"turns":3},{"damage":22,"enemies":"Gremlin Gang","floor":7,"turns":4},{"damage":10,"enemies":"Red Slaver","floor":10,"turns":2},{"damage":20,"enemies":"Lagavulin","floor":13,"turns":3},{"damage":40,"enemies":"Hexaghost","floor":16,"turns":5},{"damage":27,"enemies":"2 Thieves","floor":18,"turns":3},{"damage":12,"enemies":"Shell Parasite","floor":20,"turns":3},{"damage":0,"enemies":"Snecko","floor":22,"turns":3},{"damage":29,"enemies":"Cultist and Chosen","floor":23,"turns":4},{"damage":66,"enemies":"Gremlin Leader","floor":27,"turns":4},{"damage":36,"enemies":"Book of Stabbing","floor":29,"turns":3}],"seed_played":"147070467074631215","potions_obtained":[{"floor":3,"key":"AttackPotion"},{"floor":4,"key":"Ancient Potion"},{"floor":13,"key":"Block Potion"},{"floor":16,"key":"Fire Potion"}],"is_trial":false,"path_per_floor":["M","?","M","M","$","R","M","R","T","M","R","?","E","?","R","B",null,"M","$","M","?","M","M","R","$","T","E","R","E"],"character_chosen":"IRONCLAD","items_purchased":["Brimstone","Power Through","Evolve"],"campfire_rested":4,"item_purchase_floors":[5,19,25],"current_hp_per_floor":[42,42,35,32,32,32,16,38,38,34,34,34,20,20,42,8,58,37,37,31,31,37,14,36,36,36,13,35,0],"gold":68,"neow_bonus":"REMOVE_TWO","is_prod":false,"is_daily":false,"chose_seed":false,"campfire_upgraded":2,"win_rate":0,"timestamp":1554949837,"path_taken":["M","?","M","M","$","R","M","R","T","M","R","?","E","?","R","BOSS","M","$","M","?","?","M","R","$","T","E","R","E"],"build_version":"2019-01-23","purchased_purges":1,"victory":false,"max_hp_per_floor":[75,75,75,75,75,75,75,75,75,75,75,75,75,75,75,75,75,75,75,75,75,75,75,75,75,75,75,75,75],"card_choices":[{"not_picked":["Clash","Sentinel"],"picked":"Searing Blow","floor":1},{"not_picked":["Perfected Strike","Flex","Shrug It Off"],"picked":"SKIP","floor":3},{"not_picked":["Shrug It Off","Clash"],"picked":"Anger","floor":4},{"not_picked":["Body Slam","Seeing Red"],"picked":"Offering","floor":7},{"not_picked":["Pummel","Infernal Blade"],"picked":"Heavy Blade","floor":10},{"not_picked":["Iron Wave","Shrug It Off","Corruption"],"picked":"SKIP","floor":13},{"not_picked":["Brutality","Bludgeon"],"picked":"Fiend Fire","floor":16},{"not_picked":["Wild Strike+1","Clothesline","Heavy Blade"],"picked":"SKIP","floor":18},{"not_picked":["Sever Soul","Rupture","Spot Weakness"],"picked":"SKIP","floor":20},{"not_picked":["Armaments+1","Havoc"],"picked":"Cleave","floor":22},{"not_picked":["Thunderclap","Clash"],"picked":"Intimidate","floor":23},{"not_picked":["True Grit","Perfected Strike"],"picked":"Carnage","floor":27}],"player_experience":1071654,"relics_obtained":[{"floor":9,"key":"Self Forming Clay"},{"floor":13,"key":"Dodecahedron"},{"floor":26,"key":"Bottled Lightning"},{"floor":27,"key":"Thread and Needle"}],"event_choices":[{"damage_healed":0,"gold_gain":73,"player_choice":"Gained Gold","damage_taken":0,"max_hp_gain":0,"max_hp_loss":0,"event_name":"Golden Wing","floor":2,"gold_loss":0},{"damage_healed":0,"gold_gain":0,"player_choice":"Left Gold","damage_taken":0,"max_hp_gain":0,"max_hp_loss":0,"event_name":"World of Goop","floor":12,"gold_loss":45},{"damage_healed":0,"gold_gain":0,"player_choice":"Take Wound","damage_taken":0,"relics_obtained":["Golden Idol"],"max_hp_gain":0,"max_hp_loss":0,"event_name":"Golden Idol","floor":14,"gold_loss":0,"cards_obtained":["Injury"]},{"damage_healed":0,"gold_gain":0,"player_choice":"Ignored","damage_taken":0,"max_hp_gain":0,"max_hp_loss":0,"event_name":"N\u0027loth","floor":21,"gold_loss":0}],"is_beta":false,"boss_relics":[{"not_picked":["Empty Cage","Fusion Hammer"],"picked":"Lizard Tail"}],"items_purged_floors":[19],"is_endless":false,"potions_floor_spawned":[3,4,13,16,20,22,23],"killed_by":"Book of Stabbing","ascension_level":14}