{"gold_per_floor":[112,387,402,7,20,50,50,78,148,12,12,41,41,51,51,125,125,140,155,0,0,11,11,45,55,55,55,33,60,60,60,60,139,139,156,85,85,85,85,111,111,129,129,129,144,158,184,184],"floor_reached":48,"playtime":2704,"items_purged":["Regret"],"score":975,"play_id":"b4cf9e38-8e68-4677-93ec-ac40c8058b04","local_time":"20190425001347","is_ascension_mode":true,"campfire_choices":[{"floor":7,"key":"REST"},{"floor":11,"key":"REST"},{"data":"Noxious Fumes","floor":13,"key":"SMITH"},{"data":"Infinite Blades","floor":15,"key":"SMITH"},{"floor":23,"key":"REST"},{"floor":27,"key":"REST"},{"floor":30,"key":"REST"},{"floor":32,"key":"REST"},{"floor":41,"key":"REST"},{"floor":44,"key":"REST"}],"neow_cost":"NONE","seed_source_timestamp":1158497212890169,"circlet_count":0,"master_deck":["AscendersBane","Defend_G","Defend_G","Defend_G","Defend_G","Strike_G","Strike_G","Strike_G+1","Survivor","Neutralize+1","Masterful Stab","Terror","Riddle With Holes","Dodge and Roll","Cloak And Dagger","Infinite Blades+1","Calculated Gamble","Noxious Fumes+1","After Image","Infinite Blades+1","Choke+1","Footwork+1","Riddle With Holes","Caltrops","Blur","Cloak And Dagger","Infinite Blades","Blade Dance","Envenom","Cloak And Dagger","Well Laid Plans","Dagger Spray","Noxious Fumes","Adrenaline","Caltrops","Accuracy","Writhe","Cloak And Dagger","Cloak And Dagger","Accuracy"],"relics":["Ring of the Snake","NeowsBlessing","Mummified Hand","Ginger","Dream Catcher","Pear","Whetstone","Astrolabe","Bag of Preparation","Gambling Chip","Anchor","Blood Vial","Gremlin Horn","WristBlade","Blue Candle","Kunai","Letter Opener","Frozen Egg 2"],"potions_floor_usage":[6,10,24,29,40,47,48,48],"damage_taken":[{"damage":0,"enemies":"Small Slimes","floor":1,"turns":1},{"damage":0,"enemies":"Cultist","floor":3,"turns":1},{"damage":0,"enemies":"Jaw Worm","floor":5,"turns":1},{"damage":38,"enemies":"Lagavulin","floor":6,"turns":8},{"damage":18,"enemies":"3 Sentries","floor":8,"turns":11},{"damage":23,"enemies":"Gremlin Nob","floor":12,"turns":4},{"damage":4,"enemies":"3 Louse","floor":14,"turns":4},{"damage":13,"enemies":"Hexaghost","floor":16,"turns":9},{"damage":22,"enemies":"2 Thieves","floor":18,"turns":5},{"damage":10,"enemies":"Shell Parasite","floor":19,"turns":5},{"damage":0,"enemies":"Cultist and Chosen","floor":22,"turns":5},{"damage":56,"enemies":"Gremlin Leader","floor":24,"turns":10},{"damage":0,"enemies":"Snake Plant","floor":25,"turns":4},{"damage":13,"enemies":"Slavers","floor":29,"turns":6},{"damage":35,"enemies":"Collector","floor":33,"turns":7},{"damage":26,"enemies":"3 Darklings","floor":35,"turns":4},{"damage":64,"enemies":"Nemesis","floor":40,"turns":7},{"damage":14,"enemies":"3 Shapes","floor":42,"turns":6},{"damage":0,"enemies":"Transient","floor":45,"turns":5},{"damage":18,"enemies":"Writhing Mass","floor":46,"turns":6},{"damage":9,"enemies":"Reptomancer","floor":47,"turns":5},{"damage":28,"enemies":"Spire Growth","floor":48,"turns":3}],"seed_played":"4892411127453503694","potions_obtained":[{"floor":5,"key":"SpeedPotion"},{"floor":8,"key":"Ancient Potion"},{"floor":16,"key":"PowerPotion"},{"floor":24,"key":"Strength Potion"},{"floor":25,"key":"GhostInAJar"},{"floor":35,"key":"SneckoOil"},{"floor":42,"key":"Explosive Potion"},{"floor":47,"key":"Strength Potion"}],"is_trial":false,"path_per_floor":["M","?","M","$","M","E","R","E","T","$","R","E","R","M","R","B",null,"M","M","$","?","M","R","E","M","T","R","$","E","R","?","R","B",null,"M","$","?","?","T","E","R","M","T","R","M","M","E","M"],"character_chosen":"THE_SILENT","items_purchased":["Mummified Hand","Riddle With Holes","Fruit Juice","Infinite Blades","Bag of Preparation","Cloak And Dagger","Accuracy"],"campfire_rested":8,"item_purchase_floors":[4,4,10,10,20,28,36],"current_hp_per_floor":[59,59,59,59,59,21,40,22,32,37,61,38,38,34,34,21,66,44,34,34,34,34,58,2,2,2,26,26,13,37,37,61,28,68,44,44,64,64,64,2,26,14,14,38,40,24,17,0],"gold":184,"neow_bonus":"THREE_ENEMY_KILL","is_prod":false,"is_daily":false,"chose_seed":false,"campfire_upgraded":2,"win_rate":0,"timestamp":1556162027,"path_taken":["M","?","M","$","?","E","R","E","T","$","R","E","R","M","R","BOSS","M","M","$","?","M","R","E","M","T","R","$","E","R","?","R","BOSS","M","$","?","?","?","E","R","M","T","R","?","M","E","M"],"build_version":"2019-01-23","purchased_purges":1,"victory":false,"max_hp_per_floor":[66,66,66,66,66,66,66,66,76,81,81,81,81,81,81,81,81,81,81,81,81,81,81,81,81,81,81,81,81,81,81,81,81,81,81,81,81,81,81,81,81,81,81,81,81,81,81,81],"card_choices":[{"not_picked":["Flying Knee","PiercingWail"],"picked":"Masterful Stab","floor":1},{"not_picked":["Slice","PiercingWail"],"picked":"Terror","floor":3},{"not_picked":["Tactician","Flying Knee"],"picked":"Dodge and Roll","floor":5},{"not_picked":["Venomology","Quick Slash"],"picked":"Cloak And Dagger","floor":6},{"not_picked":["Bouncing Flask","Concentrate","Outmaneuver"],"picked":"SKIP","floor":8},{"not_picked":["Distraction","Quick Slash"],"picked":"Calculated Gamble","floor":11},{"not_picked":["Escape Plan","Night Terror"],"picked":"Noxious Fumes","floor":12},{"not_picked":["Eviscerate","Concentrate","Deadly Poison"],"picked":"SKIP","floor":14},{"not_picked":["Bullet Time","Grand Finale"],"picked":"After Image","floor":16},{"not_picked":["Deadly Poison","Eviscerate"],"picked":"Riddle With Holes","floor":18},{"not_picked":["Quick Slash","Dodge and Roll"],"picked":"Caltrops","floor":19},{"not_picked":["Slice","Deadly Poison"],"picked":"Cloak And Dagger","floor":22},{"not_picked":["Accuracy","Dodge and Roll+1"],"picked":"Infinite Blades","floor":23},{"not_picked":["Underhanded Strike","Catalyst","Setup"],"picked":"SKIP","floor":24},{"not_picked":["Deflect","Prepared"],"picked":"Blade Dance","floor":25},{"not_picked":["Acrobatics","Cloak And Dagger"],"picked":"Envenom","floor":27},{"not_picked":["All Out Attack","Expertise"],"picked":"Well Laid Plans","floor":29},{"not_picked":["Dodge and Roll","Outmaneuver"],"picked":"Dagger Spray","floor":30},{"not_picked":["Bane","Dagger Throw"],"picked":"Noxious Fumes","floor":32},{"not_picked":["Bullet Time","Night Terror"],"picked":"Adrenaline","floor":33},{"not_picked":["Deflect","Deadly Poison"],"picked":"Caltrops","floor":35},{"not_picked":["Prepared+1","Deflect"],"picked":"Cloak And Dagger","floor":40},{"not_picked":["Poisoned Stab","Dodge and Roll"],"picked":"Cloak And Dagger","floor":41},{"not_picked":["Escape Plan","Deflect","Poisoned Stab"],"picked":"SKIP","floor":42},{"not_picked":["Bane+1","Reflex"],"picked":"Accuracy","floor":45},{"not_picked":["Backstab","Underhanded Strike+1","Poisoned Stab"],"picked":"SKIP","floor":46},{"not_picked":["Quick Slash","Bane","Dagger Spray+1"],"picked":"SKIP","floor":47}],"player_experience":1212348,"relics_obtained":[{"floor":6,"key":"Ginger"},{"floor":8,"key":"Dream Catcher"},{"floor":9,"key":"Pear"},{"floor":12,"key":"Whetstone"},{"floor":24,"key":"Gambling Chip"},{"floor":26,"key":"Anchor"},{"floor":29,"key":"Blood Vial"},{"floor":39,"key":"Blue Candle"},{"floor":40,"key":"Kunai"},{"floor":43,"key":"Letter Opener"},{"floor":47,"key":"Frozen Egg 2"}],"event_choices":[{"damage_healed":0,"gold_gain":275,"player_choice":"Desecrate","damage_taken":0,"max_hp_gain":0,"max_hp_loss":0,"event_name":"Golden Shrine","floor":2,"gold_loss":0,"cards_obtained":["Regret"]},{"damage_healed":0,"gold_gain":0,"player_choice":"Read","damage_taken":0,"max_hp_gain":0,"max_hp_loss":0,"event_name":"The Library","floor":21,"gold_loss":0,"cards_obtained":["Blur"]},{"damage_healed":0,"gold_gain":0,"player_choice":"Opened","damage_taken":0,"relics_obtained":["Gremlin Horn"],"max_hp_gain":0,"max_hp_loss":0,"event_name":"The Mausoleum","floor":31,"gold_loss":0},{"damage_healed":20,"gold_gain":0,"player_choice":"Writhe","damage_taken":0,"max_hp_gain":0,"max_hp_loss":0,"event_name":"Winding Halls","floor":37,"gold_loss":0,"cards_obtained":["Writhe"]},{"damage_healed":0,"gold_gain":0,"player_choice":"Ignored","damage_taken":0,"max_hp_gain":0,"max_hp_loss":0,"event_name":"Tomb of Lord Red Mask","floor":38,"gold_loss":0}],"is_beta":false,"boss_relics":[{"not_picked":["HoveringKite","White Beast Statue"],"picked":"Astrolabe"},{"not_picked":["Eternal Feather","Tiny House"],"picked":"WristBlade"}],"items_purged_floors":[4],"is_endless":false,"potions_floor_spawned":[5,8,16,24,25,35,42,46,47],"killed_by":"Spire Growth","ascension_level":14}