{"gold_per_floor":[109,122,87,103,103,130,130,130,184,211,224,239,239,239,239,334,334,355,355,371,1,1,1,1,1,1,45,69,108,108,142,142,235,235,260,275,293,293,308,346,192,192],"floor_reached":42,"playtime":8191,"items_purged":["Regret"],"score":1088,"play_id":"a48049e4-6e2a-4dcc-aa8e-b06eed0afaf6","local_time":"20190125200033","is_ascension_mode":true,"campfire_choices":[{"floor":8,"key":"REST"},{"floor":13,"key":"REST"},{"data":"Deadly Poison","floor":15,"key":"SMITH"},{"data":"Wraith Form v2","floor":23,"key":"SMITH"},{"floor":25,"key":"REST"},{"data":"Noxious Fumes","floor":30,"key":"SMITH"},{"floor":32,"key":"REST"}],"neow_cost":"NONE","seed_source_timestamp":356181692750969,"circlet_count":0,"master_deck":["AscendersBane","Defend_G","Defend_G","Defend_G+1","Defend_G","Defend_G+1","Strike_G","Strike_G","Survivor","Neutralize","Quick Slash","Dash","Deadly Poison+1","Deadly Poison","Leg Sweep","Wraith Form v2+1","Prepared+1","Acrobatics","PiercingWail","Noxious Fumes+1","Deflect","Wraith Form v2+1","Deflect+1","Cloak And Dagger","After Image+1","Backflip","PiercingWail","Well Laid Plans+1","Noxious Fumes+1"],"relics":["Ring of the Snake","Bag of Preparation","Anchor","Oddly Smooth Stone","Golden Idol","Cursed Key","Letter Opener","Vajra","Dead Branch","Frozen Egg 2","Empty Cage","Darkstone Periapt"],"potions_floor_usage":[6,6,16,17,33,33,37,42],"damage_taken":[{"damage":2,"enemies":"Jaw Worm","floor":1,"turns":7},{"damage":4,"enemies":"Small Slimes","floor":2,"turns":8},{"damage":6,"enemies":"Cultist","floor":4,"turns":6},{"damage":16,"enemies":"Gremlin Nob","floor":6,"turns":4},{"damage":26,"enemies":"3 Sentries","floor":10,"turns":12},{"damage":2,"enemies":"3 Louse","floor":11,"turns":5},{"damage":5,"enemies":"Large Slime","floor":12,"turns":6},{"damage":28,"enemies":"The Guardian","floor":16,"turns":11},{"damage":3,"enemies":"Chosen","floor":18,"turns":6},{"damage":7,"enemies":"Spheric Guardian","floor":20,"turns":6},{"damage":4,"enemies":"Colosseum Slavers","floor":22,"turns":5},{"damage":15,"enemies":"Slavers","floor":27,"turns":8},{"damage":0,"enemies":"3 Cultists","floor":28,"turns":6},{"damage":0,"enemies":"Book of Stabbing","floor":29,"turns":7},{"damage":23,"enemies":"Gremlin Leader","floor":31,"turns":8},{"damage":26,"enemies":"Champ","floor":33,"turns":16},{"damage":1,"enemies":"3 Darklings","floor":35,"turns":5},{"damage":0,"enemies":"3 Shapes","floor":36,"turns":3},{"damage":0,"enemies":"Maw","floor":37,"turns":10},{"damage":1,"enemies":"4 Shapes","floor":39,"turns":6},{"damage":7,"enemies":"Nemesis","floor":40,"turns":9},{"damage":64,"enemies":"Reptomancer","floor":42,"turns":2}],"seed_played":"7876899257001641770","potions_obtained":[{"floor":0,"key":"EntropicBrew"},{"floor":0,"key":"AttackPotion"},{"floor":0,"key":"SteroidPotion"},{"floor":10,"key":"Dexterity Potion"},{"floor":16,"key":"Fruit Juice"},{"floor":18,"key":"Strength Potion"},{"floor":27,"key":"GamblersBrew"},{"floor":29,"key":"GhostInAJar"},{"floor":35,"key":"AttackPotion"},{"floor":40,"key":"Regen Potion"}],"is_trial":false,"path_per_floor":["M","M","?","M","?","E","?","R","T","E","M","M","R","?","R","B",null,"M","?","M","$","?","R","?","R","T","E","M","E","R","E","R","B",null,"M","M","M","T","M","E","$","E"],"character_chosen":"THE_SILENT","items_purchased":["Letter Opener","Noxious Fumes","Deflect","Noxious Fumes+1"],"campfire_rested":4,"item_purchase_floors":[21,21,21,41],"current_hp_per_floor":[57,53,66,60,40,24,24,43,43,17,15,10,29,29,29,1,50,47,47,40,40,36,36,36,55,55,40,40,40,40,17,36,10,51,50,50,50,50,49,42,42,0],"gold":192,"neow_bonus":"THREE_SMALL_POTIONS","is_prod":false,"is_daily":false,"chose_seed":false,"campfire_upgraded":3,"win_rate":0,"timestamp":1548464433,"path_taken":["M","M","?","M","?","E","?","R","T","E","M","M","R","?","R","BOSS","M","?","M","?","?","R","?","R","T","E","M","E","R","E","R","BOSS","M","M","?","?","?","E","$","E"],"build_version":"2019-01-23","purchased_purges":1,"victory":false,"max_hp_per_floor":[66,66,66,66,66,66,66,66,66,66,66,66,66,60,60,60,65,65,65,65,65,65,65,65,65,65,65,65,65,65,65,65,65,65,65,65,65,65,65,65,65,65],"card_choices":[{"not_picked":["Backflip","Deflect","Eviscerate"],"picked":"SKIP","floor":1},{"not_picked":["Bouncing Flask","PiercingWail"],"picked":"Quick Slash","floor":2},{"not_picked":["Bane","All Out Attack"],"picked":"Dash","floor":4},{"not_picked":["Prepared","Burst"],"picked":"Deadly Poison","floor":6},{"not_picked":["Quick Slash","Flechettes","Sucker Punch"],"picked":"SKIP","floor":10},{"not_picked":["Infinite Blades","Accuracy"],"picked":"Deadly Poison","floor":11},{"not_picked":["Dodge and Roll","Crippling Poison"],"picked":"Leg Sweep","floor":12},{"not_picked":["Unload","Bullet Time"],"picked":"Wraith Form v2","floor":16},{"not_picked":["Calculated Gamble","Acrobatics"],"picked":"Prepared+1","floor":18},{"not_picked":["Dagger Spray","Deadly Poison"],"picked":"PiercingWail","floor":20},{"not_picked":["Bane","Expertise","Choke"],"picked":"SKIP","floor":27},{"not_picked":["Bane","Infinite Blades"],"picked":"Deflect+1","floor":28},{"not_picked":["Reflex","Slice"],"picked":"Cloak And Dagger","floor":29},{"not_picked":["Riddle With Holes","Expertise","Venomology"],"picked":"SKIP","floor":31},{"not_picked":["Doppelganger","Envenom+1"],"picked":"After Image+1","floor":33},{"not_picked":["Flying Knee","Quick Slash+1"],"picked":"Backflip","floor":35},{"not_picked":["Blade Dance","Deflect+1","Setup+1"],"picked":"SKIP","floor":36},{"not_picked":["Acrobatics","Underhanded Strike+1","Sucker Punch+1"],"picked":"SKIP","floor":37},{"not_picked":["Poisoned Stab+1","Deadly Poison"],"picked":"PiercingWail","floor":39},{"not_picked":["Doppelganger","PiercingWail+1"],"picked":"Well Laid Plans+1","floor":40}],"player_experience":1116661,"relics_obtained":[{"floor":6,"key":"Bag of Preparation"},{"floor":9,"key":"Anchor"},{"floor":10,"key":"Oddly Smooth Stone"},{"floor":27,"key":"Vajra"},{"floor":29,"key":"Dead Branch"},{"floor":31,"key":"Frozen Egg 2"},{"floor":40,"key":"Darkstone Periapt"}],"event_choices":[{"damage_healed":16,"gold_gain":0,"player_choice":"Healed","damage_taken":0,"max_hp_gain":0,"max_hp_loss":0,"event_name":"The Cleric","floor":3,"gold_loss":35},{"damage_healed":0,"gold_gain":0,"player_choice":"Entered Light","damage_taken":20,"max_hp_gain":0,"max_hp_loss":0,"event_name":"Shining Light","floor":5,"gold_loss":0,"cards_upgraded":["Defend_G","Defend_G"]},{"damage_healed":0,"gold_gain":0,"player_choice":"Searched \u00270\u0027 times","damage_taken":0,"max_hp_gain":0,"max_hp_loss":0,"event_name":"Dead Adventurer","floor":7,"gold_loss":0},{"damage_healed":0,"gold_gain":0,"player_choice":"Lose Max HP","damage_taken":0,"relics_obtained":["Golden Idol"],"max_hp_gain":0,"max_hp_loss":6,"event_name":"Golden Idol","floor":14,"gold_loss":0},{"damage_healed":0,"gold_gain":0,"cards_transformed":["Strike_G"],"player_choice":"Transformed","damage_taken":0,"max_hp_gain":0,"max_hp_loss":0,"event_name":"Transmorgrifier","floor":19,"gold_loss":0,"cards_obtained":["Acrobatics"]},{"damage_healed":0,"gold_gain":0,"player_choice":"Fight","damage_taken":0,"max_hp_gain":0,"max_hp_loss":0,"event_name":"Colosseum","floor":22,"gold_loss":0},{"damage_healed":0,"gold_gain":0,"player_choice":"Fled From Nobs","damage_taken":0,"max_hp_gain":0,"max_hp_loss":0,"event_name":"Colosseum","floor":22,"gold_loss":0},{"damage_healed":0,"gold_gain":0,"player_choice":"Copied","damage_taken":0,"max_hp_gain":0,"max_hp_loss":0,"event_name":"Duplicator","floor":24,"gold_loss":0,"cards_obtained":["Wraith Form v2"]}],"is_beta":true,"boss_relics":[{"not_picked":["Coffee Dripper","Runic Dome"],"picked":"Cursed Key"},{"not_picked":["Black Star","Velvet Choker"],"picked":"Empty Cage"}],"items_purged_floors":[41],"is_endless":false,"potions_floor_spawned":[1,4,10,16,18,27,29,31,35,40],"killed_by":"Reptomancer","ascension_level":20}