{"gold_per_floor":[11,11,11,29,49,49,324,358,384,396,396,411,411,422,422,422],"floor_reached":16,"playtime":501,"items_purged":[],"score":102,"play_id":"e4cb957d-0138-4d87-ad98-57a470888f6d","local_time":"20190514083916","is_ascension_mode":false,"campfire_choices":[{"data":"Dualcast","floor":6,"key":"SMITH"},{"data":"Multi-Cast","floor":11,"key":"SMITH"},{"data":"Zap","floor":13,"key":"SMITH"},{"floor":15,"key":"REST"}],"neow_cost":"NO_GOLD","seed_source_timestamp":157416960542525,"circlet_count":0,"master_deck":["Strike_B","Strike_B","Strike_B","Defend_B","Defend_B","Defend_B","Defend_B","Zap+1","Dualcast+1","Ball Lightning","Thunder Strike","Genetic Algorithm","Leap","Regret","Self Repair","Multi-Cast+1","Go for the Eyes","Ball Lightning"],"relics":["Cracked Core","WingedGreaves","Omamori","Vajra"],"potions_floor_usage":[16],"damage_taken":[{"damage":4,"enemies":"Jaw Worm","floor":1,"turns":5},{"damage":0,"enemies":"Small Slimes","floor":4,"turns":2},{"damage":0,"enemies":"Cultist","floor":5,"turns":3},{"damage":36,"enemies":"3 Sentries","floor":8,"turns":6},{"damage":7,"enemies":"Looter","floor":10,"turns":3},{"damage":7,"enemies":"Blue Slaver","floor":12,"turns":3},{"damage":19,"enemies":"3 Louse","floor":14,"turns":3},{"damage":49,"enemies":"The Guardian","floor":16,"turns":8}],"seed_played":"-469421015985169355","potions_obtained":[{"floor":8,"key":"Weak Potion"},{"floor":10,"key":"SkillPotion"}],"is_trial":false,"path_per_floor":["M","$","?","M","M","R","?","E","T","M","R","M","R","M","R","B"],"character_chosen":"DEFECT","items_purchased":[],"campfire_rested":1,"item_purchase_floors":[],"current_hp_per_floor":[71,71,71,71,71,71,71,35,35,35,35,35,35,23,45,0],"gold":422,"neow_bonus":"ONE_RARE_RELIC","is_prod":false,"is_daily":false,"chose_seed":false,"campfire_upgraded":3,"win_rate":0,"timestamp":1557837556,"path_taken":["M","$","?","M","M","R","?","E","T","M","R","M","R","M","R","BOSS"],"build_version":"2019-01-23","purchased_purges":0,"victory":false,"max_hp_per_floor":[75,75,75,75,75,75,75,75,75,75,75,75,75,75,75,75],"card_choices":[{"not_picked":["Reinforced Body","Aggregate"],"picked":"Ball Lightning","floor":1},{"not_picked":["Compile Driver","Streamline"],"picked":"Genetic Algorithm","floor":4},{"not_picked":["Hologram","Redo"],"picked":"Leap","floor":5},{"not_picked":["Undo","Chill"],"picked":"Self Repair","floor":8},{"not_picked":["Storm","Hologram"],"picked":"Multi-Cast","floor":10},{"not_picked":["Turbo","Beam Cell"],"picked":"Go for the Eyes","floor":12},{"not_picked":["Tempest","Gash"],"picked":"Ball Lightning","floor":14}],"player_experience":85560,"relics_obtained":[{"floor":8,"key":"Omamori"},{"floor":9,"key":"Vajra"}],"event_choices":[{"damage_healed":0,"gold_gain":0,"cards_transformed":["Strike_B"],"player_choice":"Change","damage_taken":0,"max_hp_gain":0,"max_hp_loss":0,"event_name":"Living Wall","floor":3,"gold_loss":0,"cards_obtained":["Thunder Strike"]},{"damage_healed":0,"gold_gain":275,"player_choice":"Desecrate","damage_taken":0,"max_hp_gain":0,"max_hp_loss":0,"event_name":"Golden Shrine","floor":7,"gold_loss":0,"cards_obtained":["Regret"]}],"is_beta":false,"boss_relics":[],"items_purged_floors":[],"is_endless":false,"potions_floor_spawned":[8,10],"killed_by":"The Guardian","ascension_level":0}