{"gold_per_floor":[366,32,45,45,45,45,70,70,70,86,86,86,86,104,104,208,208,227,259,271,371,227,227,244,244,244,169,195,195,18,37,37,136,136,149,164,15,1014,1014,1014,1014,1014,1014,1049,239,255,290,304,304,304],"floor_reached":51,"playtime":1998,"items_purged":["Strike_B","Pain","Normality"],"score":819,"play_id":"6fcf79bc-6cb5-40c2-840a-28d08daa23dd","local_time":"20190509151743","is_ascension_mode":false,"campfire_choices":[{"data":"Zap","floor":6.0,"key":"SMITH"},{"floor":11.0,"key":"REST"},{"data":"Dualcast","floor":15.0,"key":"SMITH"},{"data":"Rainbow","floor":23.0,"key":"SMITH"},{"data":"Hologram","floor":25.0,"key":"SMITH"},{"floor":32.0,"key":"REST"},{"data":"Stack","floor":40,"key":"SMITH"},{"floor":49,"key":"REST"}],"neow_cost":"TEN_PERCENT_HP_LOSS","seed_source_timestamp":0,"circlet_count":0,"master_deck":["Strike_B","Defend_B","Defend_B","Defend_B+1","Defend_B","Zap+1","Dualcast+1","Coolheaded+1","Hello World+1","Stack+1","Cold Snap","Conserve Battery","Loop+1","Rainbow+1","Hologram+1","Conserve Battery","Stack+1","Ball Lightning","Hello World+1","Defragment+1","Compile Driver","Hello World+1","Stack","Electrodynamics+1","Compile Driver","Hello World+1","Normality","Dark Shackles","The Bomb","Magnetism+1","Writhe","Skim","Loop+1","Ball Lightning+1","Consume+1"],"special_seed":0,"relics":["Cracked Core","Frozen Egg 2","Letter Opener","Symbiotic Virus","Bag of Marbles","Blood Vial","Sozu","Red Mask","Mango","Pear","Pocketwatch","Dodecahedron","WarpedTongs","Inserter","Juzu Bracelet","Pantograph","Mummified Hand","OrangePellets","FossilizedHelix","Ancient Tea Set","Bottled Lightning"],"potions_floor_usage":[],"damage_taken":[{"damage":0.0,"enemies":"Small Slimes","floor":1.0,"turns":3.0},{"damage":7.0,"enemies":"2 Louse","floor":3.0,"turns":3.0},{"damage":37.0,"enemies":"Gremlin Nob","floor":7.0,"turns":5.0},{"damage":3.0,"enemies":"Jaw Worm","floor":10.0,"turns":3.0},{"damage":0.0,"enemies":"Large Slime","floor":14.0,"turns":4.0},{"damage":5.0,"enemies":"Slime Boss","floor":16.0,"turns":11.0},{"damage":0.0,"enemies":"Spheric Guardian","floor":18.0,"turns":3.0},{"damage":10.0,"enemies":"Masked Bandits","floor":19.0,"turns":4.0},{"damage":1.0,"enemies":"Shell Parasite","floor":20.0,"turns":4.0},{"damage":8.0,"enemies":"Colosseum Slavers","floor":21.0,"turns":4.0},{"damage":4.0,"enemies":"Colosseum Nobs","floor":21.0,"turns":4.0},{"damage":12.0,"enemies":"Cultist and Chosen","floor":24.0,"turns":5.0},{"damage":19.0,"enemies":"Book of Stabbing","floor":28.0,"turns":5.0},{"damage":10.0,"enemies":"Centurion and Healer","floor":31.0,"turns":7.0},{"damage":1.0,"enemies":"Automaton","floor":33.0,"turns":10.0},{"damage":1,"enemies":"Orb Walker","floor":35,"turns":4},{"damage":19,"enemies":"3 Darklings","floor":36,"turns":4},{"damage":81,"enemies":"Reptomancer","floor":44,"turns":8},{"damage":0,"enemies":"Spire Growth","floor":46,"turns":4},{"damage":4,"enemies":"Nemesis","floor":47,"turns":7},{"damage":0,"enemies":"Maw","floor":48,"turns":6},{"damage":19,"enemies":"Donu and Deca","floor":50,"turns":7}],"seed_played":"-9047251866989953498","potions_obtained":[{"floor":7.0,"key":"FocusPotion"},{"floor":14.0,"key":"FearPotion"},{"floor":16.0,"key":"Fire Potion"}],"is_trial":false,"path_per_floor":["M","$","M","?","$","R","E","$","T","M","R","?","?","M","R","B",null,"M","?","M","?","$","R","M","R","T","?","E","?","$","M","R","B",null,"M","M","$","?","?","R","?","?","T","E","$","M","E","M","R","B",null],"character_chosen":"DEFECT","items_purchased":["Frozen Egg 2","Hello World+1","Hello World+1","Hello World+1","Juzu Bracelet","Loop+1","OrangePellets","FossilizedHelix","Ancient Tea Set"],"campfire_rested":3,"item_purchase_floors":[2,2,22,30,37,45,45,45,45],"current_hp_per_floor":[68,68,61,47,47,47,10,10,10,7,27,27,24,26,26,23,68,68,58,59,75,75,75,65,65,65,65,48,48,48,40,67,68,92,91,73,73,73,73,73,63,86,86,7,7,9,7,9,36,44],"gold":304,"neow_bonus":"TWO_FIFTY_GOLD","is_prod":false,"is_daily":false,"chose_seed":false,"campfire_upgraded":5,"win_rate":0,"timestamp":1557436663,"path_taken":["M","$","M","?","$","R","E","$","T","M","R","?","?","?","R","BOSS","M","?","M","?","$","R","M","R","T","?","E","?","$","M","R","BOSS","M","M","$","?","?","R","?","?","T","E","$","M","E","M","R","BOSS"],"build_version":"2019-01-23","purchased_purges":3,"victory":true,"max_hp_per_floor":[68,68,68,68,68,68,68,68,68,68,68,68,68,68,68,68,68,68,68,68,92,92,92,92,92,92,92,92,92,92,92,92,92,92,92,92,92,92,92,92,92,92,92,92,92,92,92,92,92,92],"card_choices":[{"not_picked":["Compile Driver","Cold Snap"],"picked":"Coolheaded","floor":1.0},{"not_picked":["Lockon","Gash"],"picked":"Stack","floor":3.0},{"not_picked":["Compile Driver","Redo"],"picked":"Cold Snap","floor":7.0},{"not_picked":["Leap","Rip and Tear"],"picked":"Conserve Battery","floor":10.0},{"not_picked":["Turbo","Steam"],"picked":"Loop+1","floor":14.0},{"not_picked":["Amplify","Fission"],"picked":"Rainbow","floor":16.0},{"not_picked":["Cold Snap+1","Rebound"],"picked":"Hologram","floor":18.0},{"not_picked":["Melter","Steam+1"],"picked":"Conserve Battery","floor":19.0},{"not_picked":["Blizzard","Gash"],"picked":"Stack+1","floor":20.0},{"not_picked":["Lockon","Turbo"],"picked":"Ball Lightning","floor":21.0},{"not_picked":["Genetic Algorithm","Compile Driver"],"picked":"Defragment+1","floor":24.0},{"not_picked":["Hologram","Turbo+1"],"picked":"Compile Driver","floor":28.0},{"not_picked":["Sweeping Beam","BootSequence"],"picked":"Stack","floor":31.0},{"not_picked":["Amplify","Multi-Cast"],"picked":"Electrodynamics+1","floor":33.0},{"not_picked":["Hologram","Steam"],"picked":"Compile Driver","floor":35},{"not_picked":["Reinforced Body+1","Steam+1"],"picked":"Hello World+1","floor":36},{"not_picked":["Transmutation","HandOfGreed"],"picked":"Dark Shackles","floor":41},{"not_picked":["Trip","Chrysalis"],"picked":"The Bomb","floor":41},{"not_picked":["Deep Breath","Thinking Ahead"],"picked":"Magnetism+1","floor":41},{"not_picked":["Undo","Fusion"],"picked":"Skim","floor":44},{"not_picked":["Hologram","BootSequence+1"],"picked":"Ball Lightning+1","floor":46},{"not_picked":["Fission","Coolheaded+1"],"picked":"Consume+1","floor":47},{"not_picked":["Rebound+1","Cold Snap+1","Go for the Eyes"],"picked":"SKIP","floor":48}],"player_experience":1390691,"relics_obtained":[{"floor":7.0,"key":"Letter Opener"},{"floor":9.0,"key":"Symbiotic Virus"},{"floor":19.0,"key":"Red Mask"},{"floor":21.0,"key":"Mango"},{"floor":21.0,"key":"Pear"},{"floor":26.0,"key":"Pocketwatch"},{"floor":28.0,"key":"Dodecahedron"},{"floor":43,"key":"Pantograph"},{"floor":44,"key":"Mummified Hand"},{"floor":47,"key":"Bottled Lightning"}],"event_choices":[{"damage_healed":0.0,"max_hp_gain":0.0,"max_hp_loss":0.0,"gold_gain":0.0,"event_name":"Shining Light","player_choice":"Entered Light","floor":4.0,"gold_loss":0.0,"damage_taken":14.0,"cards_upgraded":["Defend_B","Coolheaded"]},{"damage_healed":0.0,"max_hp_gain":0.0,"max_hp_loss":0.0,"gold_gain":0.0,"event_name":"Dead Adventurer","player_choice":"Searched \u00271\u0027 times","floor":12.0,"gold_loss":0.0,"damage_taken":0.0,"relics_obtained":["Bag of Marbles"]},{"damage_healed":0.0,"max_hp_gain":0.0,"max_hp_loss":0.0,"gold_gain":0.0,"event_name":"Scrap Ooze","player_choice":"Success","floor":13.0,"gold_loss":0.0,"damage_taken":3.0,"relics_obtained":["Blood Vial"]},{"damage_healed":0.0,"max_hp_gain":0.0,"max_hp_loss":0.0,"gold_gain":0.0,"event_name":"Masked Bandits","player_choice":"Fought Bandits","floor":19.0,"gold_loss":0.0,"damage_taken":0.0},{"damage_healed":0.0,"max_hp_gain":0.0,"max_hp_loss":0.0,"gold_gain":0.0,"event_name":"Colosseum","player_choice":"Fight","floor":21.0,"gold_loss":0.0,"damage_taken":0.0},{"damage_healed":0.0,"max_hp_gain":0.0,"max_hp_loss":0.0,"gold_gain":0.0,"event_name":"Colosseum","player_choice":"Fought Nobs","floor":21.0,"gold_loss":0.0,"damage_taken":0.0},{"cards_removed":["Strike_B"],"damage_healed":0.0,"max_hp_gain":0.0,"max_hp_loss":0.0,"gold_gain":0.0,"event_name":"Beggar","player_choice":"Gave Gold","floor":27.0,"gold_loss":75.0,"damage_taken":0.0},{"damage_healed":0.0,"max_hp_gain":0.0,"max_hp_loss":0.0,"gold_gain":0.0,"event_name":"Accursed Blacksmith","player_choice":"Rummage","floor":29.0,"gold_loss":0.0,"damage_taken":0.0,"relics_obtained":["WarpedTongs"],"cards_obtained":["Pain"]},{"damage_healed":0,"gold_gain":999,"player_choice":"Gold","damage_taken":0,"max_hp_gain":0,"max_hp_loss":0,"event_name":"MindBloom","floor":38,"gold_loss":0,"cards_obtained":["Normality","Normality"]},{"cards_removed":["Strike_B"],"damage_healed":0,"gold_gain":0,"player_choice":"Removed Attack","damage_taken":0,"max_hp_gain":0,"max_hp_loss":0,"event_name":"Falling","floor":39,"gold_loss":0},{"damage_healed":0,"gold_gain":0,"player_choice":"Memory 3","damage_taken":10,"max_hp_gain":0,"max_hp_loss":0,"event_name":"SensoryStone","floor":41,"gold_loss":0},{"damage_healed":23,"gold_gain":0,"player_choice":"Writhe","damage_taken":0,"max_hp_gain":0,"max_hp_loss":0,"event_name":"Winding Halls","floor":42,"gold_loss":0,"cards_obtained":["Writhe"]}],"is_beta":false,"boss_relics":[{"not_picked":["White Beast Statue","Fusion Hammer"],"picked":"Sozu"},{"not_picked":["Coffee Dripper","Lizard Tail"],"picked":"Inserter"}],"items_purged_floors":[22,30,45],"is_endless":false,"potions_floor_spawned":[7,14,16,18,21,21,28,36,44,47,48],"ascension_level":0}