{"gold_per_floor":[118,118,136,149,149,178,178,212,267,290,332,409,421,89,89,184,184,194,194,209,209,46,46,46,46,73,92,142,158,189,201,201,306,306,322,339,190,206,216,216,234,234,234,234,253,300,300],"floor_reached":47,"playtime":2160,"items_purged":[],"score":648,"play_id":"7bf4f69f-debc-48de-a6c8-15746ee16ca1","local_time":"20190223233910","is_ascension_mode":true,"campfire_choices":[{"floor":7,"key":"REST"},{"data":"Buffer","floor":13,"key":"SMITH"},{"floor":15,"key":"REST"},{"data":"Turbo","floor":23,"key":"SMITH"},{"data":"Echo Form","floor":25,"key":"SMITH"},{"floor":32,"key":"REST"},{"floor":40,"key":"REST"},{"floor":44,"key":"REST"}],"neow_cost":"NONE","seed_source_timestamp":812122034476350,"circlet_count":0,"master_deck":["Strike_B+1","Strike_B+1","Strike_B+1","Defend_B+1","Defend_B+1","Defend_B+1","Defend_B+1","Zap","Dualcast","Conserve Battery","Rip and Tear","Chill","Electrodynamics","Ball Lightning","Turbo+1","Buffer+1","Cold Snap","Echo Form+1","HandOfGreed","Deflect","Deep Breath","Barrage","Echo Form","Consume","Auto Shields","Chill+1","Creative AI+1","Hologram","Cold Snap+1","Footwork+1","Skewer+1"],"relics":["Cracked Core","Dodecahedron","Orichalcum","Omamori","MawBank","DataDisk","Anchor","PrismaticShard","Inserter","Ancient Tea Set","Cursed Key","Unceasing Top","Du-Vu Doll"],"potions_floor_usage":[11,11,11,31,33,38,39,47],"damage_taken":[{"damage":7,"enemies":"Jaw Worm","floor":1,"turns":3},{"damage":2,"enemies":"2 Louse","floor":3,"turns":3},{"damage":0,"enemies":"Small Slimes","floor":4,"turns":2},{"damage":19,"enemies":"Lagavulin","floor":6,"turns":6},{"damage":5,"enemies":"3 Sentries","floor":8,"turns":5},{"damage":0,"enemies":"2 Fungi Beasts","floor":10,"turns":2},{"damage":11,"enemies":"Lagavulin","floor":11,"turns":4},{"damage":5,"enemies":"3 Sentries","floor":12,"turns":3},{"damage":38,"enemies":"The Guardian","floor":16,"turns":11},{"damage":1,"enemies":"Spheric Guardian","floor":18,"turns":3},{"damage":0,"enemies":"Shell Parasite","floor":20,"turns":7},{"damage":15,"enemies":"Snake Plant","floor":27,"turns":4},{"damage":0,"enemies":"Sentry and Sphere","floor":29,"turns":7},{"damage":0,"enemies":"Centurion and Healer","floor":30,"turns":4},{"damage":6,"enemies":"Snake Plant","floor":31,"turns":5},{"damage":24,"enemies":"Collector","floor":33,"turns":11},{"damage":5,"enemies":"3 Shapes","floor":35,"turns":5},{"damage":5,"enemies":"Orb Walker","floor":36,"turns":5},{"damage":15,"enemies":"3 Darklings","floor":38,"turns":6},{"damage":0,"enemies":"4 Shapes","floor":39,"turns":5},{"damage":0,"enemies":"Maw","floor":41,"turns":9},{"damage":21,"enemies":"Jaw Worm Horde","floor":45,"turns":5},{"damage":71,"enemies":"2 Orb Walkers","floor":46,"turns":8},{"damage":14,"enemies":"Giant Head","floor":47,"turns":10}],"seed_played":"2065179952410598140","potions_obtained":[{"floor":3,"key":"Fire Potion"},{"floor":8,"key":"Weak Potion"},{"floor":10,"key":"EntropicBrew"},{"floor":18,"key":"FocusPotion"},{"floor":29,"key":"AttackPotion"},{"floor":30,"key":"Energy Potion"},{"floor":33,"key":"Block Potion"},{"floor":35,"key":"AttackPotion"},{"floor":38,"key":"Block Potion"},{"floor":41,"key":"LiquidBronze"},{"floor":45,"key":"FairyPotion"}],"is_trial":false,"path_per_floor":["M","?","M","M","?","E","R","E","T","M","E","?","R","$","R","B",null,"M","?","M","?","$","R","?","R","T","M","?","M","M","M","R","B",null,"M","M","?","M","M","R","M","?","T","R","M","?","E"],"character_chosen":"DEFECT","items_purchased":["Echo Form","PrismaticShard","Echo Form"],"campfire_rested":5,"item_purchase_floors":[14,14,22],"current_hp_per_floor":[68,56,54,54,47,28,52,47,47,47,36,31,31,31,55,17,66,65,65,65,65,65,65,65,65,65,50,50,50,50,44,68,44,73,68,63,63,48,48,72,72,72,72,82,61,8,0],"gold":300,"neow_bonus":"TEN_PERCENT_HP_BONUS","is_prod":false,"is_daily":false,"chose_seed":false,"campfire_upgraded":3,"win_rate":0,"timestamp":1550975950,"path_taken":["M","?","M","M","?","E","R","E","T","M","E","?","R","$","R","BOSS","M","?","?","?","$","R","?","R","T","M","?","M","?","M","R","BOSS","M","M","?","?","M","R","M","?","T","R","?","?","E"],"build_version":"2019-01-23","purchased_purges":0,"victory":false,"max_hp_per_floor":[82,82,82,82,82,82,82,82,82,82,82,82,82,82,82,82,82,82,82,82,82,82,82,82,82,82,82,82,82,82,82,82,82,82,82,82,82,82,82,82,82,82,82,82,82,82,82],"card_choices":[{"not_picked":["Go for the Eyes","Leap"],"picked":"Conserve Battery","floor":1},{"not_picked":["Compile Driver","Tempest"],"picked":"Rip and Tear","floor":3},{"not_picked":["Turbo","Barrage"],"picked":"Chill","floor":4},{"not_picked":["Turbo","Barrage"],"picked":"Electrodynamics","floor":6},{"not_picked":["Beam Cell","Chill"],"picked":"Ball Lightning","floor":8},{"not_picked":["Leap","Gash"],"picked":"Turbo","floor":10},{"not_picked":["Doom and Gloom","Double Energy"],"picked":"Buffer","floor":11},{"not_picked":["Scrape","Streamline"],"picked":"Cold Snap","floor":12},{"not_picked":["Malaise","Brutality"],"picked":"HandOfGreed","floor":16},{"not_picked":["Perfected Strike+1","Body Slam"],"picked":"Deflect","floor":18},{"not_picked":["Acrobatics","Searing Blow"],"picked":"Barrage","floor":20},{"not_picked":["Steam","Turbo"],"picked":"Consume","floor":27},{"not_picked":["Flex","Dagger Throw+1","Perfected Strike"],"picked":"SKIP","floor":29},{"not_picked":["Electrodynamics","Go for the Eyes"],"picked":"Auto Shields","floor":30},{"not_picked":["True Grit+1","Bane+1"],"picked":"Chill+1","floor":31},{"not_picked":["HandOfGreed","Grand Finale"],"picked":"Creative AI","floor":33},{"not_picked":["Slice","Dagger Throw","Go for the Eyes"],"picked":"SKIP","floor":35},{"not_picked":["Cloak And Dagger+1","Headbutt+1"],"picked":"Hologram","floor":36},{"not_picked":["Acrobatics+1","Sucker Punch+1"],"picked":"Cold Snap+1","floor":38},{"not_picked":["Reflex","Turbo"],"picked":"Footwork+1","floor":39},{"not_picked":["Reflex+1","Flying Knee","Steam+1"],"picked":"SKIP","floor":41},{"not_picked":["Heavy Blade+1","Eviscerate+1","Ball Lightning+1"],"picked":"SKIP","floor":45},{"not_picked":["Expertise","Pummel+1"],"picked":"Skewer+1","floor":46}],"player_experience":838228,"relics_obtained":[{"floor":6,"key":"Orichalcum"},{"floor":8,"key":"Omamori"},{"floor":9,"key":"MawBank"},{"floor":11,"key":"DataDisk"},{"floor":12,"key":"Anchor"},{"floor":26,"key":"Ancient Tea Set"},{"floor":46,"key":"Du-Vu Doll"}],"event_choices":[{"damage_healed":0,"gold_gain":0,"player_choice":"Success","damage_taken":12,"relics_obtained":["Dodecahedron"],"max_hp_gain":0,"max_hp_loss":0,"event_name":"Scrap Ooze","floor":2,"gold_loss":0},{"cards_removed":["Strike_B"],"damage_healed":0,"gold_gain":0,"player_choice":"Card Removal","damage_taken":7,"max_hp_gain":0,"max_hp_loss":0,"event_name":"Golden Wing","floor":5,"gold_loss":0},{"damage_healed":0,"gold_gain":0,"player_choice":"Searched \u00271\u0027 times","damage_taken":0,"max_hp_gain":0,"max_hp_loss":0,"event_name":"Dead Adventurer","floor":12,"gold_loss":0},{"damage_healed":0,"gold_gain":0,"player_choice":"1 cards matched","damage_taken":0,"max_hp_gain":0,"max_hp_loss":0,"event_name":"Match and Keep!","floor":19,"gold_loss":0,"cards_obtained":["Deep Breath"]},{"damage_healed":0,"gold_gain":0,"player_choice":"Simplicity","damage_taken":0,"max_hp_gain":0,"max_hp_loss":0,"event_name":"Back to Basics","floor":21,"gold_loss":0,"cards_upgraded":["Strike_B","Strike_B","Strike_B","Defend_B","Defend_B","Defend_B","Defend_B"]},{"damage_healed":0,"gold_gain":0,"player_choice":"Ignored","damage_taken":0,"max_hp_gain":0,"max_hp_loss":0,"event_name":"Beggar","floor":24,"gold_loss":0},{"damage_healed":0,"gold_gain":100,"player_choice":"Bet on Murderer","damage_taken":0,"max_hp_gain":0,"max_hp_loss":0,"event_name":"The Joust","floor":28,"gold_loss":50},{"damage_healed":0,"gold_gain":0,"player_choice":"Paid Gold","damage_taken":0,"relics_obtained":["Unceasing Top"],"max_hp_gain":0,"max_hp_loss":0,"event_name":"WeMeetAgain","floor":37,"gold_loss":149},{"damage_healed":0,"gold_gain":0,"player_choice":"Upgraded","damage_taken":0,"max_hp_gain":0,"max_hp_loss":0,"event_name":"Upgrade Shrine","floor":42,"gold_loss":0,"cards_upgraded":["Creative AI"]},{"damage_healed":0,"gold_gain":0,"player_choice":"Fight","damage_taken":0,"max_hp_gain":0,"max_hp_loss":0,"event_name":"Mysterious Sphere","floor":46,"gold_loss":0}],"is_beta":false,"boss_relics":[{"not_picked":["Eternal Feather","Coffee Dripper"],"picked":"Inserter"},{"not_picked":["Tiny House","Philosopher\u0027s Stone"],"picked":"Cursed Key"}],"items_purged_floors":[],"is_endless":false,"potions_floor_spawned":[3,8,10,16,18,29,30,33,35,38,41,45],"killed_by":"Giant Head","ascension_level":9}