{"gold_per_floor":[112,129,129,143,25,25,60,14,14,28,28,28,28,28,28,28],"floor_reached":16,"playtime":597,"items_purged":[],"score":98,"play_id":"b76b6152-62b2-4e95-b21e-d720ff2cfc6e","local_time":"20190327100200","is_ascension_mode":false,"campfire_choices":[{"data":"Cold Snap","floor":6,"key":"SMITH"},{"floor":11,"key":"REST"},{"data":"Barrage","floor":15,"key":"SMITH"}],"neow_cost":"NONE","seed_source_timestamp":346719704841100,"circlet_count":0,"master_deck":["Strike_B","Strike_B","Strike_B","Defend_B","Defend_B","Defend_B","Defend_B","Zap","Dualcast","Beam Cell","Cold Snap+1","Hologram","Loop","FTL","Sweeping Beam","Redo","Barrage+1","Static Discharge"],"relics":["Cracked Core","Shuriken","Ornamental Fan"],"potions_floor_usage":[],"damage_taken":[{"damage":6,"enemies":"Jaw Worm","floor":1,"turns":3},{"damage":5,"enemies":"2 Louse","floor":2,"turns":3},{"damage":10,"enemies":"Small Slimes","floor":4,"turns":3},{"damage":28,"enemies":"Gremlin Nob","floor":7,"turns":4},{"damage":9,"enemies":"Blue Slaver","floor":10,"turns":3},{"damage":50,"enemies":"The Guardian","floor":16,"turns":8}],"seed_played":"3105850415267996147","potions_obtained":[{"floor":2,"key":"GamblersBrew"},{"floor":10,"key":"EssenceOfSteel"}],"is_trial":false,"path_per_floor":["M","M","?","M","$","R","E","$","T","M","R","$","?","?","R","B"],"character_chosen":"DEFECT","items_purchased":["Loop","FTL","Redo"],"campfire_rested":1,"item_purchase_floors":[5,5,8],"current_hp_per_floor":[76,71,71,61,61,61,33,33,33,24,48,48,48,45,45,0],"gold":28,"neow_bonus":"TEN_PERCENT_HP_BONUS","is_prod":false,"is_daily":false,"chose_seed":false,"campfire_upgraded":2,"win_rate":0.0,"timestamp":1553695320,"path_taken":["M","M","?","M","$","R","E","$","T","M","R","$","?","?","R","BOSS"],"build_version":"2019-01-23","purchased_purges":0,"victory":false,"max_hp_per_floor":[82,82,82,82,82,82,82,82,82,82,82,82,82,82,82,82],"card_choices":[{"not_picked":["Hologram","Stack"],"picked":"Beam Cell","floor":1},{"not_picked":["Static Discharge","Defragment"],"picked":"Cold Snap","floor":2},{"not_picked":["Sweeping Beam","Genetic Algorithm"],"picked":"Hologram","floor":4},{"not_picked":["Heatsinks","Lockon"],"picked":"Sweeping Beam","floor":7},{"not_picked":["Skim","Leap"],"picked":"Barrage","floor":10}],"player_experience":1636,"relics_obtained":[{"floor":7,"key":"Shuriken"},{"floor":9,"key":"Ornamental Fan"}],"event_choices":[{"damage_healed":0,"gold_gain":0,"player_choice":"Ignored","damage_taken":0,"max_hp_gain":0,"max_hp_loss":0,"event_name":"Liars Game","floor":3,"gold_loss":0},{"damage_healed":0,"gold_gain":0,"cards_transformed":["Strike_B"],"player_choice":"Change","damage_taken":0,"max_hp_gain":0,"max_hp_loss":0,"event_name":"Living Wall","floor":13,"gold_loss":0,"cards_obtained":["Static Discharge"]},{"damage_healed":0,"gold_gain":0,"player_choice":"Fled","damage_taken":3,"max_hp_gain":0,"max_hp_loss":0,"event_name":"Scrap Ooze","floor":14,"gold_loss":0}],"is_beta":false,"boss_relics":[],"items_purged_floors":[],"is_endless":false,"potions_floor_spawned":[2,10],"killed_by":"The Guardian","ascension_level":0}