{"gold_per_floor":[118,133,148,148,223,223,249,270,270,295,310,310,330,368,368,496,496,510,546,446,386],"floor_reached":21,"playtime":824,"items_purged":[],"score":262,"play_id":"79428fdf-035e-4acf-ab81-ee2baee2b747","local_time":"20190224143431","is_ascension_mode":true,"campfire_choices":[{"data":"Chill","floor":6,"key":"SMITH"},{"floor":12,"key":"REST"},{"floor":15,"key":"REST"}],"neow_cost":"NONE","seed_source_timestamp":867187178623809,"circlet_count":0,"master_deck":["Strike_B","Strike_B","Strike_B","Strike_B","Defend_B","Defend_B","Defend_B","Defend_B","Zap+1","Dualcast","Chill+1","White Noise","Conserve Battery","Heatsinks","Glacier","Sunder","Barrage","White Noise","Creative AI","Double Energy","Barrage+1","Conserve Battery","Defragment"],"relics":["Cracked Core","Golden Idol","Art of War","Dodecahedron","Happy Flower","Philosopher\u0027s Stone","Red Mask"],"potions_floor_usage":[16,19,21,21,21],"damage_taken":[{"damage":4,"enemies":"Jaw Worm","floor":1,"turns":4},{"damage":0,"enemies":"2 Louse","floor":2,"turns":2},{"damage":3,"enemies":"Small Slimes","floor":3,"turns":4},{"damage":0,"enemies":"Exordium Wildlife","floor":8,"turns":5},{"damage":5,"enemies":"Blue Slaver","floor":10,"turns":4},{"damage":0,"enemies":"Looter","floor":11,"turns":4},{"damage":1,"enemies":"Red Slaver","floor":13,"turns":4},{"damage":27,"enemies":"Gremlin Nob","floor":14,"turns":5},{"damage":25,"enemies":"Hexaghost","floor":16,"turns":13},{"damage":0,"enemies":"Chosen","floor":18,"turns":5},{"damage":54,"enemies":"Masked Bandits","floor":19,"turns":4},{"damage":6,"enemies":"2 Thieves","floor":21,"turns":2}],"seed_played":"522533279251784687","potions_obtained":[{"floor":2,"key":"EssenceOfSteel"},{"floor":3,"key":"Poison Potion"},{"floor":10,"key":"Dexterity Potion"},{"floor":11,"key":"FocusPotion"},{"floor":16,"key":"PowerPotion"},{"floor":19,"key":"Dexterity Potion"}],"is_trial":false,"path_per_floor":["M","M","M","?","?","R","T","M","T","M","M","R","M","E","R","B",null,"M","?","$","M"],"character_chosen":"DEFECT","items_purchased":["Conserve Battery","Defragment"],"campfire_rested":2,"item_purchase_floors":[20,20],"current_hp_per_floor":[64,64,61,61,50,50,50,50,50,45,45,65,64,37,57,32,60,60,6,6,0],"gold":386,"neow_bonus":"UPGRADE_CARD","is_prod":false,"is_daily":false,"chose_seed":false,"campfire_upgraded":1,"win_rate":0,"timestamp":1551029671,"path_taken":["M","M","M","?","?","R","?","M","T","M","M","R","M","E","R","BOSS","M","?","$","M"],"build_version":"2019-01-23","purchased_purges":0,"victory":false,"max_hp_per_floor":[75,75,75,69,69,69,69,69,69,69,69,69,69,69,69,69,69,69,69,69,69],"card_choices":[{"not_picked":["Conserve Battery","Hologram"],"picked":"Chill","floor":1},{"not_picked":["Sweeping Beam","Cold Snap"],"picked":"White Noise","floor":2},{"not_picked":["Steam","Rebound"],"picked":"Conserve Battery","floor":3},{"not_picked":["Stack","Capacitor"],"picked":"Heatsinks","floor":8},{"not_picked":["Steam","Steam Power"],"picked":"Glacier","floor":10},{"not_picked":["Force Field","Reprogram"],"picked":"Sunder","floor":11},{"not_picked":["Stack","Gash"],"picked":"Barrage","floor":13},{"not_picked":["Doom and Gloom","Scrape"],"picked":"White Noise","floor":14},{"not_picked":["Meteor Strike","Fission"],"picked":"Creative AI","floor":16},{"not_picked":["Reinforced Body","Chaos"],"picked":"Double Energy","floor":18},{"not_picked":["Tempest","Reprogram"],"picked":"Barrage+1","floor":19}],"player_experience":858400,"relics_obtained":[{"floor":7,"key":"Art of War"},{"floor":9,"key":"Dodecahedron"},{"floor":14,"key":"Happy Flower"},{"floor":19,"key":"Red Mask"}],"event_choices":[{"damage_healed":0,"gold_gain":0,"player_choice":"Lose Max HP","damage_taken":0,"relics_obtained":["Golden Idol"],"max_hp_gain":0,"max_hp_loss":6,"event_name":"Golden Idol","floor":4,"gold_loss":0},{"damage_healed":0,"gold_gain":75,"player_choice":"Gather Gold","damage_taken":11,"max_hp_gain":0,"max_hp_loss":0,"event_name":"World of Goop","floor":5,"gold_loss":0},{"damage_healed":0,"gold_gain":0,"player_choice":"Fought Bandits","damage_taken":0,"max_hp_gain":0,"max_hp_loss":0,"event_name":"Masked Bandits","floor":19,"gold_loss":0}],"is_beta":false,"boss_relics":[{"not_picked":["Fusion Hammer","Inserter"],"picked":"Philosopher\u0027s Stone"}],"items_purged_floors":[],"is_endless":false,"potions_floor_spawned":[2,3,10,11,16,19],"killed_by":"2 Thieves","ascension_level":9}