{"gold_per_floor":[362,38,3,178,198,198,45,75,75,75,131,131,147,164,164,269,269,282,293,303,218,317,350,22,56,56,56,73,90,90],"floor_reached":30,"playtime":1014,"items_purged":["Doubt"],"score":396,"play_id":"1ece6514-901c-42c1-abbd-6da040544a5a","local_time":"20190206111223","is_ascension_mode":true,"campfire_choices":[{"data":"Mayhem","floor":6,"key":"SMITH"},{"data":"Backstab","floor":10,"key":"SMITH"},{"data":"Noxious Fumes","floor":15,"key":"SMITH"}],"neow_cost":"PERCENT_DAMAGE","seed_source_timestamp":60894988896410,"circlet_count":0,"master_deck":["Defend_G","Defend_G","Defend_G+1","Defend_G","Defend_G","Strike_G","Strike_G+1","Strike_G","Strike_G","Strike_G","Survivor","Neutralize+1","Mayhem+1","Masterful Stab","Glass Knife","Backstab+1","PiercingWail+1","Well Laid Plans","Noxious Fumes+1","Die Die Die","PiercingWail+1","Masterful Stab+1","Leg Sweep","Infinite Blades","Envenom","Masterful Stab"],"relics":["Ring of the Snake","Snake Skull","Mango","Shuriken","Matryoshka","Whetstone","Pantograph","Sozu","Regal Pillow","War Paint","Ninja Scroll","Art of War","Smiling Mask","Potion Belt"],"potions_floor_usage":[8,11,16],"damage_taken":[{"damage":3,"enemies":"2 Louse","floor":1,"turns":4},{"damage":0,"enemies":"Small Slimes","floor":5,"turns":6},{"damage":7,"enemies":"3 Sentries","floor":8,"turns":8},{"damage":5,"enemies":"Gremlin Nob","floor":11,"turns":3},{"damage":0,"enemies":"Jaw Worm","floor":13,"turns":2},{"damage":0,"enemies":"Large Slime","floor":14,"turns":4},{"damage":18,"enemies":"Slime Boss","floor":16,"turns":7},{"damage":6,"enemies":"2 Thieves","floor":18,"turns":4},{"damage":1,"enemies":"Spheric Guardian","floor":19,"turns":3},{"damage":26,"enemies":"Cultist and Chosen","floor":20,"turns":5},{"damage":0,"enemies":"Gremlin Leader","floor":23,"turns":6},{"damage":33,"enemies":"Slavers","floor":25,"turns":7},{"damage":10,"enemies":"Snake Plant","floor":28,"turns":3},{"damage":0,"enemies":"3 Cultists","floor":29,"turns":4},{"damage":5,"enemies":"Snecko","floor":30,"turns":3}],"seed_played":"3693245541117771448","potions_obtained":[{"floor":5,"key":"PowerPotion"},{"floor":8,"key":"GamblersBrew"},{"floor":14,"key":"AttackPotion"}],"is_trial":false,"path_per_floor":["M","$","?","?","M","R","$","E","T","R","?","T","M","M","R","B",null,"M","M","M","?","?","E","$","E","T","$","M","M","M"],"character_chosen":"THE_SILENT","items_purchased":["Mayhem","Snake Skull","Glass Knife","Ninja Scroll","Infinite Blades"],"campfire_rested":0,"item_purchase_floors":[2,2,7,24,24],"current_hp_per_floor":[42,42,59,59,59,59,59,66,66,66,61,61,61,61,61,66,80,74,73,47,47,47,47,47,14,14,14,4,4,0],"gold":90,"neow_bonus":"TWO_FIFTY_GOLD","is_prod":false,"is_daily":false,"chose_seed":false,"campfire_upgraded":3,"win_rate":0,"timestamp":1549462343,"path_taken":["M","$","?","?","M","R","$","E","T","R","?","?","M","M","R","BOSS","M","M","M","?","?","E","$","E","T","$","M","M","M"],"build_version":"2019-01-23","purchased_purges":1,"victory":false,"max_hp_per_floor":[70,70,70,70,70,70,70,84,84,84,84,84,84,84,84,84,84,84,84,84,84,84,84,84,84,84,84,84,84,84],"card_choices":[{"not_picked":["Flying Knee","Outmaneuver","Underhanded Strike"],"picked":"SKIP","floor":1},{"not_picked":["Slice","Deadly Poison"],"picked":"Masterful Stab","floor":5},{"not_picked":["Accuracy","Heel Hook"],"picked":"Backstab","floor":8},{"not_picked":["Quick Slash","Sucker Punch"],"picked":"PiercingWail","floor":11},{"not_picked":["Acrobatics","Flying Knee"],"picked":"Well Laid Plans","floor":13},{"not_picked":["Dagger Spray","Prepared"],"picked":"Noxious Fumes","floor":14},{"not_picked":["Bullet Time","Adrenaline"],"picked":"Die Die Die","floor":16},{"not_picked":["Accuracy","Cloak And Dagger"],"picked":"PiercingWail+1","floor":18},{"not_picked":["Expertise+1","Backflip"],"picked":"Masterful Stab+1","floor":19},{"not_picked":["Cloak And Dagger","Slice+1"],"picked":"Leg Sweep","floor":20},{"not_picked":["Acrobatics","Underhanded Strike","Outmaneuver"],"picked":"SKIP","floor":23},{"not_picked":["Underhanded Strike","Leg Sweep"],"picked":"Envenom","floor":25},{"not_picked":["All Out Attack","Backflip","Catalyst"],"picked":"SKIP","floor":28},{"not_picked":["Accuracy+1","Cloak And Dagger"],"picked":"Masterful Stab","floor":29}],"player_experience":724968,"relics_obtained":[{"floor":8,"key":"Mango"},{"floor":9,"key":"Shuriken"},{"floor":11,"key":"Matryoshka"},{"floor":12,"key":"Whetstone"},{"floor":12,"key":"Pantograph"},{"floor":23,"key":"War Paint"},{"floor":25,"key":"Art of War"},{"floor":26,"key":"Smiling Mask"},{"floor":26,"key":"Potion Belt"}],"event_choices":[{"damage_healed":17,"gold_gain":0,"player_choice":"Healed","damage_taken":0,"max_hp_gain":0,"max_hp_loss":0,"event_name":"The Cleric","floor":3,"gold_loss":35},{"damage_healed":0,"gold_gain":175,"player_choice":"AGREE","damage_taken":0,"max_hp_gain":0,"max_hp_loss":0,"event_name":"Liars Game","floor":4,"gold_loss":0,"cards_obtained":["Doubt"]},{"damage_healed":0,"gold_gain":0,"player_choice":"Searched \u00271\u0027 times","damage_taken":0,"max_hp_gain":0,"max_hp_loss":0,"event_name":"Dead Adventurer","floor":11,"gold_loss":0},{"damage_healed":0,"gold_gain":0,"player_choice":"Obtained Relic","damage_taken":0,"relics_obtained":["Regal Pillow"],"max_hp_gain":0,"max_hp_loss":0,"event_name":"Addict","floor":21,"gold_loss":85},{"damage_healed":0,"gold_gain":99,"player_choice":"Stole From Cult","damage_taken":0,"max_hp_gain":0,"max_hp_loss":0,"event_name":"Nest","floor":22,"gold_loss":0}],"is_beta":false,"boss_relics":[{"not_picked":["Coffee Dripper","Lizard Tail"],"picked":"Sozu"}],"items_purged_floors":[7],"is_endless":false,"potions_floor_spawned":[5,8,14,18,20,23,29],"killed_by":"Snecko","ascension_level":7}