{"path_per_floor":["M","?","M","?","M","E","M","E","T","R","E","?","R","M","R","B",null,"M","?","M","M","M","E","?","M","T","R"],"character_chosen":"THE_SILENT","items_purchased":[],"gold_per_floor":[117,117,137,137,157,186,201,230,230,230,256,256,256,275,275,379,379,389,304,319,339,355,388,388,401,427,427,427],"floor_reached":28,"campfire_rested":2,"playtime":1494,"current_hp_per_floor":[70,70,69,69,69,55,54,49,49,70,70,70,70,70,70,42,70,68,68,59,51,41,29,29,8,8,32,0],"items_purged":[],"gold":427,"score":299,"play_id":"957f7b1f-6249-4dd2-b558-e3c89992fea2","local_time":"20180415172453","is_prod":false,"is_daily":false,"chose_seed":false,"is_ascension_mode":true,"campfire_upgraded":2,"timestamp":1523823893,"path_taken":["M","?","M","?","?","E","M","E","T","R","E","?","R","M","R","BOSS","M","?","?","M","M","E","?","M","T","R","E"],"build_version":"2018-04-12","seed_source_timestamp":171561674419539,"purchased_purges":0,"victory":false,"master_deck":["Defend_G+1","Defend_G","Defend_G","Defend_G","Defend_G+1","Strike_G","Strike_G","Strike_G","Strike_G","Strike_G","Survivor","Neutralize","Bouncing Flask","Dagger Spray","Noxious Fumes+1","Bullet Time","Deadly Poison","Escape Plan","Cloak And Dagger","Regret","Flechettes+1","Envenom","Deadly Poison+1","Cloak And Dagger+1","Corpse Explosion","Accuracy+1","Outmaneuver+1","Acrobatics+1"],"max_hp_per_floor":[70,70,70,70,70,70,70,70,70,70,70,70,70,70,70,70,70,70,70,70,70,70,80,80,80,80,80,80],"relics":["Ring of the Snake","War Paint","Oddly Smooth Stone","Snake Skull","Du-Vu Doll","Mercury Hourglass","Ninja Scroll","Black Star","Shuriken","Pear","Tough Bandages","Bag of Preparation"],"card_choices":[{"not_picked":["Acrobatics","Outmaneuver"],"picked":"Bouncing Flask","floor":1},{"not_picked":["Outmaneuver","Expertise"],"picked":"Dagger Spray","floor":3},{"not_picked":["Poisoned Stab","Deadly Poison"],"picked":"Noxious Fumes","floor":5},{"not_picked":["Cloak And Dagger","Predator"],"picked":"Bullet Time","floor":6},{"not_picked":["All Out Attack","Predator"],"picked":"Deadly Poison","floor":7},{"not_picked":["Masterful Stab","Outmaneuver"],"picked":"Escape Plan","floor":8},{"not_picked":["Dagger Spray","PiercingWail"],"picked":"Cloak And Dagger","floor":11},{"not_picked":["Acrobatics","PiercingWail"],"picked":"Flechettes","floor":14},{"not_picked":["Doppelganger","Glass Knife"],"picked":"Envenom","floor":16},{"not_picked":["Quick Slash","Bane"],"picked":"Deadly Poison","floor":18},{"not_picked":["Skewer","Terror"],"picked":"Cloak And Dagger","floor":20},{"not_picked":["Choke","Concentrate"],"picked":"Corpse Explosion","floor":21},{"not_picked":["Prepared","Dash"],"picked":"Accuracy","floor":22},{"not_picked":["Prepared","Flying Knee"],"picked":"Outmaneuver","floor":23},{"not_picked":["Dash","Flying Knee"],"picked":"Acrobatics","floor":25}],"player_experience":255529,"potions_floor_usage":[8,16,21,21,25,28],"damage_taken":[{"damage":0,"enemies":"2 Louse","floor":1,"turns":2},{"damage":1,"enemies":"Jaw Worm","floor":3,"turns":5},{"damage":0,"enemies":"Small Slimes","floor":5,"turns":3},{"damage":14,"enemies":"3 Sentries","floor":6,"turns":6},{"damage":1,"enemies":"Looter","floor":7,"turns":4},{"damage":5,"enemies":"Gremlin Nob","floor":8,"turns":5},{"damage":0,"enemies":"3 Sentries","floor":11,"turns":5},{"damage":0,"enemies":"Large Slime","floor":14,"turns":4},{"damage":28,"enemies":"The Guardian","floor":16,"turns":6},{"damage":2,"enemies":"Chosen","floor":18,"turns":3},{"damage":9,"enemies":"Shell Parasite","floor":20,"turns":5},{"damage":8,"enemies":"Snecko","floor":21,"turns":4},{"damage":10,"enemies":"Centurion and Healer","floor":22,"turns":5},{"damage":22,"enemies":"Gremlin Leader","floor":23,"turns":4},{"damage":21,"enemies":"Sentry and Sphere","floor":25,"turns":4},{"damage":32,"enemies":"Slavers","floor":28,"turns":3}],"event_choices":[{"event_name":"The Cleric","player_choice":"Leave","floor":2,"damage_taken":0},{"event_name":"Golden Wing","player_choice":"Ignored","floor":4,"damage_taken":0},{"event_name":"Big Fish","player_choice":"Box","floor":12,"damage_taken":0},{"event_name":"Addict","player_choice":"Obtained Relic","floor":19,"damage_taken":0},{"event_name":"Ghosts","player_choice":"Ignored","floor":24,"damage_taken":0}],"boss_relics":[{"not_picked":["Tiny House","Runic Dome"],"picked":"Black Star"}],"potions_floor_spawned":[5,6,7,20,21,22],"seed_played":"-3229387178438166530","killed_by":"Slavers","ascension_level":1,"is_trial":false}