{"gold_per_floor":[110,110,31,106,106,131,141,20,45,45,59,78,78,78,78,78],"floor_reached":16,"playtime":483,"items_purged":[],"score":127,"play_id":"f2596400-f530-4c04-9d7b-87154d674041","local_time":"20180713170724","is_ascension_mode":true,"campfire_choices":[{"floor":10,"key":"REST"},{"floor":13,"key":"REST"},{"floor":15,"key":"REST"}],"neow_cost":"CURSE","seed_source_timestamp":61972941963582,"circlet_count":0,"master_deck":["Strike_B","Strike_B","Strike_B","Defend_B","Defend_B","Defend_B","Zap","Dualcast","Decay","White Noise","Redo","Conserve Battery","Loop","Steam Power","Leap","FTL","Dramatic Entrance","Loop","Double Energy"],"relics":["Cracked Core","Anchor","Centennial Puzzle","Juzu Bracelet"],"potions_floor_usage":[16],"damage_taken":[{"damage":14,"enemies":"Small Slimes","floor":1,"turns":3},{"damage":32,"enemies":"Lagavulin","floor":6,"turns":6},{"damage":2,"enemies":"2 Louse","floor":7,"turns":3},{"damage":0,"enemies":"Jaw Worm","floor":11,"turns":3},{"damage":0,"enemies":"Looter","floor":12,"turns":2},{"damage":84,"enemies":"Hexaghost","floor":16,"turns":9}],"seed_played":"5435180647050713320","potions_obtained":[{"floor":7,"key":"Poison Potion"}],"is_trial":false,"path_per_floor":["M","?","$","?","?","E","M","$","T","R","M","M","R","$","R"],"character_chosen":"DEFECT","items_purchased":["Loop","FTL","Dramatic Entrance"],"campfire_rested":3,"item_purchase_floors":[3,8,8],"current_hp_per_floor":[54,47,47,36,41,9,7,7,7,31,31,31,55,55,79,0],"gold":78,"neow_bonus":"TRANSFORM_TWO_CARDS","is_prod":false,"is_daily":false,"chose_seed":false,"campfire_upgraded":0,"win_rate":0,"timestamp":1531512444,"path_taken":["M","?","$","?","?","E","M","?","T","R","M","M","R","$","R","BOSS"],"build_version":"2018-07-12","purchased_purges":0,"victory":false,"max_hp_per_floor":[75,75,75,75,80,80,80,80,80,80,80,80,80,80,80,80],"card_choices":[{"not_picked":["Force Field","Redo"],"picked":"Conserve Battery","floor":1},{"not_picked":["Hologram","Go for the Eyes"],"picked":"Steam Power","floor":6},{"not_picked":["Redo","Stack"],"picked":"Leap","floor":7},{"not_picked":["Hello World","Ball Lightning"],"picked":"Loop","floor":11},{"not_picked":["Chaos","Sunder"],"picked":"Double Energy","floor":12}],"player_experience":483944,"relics_obtained":[{"floor":6,"key":"Centennial Puzzle"},{"floor":9,"key":"Juzu Bracelet"}],"event_choices":[{"event_name":"Scrap Ooze","player_choice":"success","floor":2,"damage_taken":7},{"event_name":"World of Goop","player_choice":"Gather Gold","floor":4,"damage_taken":0},{"event_name":"Big Fish","player_choice":"Donut","floor":5,"damage_taken":0}],"boss_relics":[],"items_purged_floors":[],"is_endless":false,"potions_floor_spawned":[7],"killed_by":"Hexaghost","ascension_level":6}