{"gold_per_floor":[111,111,131,10,25,50,50,83,137,12,47,58,58,58,58,158,158,171,48,63,74,92,118,118,146,158,180,192,236,259,287,299,412,424,450,513,540,572,305,330,341,366,392,418,418,446,459,791,791,791,791,791,22,49,49],"floor_reached":56,"playtime":4129,"items_purged":["Defend_G","Pain","Strike_G","Strike_G"],"score":1692,"play_id":"1669b60d-a62c-46dc-82ca-cec12d57d507","local_time":"20190404190958","is_ascension_mode":true,"campfire_choices":[{"data":"Bouncing Flask","floor":7.0,"key":"SMITH"},{"data":"Deadly Poison","floor":13.0,"key":"SMITH"},{"data":"Well Laid Plans","floor":15.0,"key":"SMITH"},{"data":"Catalyst","floor":24.0,"key":"SMITH"},{"data":"Footwork","floor":28.0,"key":"SMITH"},{"data":"Caltrops","floor":32.0,"key":"SMITH"},{"floor":45,"key":"RECALL"},{"floor":49,"key":"REST"},{"floor":52,"key":"REST"}],"neow_cost":"NONE","seed_source_timestamp":2071341571070295,"circlet_count":0,"master_deck":["Defend_G","Defend_G","Defend_G","Defend_G","Strike_G","Strike_G","Strike_G","Survivor","Neutralize+1","Dash+1","Dagger Spray","Deflect","Bouncing Flask+1","Crippling Poison","Deadly Poison+1","Well Laid Plans+1","Cloak And Dagger","Caltrops+1","Poisoned Stab","Corpse Explosion","PiercingWail","Footwork+1","Catalyst+1","Dash","Noxious Fumes+1","Wraith Form v2+1","PiercingWail","Masterful Stab","Well Laid Plans+1","Bullet Time","Dodge and Roll","Deadly Poison+1","Blur+1","Backflip+1","Leg Sweep","Expertise+1","Dodge and Roll+1","Predator+1","Bane+1","Blur+1","Leg Sweep+1","Footwork+1","Expertise+1","Deep Breath+1","Leg Sweep+1","Leg Sweep+1"],"special_seed":0,"relics":["Ring of the Snake","Ninja Scroll","Vajra","Regal Pillow","Mummified Hand","WarpedTongs","Runic Dome","Frozen Egg 2","MawBank","Bottled Tornado","Meat on the Bone","Fusion Hammer","Mango","Ancient Tea Set","Omamori","Toxic Egg 2","Anchor","Old Coin","Mercury Hourglass","Snake Skull"],"potions_floor_usage":[50,55,55,55],"damage_taken":[{"damage":0.0,"enemies":"Small Slimes","floor":1.0,"turns":5.0},{"damage":0.0,"enemies":"Cultist","floor":3.0,"turns":3.0},{"damage":2.0,"enemies":"2 Louse","floor":5.0,"turns":2.0},{"damage":18.0,"enemies":"Gremlin Nob","floor":6.0,"turns":4.0},{"damage":13.0,"enemies":"Lagavulin","floor":8.0,"turns":6.0},{"damage":9.0,"enemies":"3 Sentries","floor":11.0,"turns":8.0},{"damage":0.0,"enemies":"Looter","floor":12.0,"turns":2.0},{"damage":23.0,"enemies":"The Guardian","floor":16.0,"turns":8.0},{"damage":7.0,"enemies":"Chosen","floor":18.0,"turns":4.0},{"damage":0.0,"enemies":"3 Byrds","floor":20.0,"turns":4.0},{"damage":3.0,"enemies":"Snake Plant","floor":21.0,"turns":4.0},{"damage":0.0,"enemies":"Chosen and Byrds","floor":22.0,"turns":3.0},{"damage":0.0,"enemies":"Book of Stabbing","floor":23.0,"turns":4.0},{"damage":17.0,"enemies":"Slavers","floor":25.0,"turns":4.0},{"damage":0.0,"enemies":"Snecko","floor":27.0,"turns":4.0},{"damage":6.0,"enemies":"Gremlin Leader","floor":29.0,"turns":4.0},{"damage":8.0,"enemies":"Centurion and Healer","floor":30.0,"turns":5.0},{"damage":0.0,"enemies":"Snake Plant","floor":31.0,"turns":4.0},{"damage":2.0,"enemies":"Collector","floor":33.0,"turns":7.0},{"damage":0.0,"enemies":"3 Shapes","floor":35.0,"turns":3.0},{"damage":0.0,"enemies":"2 Orb Walkers","floor":36.0,"turns":3.0},{"damage":0.0,"enemies":"3 Darklings","floor":37.0,"turns":5.0},{"damage":16.0,"enemies":"Spire Growth","floor":38.0,"turns":5.0},{"damage":7,"enemies":"Reptomancer","floor":40,"turns":7},{"damage":2,"enemies":"Jaw Worm Horde","floor":41,"turns":3},{"damage":27,"enemies":"Nemesis","floor":42,"turns":5},{"damage":0,"enemies":"Reptomancer","floor":44,"turns":6},{"damage":0,"enemies":"Giant Head","floor":46,"turns":6},{"damage":0,"enemies":"Sphere and 2 Shapes","floor":47,"turns":5},{"damage":0,"enemies":"Nemesis","floor":48,"turns":5},{"damage":0,"enemies":"Donu and Deca","floor":50,"turns":8},{"damage":0,"enemies":"Shield and Spear","floor":54,"turns":6},{"damage":0,"enemies":"The Heart","floor":55,"turns":11}],"seed_played":"-4474726405432763198","potions_obtained":[{"floor":5.0,"key":"Dexterity Potion"},{"floor":11.0,"key":"AttackPotion"},{"floor":12.0,"key":"Weak Potion"},{"floor":16.0,"key":"GhostInAJar"},{"floor":20.0,"key":"PowerPotion"},{"floor":21.0,"key":"FearPotion"},{"floor":23.0,"key":"GamblersBrew"},{"floor":31.0,"key":"Ancient Potion"}],"is_trial":false,"path_per_floor":["M","?","M","$","M","E","R","E","T","$","E","M","R","?","R","B",null,"M","$","M","M","M","E","R","E","T","M","R","E","M","M","R","B",null,"M","?","M","M","$","E","M","E","T","E","R","E","M","E","R","B",null,"R","$","E","B",null],"character_chosen":"THE_SILENT","items_purchased":["Deflect","Well Laid Plans","Cloak And Dagger","PiercingWail","Leg Sweep","GhostInAJar","Footwork+1","Expertise+1","Deep Breath+1","Leg Sweep+1","Mercury Hourglass","Block Potion"],"campfire_rested":2,"item_purchase_floors":[4,10,10,19,39,39,53,53,53,53,53,53],"current_hp_per_floor":[70,70,70,70,68,50,50,37,37,37,28,28,28,28,28,5,70,63,63,63,60,60,60,60,43,43,43,43,37,41,41,41,39,70,70,84,84,68,68,61,59,44,44,44,44,44,44,44,84,84,84,84,84,84,84],"gold":49,"neow_bonus":"UPGRADE_CARD","is_prod":false,"is_daily":false,"chose_seed":false,"campfire_upgraded":6,"win_rate":0,"timestamp":1554419398,"path_taken":["M","?","M","$","M","E","R","E","T","$","E","M","R","?","R","BOSS","M","$","M","M","M","E","R","E","T","M","R","E","?","M","R","BOSS","M","?","M","M","$","E","M","E","T","E","R","E","M","E","R","BOSS","R","$","E","BOSS"],"build_version":"2019-03-15","purchased_purges":4,"victory":true,"max_hp_per_floor":[70,70,70,70,70,70,70,70,70,70,70,70,70,70,70,70,70,70,70,70,70,70,70,70,70,70,70,70,70,70,70,70,70,70,70,84,84,84,84,84,84,84,84,84,84,84,84,84,84,84,84,84,84,84,84],"card_choices":[{"not_picked":["Backflip","Predator"],"picked":"Dash","floor":1.0},{"not_picked":["Slice","Bane"],"picked":"Dagger Spray","floor":3.0},{"not_picked":["Calculated Gamble","Finisher"],"picked":"Bouncing Flask","floor":5.0},{"not_picked":["Slice","All Out Attack"],"picked":"Crippling Poison","floor":6.0},{"not_picked":["Dash","Caltrops"],"picked":"Deadly Poison","floor":8.0},{"not_picked":["Sucker Punch","Unload"],"picked":"Caltrops","floor":11.0},{"not_picked":["Terror","Underhanded Strike"],"picked":"Poisoned Stab","floor":12.0},{"not_picked":["After Image","Glass Knife"],"picked":"Corpse Explosion","floor":16.0},{"not_picked":["Setup","Endless Agony","Quick Slash"],"picked":"SKIP","floor":18.0},{"not_picked":["Sucker Punch","Well Laid Plans+1"],"picked":"Footwork","floor":20.0},{"not_picked":["Bouncing Flask","Flying Knee"],"picked":"Catalyst","floor":21.0},{"not_picked":["Crippling Poison","Quick Slash"],"picked":"Dash","floor":22.0},{"not_picked":["Outmaneuver+1","Underhanded Strike"],"picked":"Noxious Fumes+1","floor":23.0},{"not_picked":["Outmaneuver","Slice","Crippling Poison"],"picked":"SKIP","floor":25.0},{"not_picked":["PiercingWail","Outmaneuver+1"],"picked":"Wraith Form v2+1","floor":27.0},{"not_picked":["Outmaneuver","Dagger Throw+1"],"picked":"PiercingWail","floor":29.0},{"not_picked":["Bane","Outmaneuver"],"picked":"Masterful Stab","floor":30.0},{"not_picked":["Underhanded Strike+1","Bane"],"picked":"Well Laid Plans+1","floor":31.0},{"not_picked":["Unload","Malaise"],"picked":"Bullet Time","floor":33.0},{"not_picked":["Caltrops+1","Distraction+1"],"picked":"Dodge and Roll","floor":35.0},{"not_picked":["Blade Dance","Backstab"],"picked":"Deadly Poison+1","floor":36.0},{"not_picked":["Reflex","Backflip"],"picked":"Blur+1","floor":37.0},{"not_picked":["Riddle With Holes","Quick Slash"],"picked":"Backflip+1","floor":38.0},{"not_picked":["Flying Knee","Blade Dance+1"],"picked":"Expertise+1","floor":40},{"not_picked":["Dagger Spray","Well Laid Plans+1"],"picked":"Dodge and Roll+1","floor":41},{"not_picked":["Slice+1","Dagger Throw"],"picked":"Predator+1","floor":42},{"not_picked":["Accuracy+1","Cloak And Dagger"],"picked":"Bane+1","floor":44},{"not_picked":["Glass Knife","Sucker Punch"],"picked":"Blur+1","floor":46},{"not_picked":["Dagger Spray","Dodge and Roll+1","Slice"],"picked":"SKIP","floor":47},{"not_picked":["Acrobatics+1","Eviscerate"],"picked":"Leg Sweep+1","floor":48},{"not_picked":["Dagger Spray","Well Laid Plans+1"],"picked":"Leg Sweep+1","floor":54}],"player_experience":5149631,"relics_obtained":[{"floor":6.0,"key":"Ninja Scroll"},{"floor":8.0,"key":"Vajra"},{"floor":9.0,"key":"Regal Pillow"},{"floor":11.0,"key":"Mummified Hand"},{"floor":23.0,"key":"Frozen Egg 2"},{"floor":25.0,"key":"MawBank"},{"floor":26.0,"key":"Bottled Tornado"},{"floor":29.0,"key":"Meat on the Bone"},{"floor":36.0,"key":"Mango"},{"floor":40,"key":"Ancient Tea Set"},{"floor":42,"key":"Omamori"},{"floor":44,"key":"Toxic Egg 2"},{"floor":46,"key":"Anchor"},{"floor":48,"key":"Old Coin"},{"floor":54,"key":"Snake Skull"}],"event_choices":[{"damage_healed":0.0,"max_hp_gain":0.0,"max_hp_loss":0.0,"gold_gain":0.0,"event_name":"Living Wall","player_choice":"Grow","floor":2.0,"gold_loss":0.0,"damage_taken":0.0,"cards_upgraded":["Dash"]},{"damage_healed":0.0,"max_hp_gain":0.0,"max_hp_loss":0.0,"gold_gain":0.0,"event_name":"Accursed Blacksmith","player_choice":"Rummage","floor":14.0,"gold_loss":0.0,"damage_taken":0.0,"relics_obtained":["WarpedTongs"],"cards_obtained":["Pain"]},{"damage_healed":0.0,"max_hp_gain":0.0,"max_hp_loss":0.0,"gold_gain":0.0,"event_name":"Mysterious Sphere","player_choice":"Fight","floor":36.0,"gold_loss":0.0,"damage_taken":0.0}],"is_beta":true,"boss_relics":[{"not_picked":["WristBlade","Black Star"],"picked":"Runic Dome"},{"not_picked":["Runic Pyramid","Tiny House"],"picked":"Fusion Hammer"}],"items_purged_floors":[4,19,39,53],"is_endless":false,"potions_floor_spawned":[5,11,12,16,20,21,23,31,37,41,46,47,48],"ascension_level":1}