{"gold_per_floor":[16,33,33,33,33,33,63,63,89,123,123,123,143,175,175,273,273,293,309,309,309,309,337,351,351,351,378,378,394,32,57,57,162,162,178,205,218,218,218,246,275,275,275,293,322,322,355,380,380,380,380,380,36,64,64],"floor_reached":56,"playtime":3695,"items_purged":["Perfected Strike+1","Strike_R"],"score":1681,"play_id":"e79890fe-bb12-467d-b15d-840056202ea4","local_time":"20190213042209","is_ascension_mode":true,"campfire_choices":[{"data":"Juggernaut","floor":6,"key":"SMITH"},{"data":"Disarm","floor":8,"key":"SMITH"},{"data":"Metallicize","floor":11,"key":"SMITH"},{"data":"Power Through","floor":15,"key":"SMITH"},{"data":"Offering","floor":25,"key":"SMITH"},{"data":"Evolve","floor":28,"key":"SMITH"},{"floor":32,"key":"REST"},{"floor":42,"key":"RECALL"},{"data":"Demon Form","floor":46,"key":"SMITH"},{"data":"Mayhem","floor":49,"key":"SMITH"},{"data":"Shrug It Off","floor":52,"key":"SMITH"}],"neow_cost":"NO_GOLD","seed_source_timestamp":5069211570520679,"circlet_count":0,"master_deck":["Strike_R","Defend_R","Defend_R","Defend_R","Defend_R","Bash","Juggernaut+1","Disarm+1","Armaments+1","Infernal Blade","Metallicize+1","Shrug It Off+1","Power Through+1","Offering+1","Disarm+1","Feed+1","Combust","Evolve+1","Demon Form+1","Immolate","Headbutt","Impatience","Mayhem+1","Panache","Shrug It Off+1","Heavy Blade+1","True Grit+1","Second Wind+1","Ghostly Armor+1","Iron Wave"],"relics":["Burning Blood","Vajra","Bag of Marbles","Pen Nib","Calipers","Ornamental Fan","Astrolabe","Bottled Tornado","Nilry\u0027s Codex","Mummified Hand","Anchor","Bag of Preparation","Turnip","WingedGreaves","Busted Crown","Smiling Mask","Toxic Egg 2","Orichalcum","Dream Catcher","Magic Flower","Blue Candle","Kunai","TheAbacus","Art of War"],"potions_floor_usage":[7,16,33,40,55,55,55,55,55],"damage_taken":[{"damage":5,"enemies":"Cultist","floor":1,"turns":4},{"damage":3,"enemies":"Small Slimes","floor":2,"turns":3},{"damage":27,"enemies":"3 Sentries","floor":7,"turns":8},{"damage":26,"enemies":"Gremlin Nob","floor":10,"turns":4},{"damage":0,"enemies":"2 Louse","floor":13,"turns":1},{"damage":5,"enemies":"3 Sentries","floor":14,"turns":7},{"damage":24,"enemies":"Slime Boss","floor":16,"turns":11},{"damage":6,"enemies":"Spheric Guardian","floor":18,"turns":6},{"damage":6,"enemies":"Chosen","floor":19,"turns":6},{"damage":7,"enemies":"Book of Stabbing","floor":23,"turns":6},{"damage":9,"enemies":"Snake Plant","floor":24,"turns":4},{"damage":9,"enemies":"Gremlin Leader","floor":27,"turns":6},{"damage":13,"enemies":"Sentry and Sphere","floor":29,"turns":4},{"damage":29,"enemies":"Slavers","floor":31,"turns":4},{"damage":9,"enemies":"Champ","floor":33,"turns":9},{"damage":7,"enemies":"3 Shapes","floor":35,"turns":1},{"damage":2,"enemies":"Orb Walker","floor":37,"turns":4},{"damage":9,"enemies":"Reptomancer","floor":40,"turns":5},{"damage":11,"enemies":"Giant Head","floor":41,"turns":8},{"damage":0,"enemies":"4 Shapes","floor":44,"turns":5},{"damage":0,"enemies":"Reptomancer","floor":45,"turns":6},{"damage":11,"enemies":"Giant Head","floor":47,"turns":6},{"damage":9,"enemies":"Reptomancer","floor":48,"turns":4},{"damage":31,"enemies":"Time Eater","floor":50,"turns":10},{"damage":27,"enemies":"Shield and Spear","floor":54,"turns":6},{"damage":11,"enemies":"The Heart","floor":55,"turns":7}],"seed_played":"6217205826310735928","potions_obtained":[{"floor":1,"key":"Regen Potion"},{"floor":2,"key":"Explosive Potion"},{"floor":13,"key":"PowerPotion"},{"floor":16,"key":"EssenceOfSteel"},{"floor":19,"key":"EssenceOfSteel"},{"floor":24,"key":"PowerPotion"},{"floor":33,"key":"Energy Potion"},{"floor":40,"key":"EssenceOfSteel"},{"floor":48,"key":"EntropicBrew"}],"is_trial":false,"path_per_floor":["M","M","?","?","?","R","E","R","T","E","R","?","M","E","R","B",null,"M","M","T","?","?","E","M","R","T","E","R","M","$","E","R","B",null,"M","T","M","?","?","E","E","R","T","M","E","R","E","E","R","B",null,"R","$","E","B",null],"character_chosen":"IRONCLAD","items_purchased":["Turnip","Ghostly Armor+1","TheAbacus","Iron Wave"],"campfire_rested":1,"item_purchase_floors":[30,53,53,53],"current_hp_per_floor":[80,80,80,68,73,73,67,67,67,47,47,47,53,54,54,36,85,85,89,89,73,73,76,77,77,77,74,74,71,71,52,83,80,105,104,104,105,105,95,92,87,87,87,97,107,107,105,105,105,83,113,113,113,101,99],"gold":64,"neow_bonus":"THREE_RARE_CARDS","is_prod":false,"is_daily":false,"chose_seed":false,"campfire_upgraded":9,"win_rate":0,"timestamp":1550049729,"path_taken":["M","M","?","?","?","R","E","R","T","E","R","?","M","E","R","BOSS","M","M","?","?","?","E","?","R","T","E","R","M","$","E","R","BOSS","M","?","M","?","?","E","E","R","T","M","E","R","E","E","R","BOSS","R","$","E","BOSS"],"build_version":"2019-02-06","purchased_purges":2,"victory":true,"max_hp_per_floor":[80,80,80,80,85,85,85,85,85,85,85,85,85,85,85,85,85,85,89,89,89,89,93,97,97,97,97,97,101,101,105,105,105,105,105,105,105,105,105,105,105,105,105,109,113,113,113,113,113,113,113,113,113,117,117],"card_choices":[{"not_picked":["Dark Embrace","Exhume"],"picked":"Juggernaut","floor":0},{"not_picked":["Searing Blow","Fire Breathing"],"picked":"Disarm","floor":1},{"not_picked":["Flame Barrier","True Grit"],"picked":"Armaments","floor":2},{"not_picked":["Blood for Blood","Perfected Strike"],"picked":"Infernal Blade","floor":7},{"not_picked":["Blood for Blood","Flame Barrier"],"picked":"Metallicize","floor":10},{"not_picked":["Wild Strike","Anger"],"picked":"Shrug It Off","floor":13},{"not_picked":["Thunderclap","Cleave"],"picked":"Power Through","floor":14},{"not_picked":["Fiend Fire","Immolate"],"picked":"Offering","floor":16},{"not_picked":["Uppercut","Corruption","Heavy Blade+1"],"picked":"SKIP","floor":18},{"not_picked":["Spot Weakness","Uppercut"],"picked":"Combust","floor":19},{"not_picked":["Heavy Blade","Clash"],"picked":"Inflame+1","floor":23},{"not_picked":["Twin Strike","Fire Breathing","Infernal Blade"],"picked":"SKIP","floor":24},{"not_picked":["Twin Strike","Fire Breathing","Infernal Blade"],"picked":"SKIP","floor":24},{"not_picked":["Ghostly Armor","Thunderclap"],"picked":"Evolve","floor":27},{"not_picked":["Perfected Strike","Hemokinesis","Warcry"],"picked":"SKIP","floor":29},{"not_picked":["Twin Strike","Havoc+1"],"picked":"Demon Form","floor":31},{"not_picked":["Brutality","Bludgeon"],"picked":"Immolate","floor":33},{"not_picked":[],"picked":"Headbutt","floor":35},{"not_picked":["Corruption"],"picked":"SKIP","floor":37},{"not_picked":[],"picked":"Impatience","floor":39},{"not_picked":[],"picked":"Mayhem","floor":39},{"not_picked":[],"picked":"Panache","floor":39},{"not_picked":[],"picked":"Shrug It Off+1","floor":40},{"not_picked":[],"picked":"Heavy Blade+1","floor":41},{"not_picked":[],"picked":"True Grit+1","floor":44},{"not_picked":["Corruption+1"],"picked":"SKIP","floor":45},{"not_picked":[],"picked":"Second Wind+1","floor":47},{"not_picked":["Second Wind+1"],"picked":"SKIP","floor":48},{"not_picked":["Hemokinesis+1"],"picked":"SKIP","floor":54}],"player_experience":4492033,"relics_obtained":[{"floor":7,"key":"Bag of Marbles"},{"floor":9,"key":"Pen Nib"},{"floor":10,"key":"Calipers"},{"floor":14,"key":"Ornamental Fan"},{"floor":20,"key":"Bottled Tornado"},{"floor":21,"key":"Nilry\u0027s Codex"},{"floor":23,"key":"Anchor"},{"floor":27,"key":"Bag of Preparation"},{"floor":31,"key":"WingedGreaves"},{"floor":36,"key":"Smiling Mask"},{"floor":40,"key":"Toxic Egg 2"},{"floor":41,"key":"Orichalcum"},{"floor":43,"key":"Dream Catcher"},{"floor":45,"key":"Magic Flower"},{"floor":47,"key":"Blue Candle"},{"floor":48,"key":"Kunai"},{"floor":54,"key":"Art of War"}],"event_choices":[{"damage_healed":0,"gold_gain":0,"player_choice":"Grow","damage_taken":0,"max_hp_gain":0,"max_hp_loss":0,"event_name":"Living Wall","floor":3,"gold_loss":0,"cards_upgraded":["Armaments"]},{"damage_healed":0,"gold_gain":0,"player_choice":"Success","damage_taken":12,"relics_obtained":["Vajra"],"max_hp_gain":0,"max_hp_loss":0,"event_name":"Scrap Ooze","floor":4,"gold_loss":0},{"damage_healed":0,"gold_gain":0,"player_choice":"Donut","damage_taken":0,"max_hp_gain":5,"max_hp_loss":0,"event_name":"Big Fish","floor":5,"gold_loss":0},{"damage_healed":0,"gold_gain":0,"player_choice":"Ignored","damage_taken":0,"max_hp_gain":0,"max_hp_loss":0,"event_name":"NoteForYourself","floor":12,"gold_loss":0},{"damage_healed":0,"gold_gain":0,"player_choice":"Obtained Book","damage_taken":16,"max_hp_gain":0,"max_hp_loss":0,"event_name":"Cursed Tome","floor":21,"gold_loss":0},{"damage_healed":0,"gold_gain":0,"player_choice":"Opened","damage_taken":0,"relics_obtained":["Mummified Hand"],"max_hp_gain":0,"max_hp_loss":0,"event_name":"The Mausoleum","floor":22,"gold_loss":0},{"cards_removed":["Inflame"],"damage_healed":0,"gold_gain":0,"player_choice":"Removed Power","damage_taken":0,"max_hp_gain":0,"max_hp_loss":0,"event_name":"Falling","floor":38,"gold_loss":0},{"damage_healed":0,"gold_gain":0,"player_choice":"Memory 3","damage_taken":10,"max_hp_gain":0,"max_hp_loss":0,"event_name":"SensoryStone","floor":39,"gold_loss":0}],"is_beta":true,"boss_relics":[{"not_picked":["Runic Cube","Black Star"],"picked":"Astrolabe"},{"not_picked":["Pandora\u0027s Box","Runic Pyramid"],"picked":"Busted Crown"}],"items_purged_floors":[30,53],"is_endless":false,"potions_floor_spawned":[1,2,13,16,19,24,31,33,35,40,47,48],"ascension_level":1}