{"gold_per_floor":[367,378,378,50,68,129,129,154,154,167,167,194,206,236,236,334,334,354,354,368,63,162,162,194,207,207,207,234,234,262,280,280,375,375,395,411,423,92,0,35,46,72,95,108,141,160,260,289,289,289,289,289,76,101,101],"floor_reached":56,"playtime":4897,"items_purged":["Defend_R","Strike_R","Strike_R"],"score":1605,"play_id":"cb5c96f8-7349-4134-b519-340e1f4413c8","local_time":"20190408060457","is_ascension_mode":true,"campfire_choices":[{"data":"Armaments","floor":7,"key":"SMITH"},{"data":"Demon Form","floor":15,"key":"SMITH"},{"data":"Rage","floor":23,"key":"SMITH"},{"data":"Barricade","floor":27,"key":"SMITH"},{"data":"Bash","floor":32,"key":"SMITH"},{"floor":49,"key":"RECALL"},{"floor":52,"key":"REST"}],"neow_cost":"PERCENT_DAMAGE","seed_source_timestamp":2369153547194077,"circlet_count":0,"master_deck":["Strike_R+1","Strike_R+1","Strike_R+1","Defend_R+1","Defend_R+1","Defend_R+1","Bash+1","Power Through","Pommel Strike","True Grit+1","Armaments+1","Cleave","Ghostly Armor","Demon Form+1","Anger","Havoc","Rage+1","Shrug It Off","Fiend Fire+1","Thunderclap+1","Barricade+1","Headbutt+1","Iron Wave+1","Sword Boomerang+1","Iron Wave+1","Dark Embrace","Clothesline+1","Pommel Strike+1","Feel No Pain","Whirlwind+1","Disarm","Iron Wave+1","Corruption+1","Iron Wave+1","Reaper+1","Feed+1","Entrench+1","Offering","Uppercut+1","Second Wind"],"relics":["Burning Blood","War Paint","Tiny Chest","Bottled Flame","Orichalcum","Odd Mushroom","Velvet Choker","Pocketwatch","Oddly Smooth Stone","Kunai","Bird Faced Urn","Matryoshka","Molten Egg 2","Fusion Hammer","Red Mask","Bag of Preparation","Whetstone","Centennial Puzzle","Dream Catcher","Dead Branch","Ice Cream","Potion Belt","Boot"],"potions_floor_usage":[6,12,24,30,41,42,54,55,55,55,55],"damage_taken":[{"damage":5,"enemies":"Small Slimes","floor":1,"turns":3},{"damage":1,"enemies":"2 Louse","floor":2,"turns":2},{"damage":1,"enemies":"Cultist","floor":5,"turns":3},{"damage":2,"enemies":"3 Sentries","floor":6,"turns":6},{"damage":32,"enemies":"Lagavulin","floor":8,"turns":9},{"damage":0,"enemies":"Blue Slaver","floor":10,"turns":5},{"damage":2,"enemies":"3 Sentries","floor":12,"turns":6},{"damage":4,"enemies":"3 Louse","floor":13,"turns":2},{"damage":1,"enemies":"The Mushroom Lair","floor":14,"turns":3},{"damage":8,"enemies":"Hexaghost","floor":16,"turns":9},{"damage":9,"enemies":"Shell Parasite","floor":18,"turns":6},{"damage":4,"enemies":"Chosen","floor":20,"turns":4},{"damage":8,"enemies":"Slavers","floor":24,"turns":5},{"damage":3,"enemies":"Shelled Parasite and Fungi","floor":25,"turns":5},{"damage":0,"enemies":"Gremlin Leader","floor":28,"turns":8},{"damage":0,"enemies":"Book of Stabbing","floor":30,"turns":3},{"damage":0,"enemies":"Centurion and Healer","floor":31,"turns":5},{"damage":35,"enemies":"Collector","floor":33,"turns":12},{"damage":0,"enemies":"Orb Walker","floor":35,"turns":3},{"damage":0,"enemies":"3 Shapes","floor":36,"turns":6},{"damage":0,"enemies":"3 Darklings","floor":37,"turns":6},{"damage":0,"enemies":"Nemesis","floor":40,"turns":11},{"damage":8,"enemies":"Jaw Worm Horde","floor":41,"turns":4},{"damage":0,"enemies":"Giant Head","floor":42,"turns":10},{"damage":12,"enemies":"Maw","floor":44,"turns":7},{"damage":19,"enemies":"Reptomancer","floor":45,"turns":6},{"damage":2,"enemies":"Writhing Mass","floor":46,"turns":7},{"damage":0,"enemies":"Mind Bloom Boss Battle","floor":47,"turns":13},{"damage":0,"enemies":"Nemesis","floor":48,"turns":9},{"damage":18,"enemies":"Awakened One","floor":50,"turns":14},{"damage":37,"enemies":"Shield and Spear","floor":54,"turns":10},{"damage":12,"enemies":"The Heart","floor":55,"turns":10}],"seed_played":"-7838230437650910349","potions_obtained":[{"floor":1,"key":"Fire Potion"},{"floor":2,"key":"Explosive Potion"},{"floor":8,"key":"EssenceOfSteel"},{"floor":10,"key":"Energy Potion"},{"floor":24,"key":"LiquidBronze"},{"floor":25,"key":"EssenceOfSteel"},{"floor":31,"key":"SpeedPotion"},{"floor":37,"key":"Dexterity Potion"},{"floor":40,"key":"Explosive Potion"},{"floor":41,"key":"Weak Potion"},{"floor":47,"key":"Energy Potion"},{"floor":48,"key":"SkillPotion"}],"is_trial":false,"path_per_floor":["M","M","?","$","M","E","R","E","T","M","?","E","M","?","R","B",null,"M","?","M","$","?","R","E","M","T","R","E","?","E","M","R","B",null,"M","M","M","$","?","E","M","E","T","M","E","M","?","E","R","B",null,"R","$","E","B",null],"character_chosen":"IRONCLAD","items_purchased":["True Grit","Armaments","War Paint","Pocketwatch","Feel No Pain","Whirlwind+1","Disarm","Iron Wave+1","Uppercut+1","Dexterity Potion"],"campfire_rested":1,"item_purchase_floors":[4,4,4,21,38,38,38,38,53,53],"current_hp_per_floor":[57,62,46,46,51,55,55,29,29,35,35,39,41,46,46,44,80,77,77,79,79,79,79,77,80,80,80,80,80,80,80,80,53,80,80,80,80,80,80,80,80,80,80,74,80,80,84,88,88,92,92,92,92,73,95],"gold":101,"neow_bonus":"TWO_FIFTY_GOLD","is_prod":false,"is_daily":false,"chose_seed":false,"campfire_upgraded":5,"win_rate":0,"timestamp":1554717897,"path_taken":["M","M","?","$","M","E","R","E","T","M","?","E","M","?","R","BOSS","M","?","?","$","?","R","E","M","T","R","E","?","E","M","R","BOSS","M","M","?","?","?","E","M","E","T","?","E","M","?","E","R","BOSS","R","$","E","BOSS"],"build_version":"2019-04-04","purchased_purges":3,"victory":true,"max_hp_per_floor":[80,80,80,80,80,80,80,80,80,80,80,80,80,80,80,80,80,80,80,80,80,80,80,80,80,80,80,80,80,80,80,80,80,80,80,80,80,80,80,80,80,80,80,80,80,80,84,88,88,92,92,92,92,96,96],"card_choices":[{"not_picked":["Heavy Blade","Reckless Charge"],"picked":"Power Through","floor":1},{"not_picked":["Clash","Second Wind"],"picked":"Pommel Strike","floor":2},{"not_picked":["Pommel Strike","Headbutt"],"picked":"Cleave","floor":5},{"not_picked":["Feel No Pain","Thunderclap"],"picked":"Ghostly Armor","floor":6},{"not_picked":["Anger","Pommel Strike"],"picked":"Demon Form","floor":8},{"not_picked":["Armaments","Body Slam"],"picked":"Anger","floor":10},{"not_picked":["Clash","Sentinel"],"picked":"Havoc","floor":12},{"not_picked":["Flex","Fire Breathing"],"picked":"Rage","floor":13},{"not_picked":["Wild Strike","Headbutt"],"picked":"Shrug It Off","floor":14},{"not_picked":["Bludgeon","Exhume"],"picked":"Fiend Fire","floor":16},{"not_picked":["Blood for Blood","Hemokinesis+1","Perfected Strike+1"],"picked":"SKIP","floor":18},{"not_picked":["Clothesline","Iron Wave"],"picked":"Thunderclap+1","floor":20},{"not_picked":["Dual Wield+1","Clothesline"],"picked":"Barricade","floor":24},{"not_picked":["Heavy Blade","Rampage"],"picked":"Headbutt+1","floor":25},{"not_picked":["Carnage","Clash"],"picked":"Iron Wave+1","floor":28},{"not_picked":["Second Wind","Hemokinesis"],"picked":"Sword Boomerang","floor":30},{"not_picked":["Dual Wield","Thunderclap+1"],"picked":"Iron Wave+1","floor":31},{"not_picked":["Juggernaut","Exhume"],"picked":"Dark Embrace","floor":33},{"not_picked":["Sword Boomerang+1","Pommel Strike+1"],"picked":"Clothesline+1","floor":35},{"not_picked":["Thunderclap+1","Wild Strike+1"],"picked":"Pommel Strike+1","floor":36},{"not_picked":["Armaments+1","Wild Strike+1","Rage"],"picked":"SKIP","floor":37},{"not_picked":["Rage+1","Clothesline+1"],"picked":"Corruption+1","floor":40},{"not_picked":["Twin Strike+1","Flex+1","Wild Strike+1"],"picked":"SKIP","floor":41},{"not_picked":["Clothesline+1","Battle Trance"],"picked":"Iron Wave+1","floor":42},{"not_picked":["Havoc+1","Corruption"],"picked":"Reaper+1","floor":44},{"not_picked":["Pommel Strike+1","Dual Wield"],"picked":"Feed+1","floor":45},{"not_picked":["Cleave+1","True Grit+1"],"picked":"Entrench+1","floor":46},{"not_picked":["Wild Strike+1","Warcry+1"],"picked":"Offering","floor":48},{"not_picked":["Wild Strike+1","Dark Embrace"],"picked":"Second Wind","floor":54}],"player_experience":5208547,"relics_obtained":[{"floor":6,"key":"Tiny Chest"},{"floor":8,"key":"Bottled Flame"},{"floor":12,"key":"Orichalcum"},{"floor":14,"key":"Odd Mushroom"},{"floor":24,"key":"Oddly Smooth Stone"},{"floor":26,"key":"Kunai"},{"floor":28,"key":"Bird Faced Urn"},{"floor":30,"key":"Molten Egg 2"},{"floor":40,"key":"Bag of Preparation"},{"floor":42,"key":"Whetstone"},{"floor":43,"key":"Centennial Puzzle"},{"floor":43,"key":"Dream Catcher"},{"floor":45,"key":"Dead Branch"},{"floor":47,"key":"Ice Cream"},{"floor":48,"key":"Potion Belt"},{"floor":54,"key":"Boot"}],"event_choices":[{"damage_healed":0,"gold_gain":0,"player_choice":"Entered Light","damage_taken":16,"max_hp_gain":0,"max_hp_loss":0,"event_name":"Shining Light","floor":3,"gold_loss":0,"cards_upgraded":["Strike_R","Defend_R"]},{"damage_healed":0,"gold_gain":0,"player_choice":"Grow","damage_taken":0,"max_hp_gain":0,"max_hp_loss":0,"event_name":"Living Wall","floor":11,"gold_loss":0,"cards_upgraded":["True Grit"]},{"damage_healed":0,"gold_gain":0,"player_choice":"Fought Mushrooms","damage_taken":0,"max_hp_gain":0,"max_hp_loss":0,"event_name":"Mushrooms","floor":14,"gold_loss":0},{"damage_healed":0,"gold_gain":0,"player_choice":"Upgraded","damage_taken":0,"max_hp_gain":0,"max_hp_loss":0,"event_name":"Upgrade Shrine","floor":19,"gold_loss":0,"cards_upgraded":["Fiend Fire"]},{"damage_healed":0,"gold_gain":99,"player_choice":"Stole From Cult","damage_taken":0,"max_hp_gain":0,"max_hp_loss":0,"event_name":"Nest","floor":22,"gold_loss":0},{"damage_healed":0,"gold_gain":0,"player_choice":"Gave Potion","damage_taken":0,"relics_obtained":["Matryoshka"],"max_hp_gain":0,"max_hp_loss":0,"event_name":"WeMeetAgain","floor":29,"gold_loss":0},{"damage_healed":0,"gold_gain":0,"player_choice":"Paid","damage_taken":0,"relics_obtained":["Red Mask"],"max_hp_gain":0,"max_hp_loss":0,"event_name":"Tomb of Lord Red Mask","floor":39,"gold_loss":92},{"damage_healed":0,"gold_gain":0,"player_choice":"Fight","damage_taken":0,"max_hp_gain":0,"max_hp_loss":0,"event_name":"MindBloom","floor":47,"gold_loss":0}],"is_beta":true,"boss_relics":[{"not_picked":["Orrery","Coffee Dripper"],"picked":"Velvet Choker"},{"not_picked":["Runic Pyramid","Philosopher\u0027s Stone"],"picked":"Fusion Hammer"}],"items_purged_floors":[4,38,53],"is_endless":false,"potions_floor_spawned":[1,2,8,10,24,25,31,37,40,41,47,48],"ascension_level":1}