{"gold_per_floor":[113,113,113,42,52,52,87,145,145,172,184,46,73,93,93,195,195,215,215,232,244,26,26,43,55,80,112,112,124,153,169,169,273,273,283,283,293,87,102,136,151,501,549,565,565,565,585,160,160,160,160,160,14,45,45],"floor_reached":56,"playtime":3576,"items_purged":["Defend_G","Strike_G","Strike_G","Strike_G"],"score":1404,"play_id":"3610076c-a295-4000-8960-b53602d34c2c","local_time":"20190325181115","is_ascension_mode":false,"campfire_choices":[{"data":"Crippling Poison","floor":6,"key":"SMITH"},{"floor":11,"key":"REST"},{"data":"Predator","floor":15,"key":"SMITH"},{"data":"Neutralize","floor":23,"key":"SMITH"},{"data":"Calculated Gamble","floor":32,"key":"SMITH"},{"floor":45,"key":"RECALL"},{"data":"Catalyst","floor":49,"key":"SMITH"},{"data":"Deadly Poison","floor":52,"key":"SMITH"}],"neow_cost":"NONE","seed_source_timestamp":372010530018913,"circlet_count":0,"master_deck":["Defend_G","Defend_G+1","Defend_G+1","Defend_G","Survivor","Neutralize+1","Predator+1","Crippling Poison+1","Footwork+1","Backflip","Deflect","Blur","After Image+1","Caltrops+1","Dagger Throw","Dodge and Roll","Adrenaline+1","Blade Dance+1","PiercingWail","Well Laid Plans+1","Calculated Gamble+1","Quick Slash","Poisoned Stab+1","A Thousand Cuts+1","Escape Plan","Noxious Fumes+1","Bullet Time","Backflip","Deadly Poison+1","Catalyst+1","Acrobatics","Acrobatics+1","Backstab","Prepared+1","Caltrops+1","Noxious Fumes+1"],"relics":["Ring of the Snake","Frozen Egg 2","Matryoshka","Tough Bandages","MawBank","Pantograph","Snake Skull","Coffee Dripper","Ancient Tea Set","Art of War","Ginger","Unceasing Top","Empty Cage","Pen Nib","Old Coin","Dodecahedron","Happy Flower","Boot"],"potions_floor_usage":[7,8,40,42,55,55,55],"damage_taken":[{"damage":0,"enemies":"2 Louse","floor":1,"turns":3},{"damage":0,"enemies":"Jaw Worm","floor":5,"turns":3},{"damage":19,"enemies":"3 Sentries","floor":7,"turns":11},{"damage":13,"enemies":"Gremlin Nob","floor":8,"turns":5},{"damage":0,"enemies":"Small Slimes","floor":10,"turns":4},{"damage":0,"enemies":"Gremlin Nob","floor":13,"turns":6},{"damage":0,"enemies":"Exordium Wildlife","floor":14,"turns":4},{"damage":10,"enemies":"Slime Boss","floor":16,"turns":18},{"damage":0,"enemies":"Chosen","floor":18,"turns":5},{"damage":1,"enemies":"2 Thieves","floor":20,"turns":4},{"damage":0,"enemies":"Cultist and Chosen","floor":21,"turns":7},{"damage":0,"enemies":"3 Cultists","floor":24,"turns":5},{"damage":0,"enemies":"Snake Plant","floor":25,"turns":4},{"damage":0,"enemies":"Book of Stabbing","floor":27,"turns":5},{"damage":0,"enemies":"Centurion and Healer","floor":29,"turns":4},{"damage":0,"enemies":"Slavers","floor":30,"turns":4},{"damage":0,"enemies":"Sentry and Sphere","floor":31,"turns":3},{"damage":0,"enemies":"Automaton","floor":33,"turns":8},{"damage":1,"enemies":"3 Darklings","floor":35,"turns":4},{"damage":0,"enemies":"Orb Walker","floor":37,"turns":4},{"damage":0,"enemies":"4 Shapes","floor":39,"turns":3},{"damage":4,"enemies":"Nemesis","floor":40,"turns":9},{"damage":0,"enemies":"Sphere and 2 Shapes","floor":41,"turns":4},{"damage":5,"enemies":"2 Orb Walkers","floor":42,"turns":5},{"damage":0,"enemies":"Spire Growth","floor":44,"turns":4},{"damage":7,"enemies":"Jaw Worm Horde","floor":47,"turns":3},{"damage":4,"enemies":"Time Eater","floor":50,"turns":11},{"damage":0,"enemies":"Shield and Spear","floor":54,"turns":5},{"damage":27,"enemies":"The Heart","floor":55,"turns":7}],"seed_played":"8977211666943301907","potions_obtained":[{"floor":1,"key":"LiquidBronze"},{"floor":5,"key":"LiquidBronze"},{"floor":8,"key":"Dexterity Potion"},{"floor":14,"key":"Swift Potion"},{"floor":24,"key":"Regen Potion"},{"floor":42,"key":"Ancient Potion"},{"floor":54,"key":"EssenceOfSteel"}],"is_trial":false,"path_per_floor":["M","?","?","$","M","R","E","?","T","M","R","$","E","M","R","B",null,"M","?","M","M","$","R","M","M","T","E","?","M","E","M","R","B",null,"M","?","M","$","M","E","M","?","T","M","R","?","M","$","R","B",null,"R","$","E","B",null],"character_chosen":"THE_SILENT","items_purchased":["Footwork+1","Caltrops+1","Calculated Gamble","Quick Slash","Catalyst","Dodecahedron","Noxious Fumes+1","Happy Flower"],"campfire_rested":1,"item_purchase_floors":[4,12,22,22,38,48,48,53],"current_hp_per_floor":[70,56,38,38,38,38,19,6,6,6,27,27,27,27,27,42,70,70,70,69,69,69,69,69,69,69,69,56,56,56,56,56,75,75,74,74,74,74,74,70,70,75,75,75,75,75,68,68,68,71,75,75,75,75,48],"gold":45,"neow_bonus":"THREE_CARDS","is_prod":false,"is_daily":false,"chose_seed":false,"campfire_upgraded":6,"win_rate":0,"timestamp":1553537475,"path_taken":["M","?","?","?","M","R","E","?","T","M","R","$","E","M","R","BOSS","M","?","M","M","$","R","M","M","T","E","?","M","E","M","R","BOSS","M","?","?","$","M","E","M","?","T","M","R","?","?","$","R","BOSS","R","$","E","BOSS"],"build_version":"2019-03-15","purchased_purges":4,"victory":true,"max_hp_per_floor":[70,70,70,70,70,70,70,70,70,70,70,70,70,70,70,70,70,70,70,70,70,70,70,70,70,70,70,75,75,75,75,75,75,75,75,75,75,75,75,75,75,75,75,75,75,75,75,75,75,75,75,75,75,75,75],"card_choices":[{"not_picked":["PiercingWail","Bane"],"picked":"Predator","floor":0},{"not_picked":["Distraction","Backflip"],"picked":"Crippling Poison","floor":1},{"not_picked":["Underhanded Strike","Sucker Punch"],"picked":"Backflip","floor":5},{"not_picked":["Backflip","Acrobatics"],"picked":"Deflect","floor":7},{"not_picked":["Deflect","Bane"],"picked":"Blur","floor":8},{"not_picked":["Blade Dance","Backflip"],"picked":"After Image+1","floor":10},{"not_picked":["Sucker Punch","Blade Dance"],"picked":"Dagger Throw","floor":13},{"not_picked":["Blade Dance","PiercingWail"],"picked":"Dodge and Roll","floor":14},{"not_picked":["Venomology","Glass Knife"],"picked":"Adrenaline","floor":16},{"not_picked":["Footwork+1","PiercingWail+1"],"picked":"Blade Dance+1","floor":18},{"not_picked":["Concentrate","Predator"],"picked":"PiercingWail","floor":20},{"not_picked":["Bane+1","Backstab"],"picked":"Well Laid Plans+1","floor":21},{"not_picked":["Sucker Punch+1","Bane"],"picked":"Poisoned Stab+1","floor":24},{"not_picked":["Underhanded Strike","Poisoned Stab","Leg Sweep"],"picked":"SKIP","floor":25},{"not_picked":["Footwork+1","Backstab"],"picked":"A Thousand Cuts+1","floor":27},{"not_picked":["Dodge and Roll","Quick Slash"],"picked":"Escape Plan","floor":29},{"not_picked":["Well Laid Plans+1","Masterful Stab","Caltrops+1"],"picked":"SKIP","floor":30},{"not_picked":["Masterful Stab","Sucker Punch"],"picked":"Noxious Fumes+1","floor":31},{"not_picked":["Glass Knife","Doppelganger"],"picked":"Bullet Time","floor":33},{"not_picked":["Calculated Gamble","Distraction"],"picked":"Backflip","floor":35},{"not_picked":["Crippling Poison","Noxious Fumes+1"],"picked":"Deadly Poison","floor":37},{"not_picked":["Sucker Punch","Dagger Spray+1","Deadly Poison"],"picked":"SKIP","floor":39},{"not_picked":["PiercingWail+1","Adrenaline"],"picked":"Acrobatics","floor":40},{"not_picked":["PiercingWail+1","Riddle With Holes+1"],"picked":"Acrobatics+1","floor":41},{"not_picked":["Riddle With Holes","Dagger Throw"],"picked":"Backstab","floor":42},{"not_picked":["Dodge and Roll","All Out Attack"],"picked":"Prepared+1","floor":44},{"not_picked":["Poisoned Stab","Quick Slash"],"picked":"Caltrops+1","floor":47},{"not_picked":["Grand Finale","Leg Sweep","Flying Knee+1"],"picked":"SKIP","floor":54}],"player_experience":1141471,"relics_obtained":[{"floor":7,"key":"Matryoshka"},{"floor":8,"key":"Tough Bandages"},{"floor":9,"key":"MawBank"},{"floor":9,"key":"Pantograph"},{"floor":13,"key":"Snake Skull"},{"floor":26,"key":"Ancient Tea Set"},{"floor":26,"key":"Art of War"},{"floor":27,"key":"Ginger"},{"floor":30,"key":"Unceasing Top"},{"floor":40,"key":"Pen Nib"},{"floor":42,"key":"Old Coin"},{"floor":54,"key":"Boot"}],"event_choices":[{"damage_healed":0,"gold_gain":0,"player_choice":"Entered Light","damage_taken":14,"max_hp_gain":0,"max_hp_loss":0,"event_name":"Shining Light","floor":2,"gold_loss":0,"cards_upgraded":["Defend_G","Defend_G"]},{"damage_healed":0,"gold_gain":0,"player_choice":"Success","damage_taken":18,"relics_obtained":["Frozen Egg 2"],"max_hp_gain":0,"max_hp_loss":0,"event_name":"Scrap Ooze","floor":3,"gold_loss":0},{"damage_healed":0,"gold_gain":0,"player_choice":"Searched \u00271\u0027 times","damage_taken":0,"max_hp_gain":0,"max_hp_loss":0,"event_name":"Dead Adventurer","floor":8,"gold_loss":0},{"damage_healed":0,"gold_gain":0,"player_choice":"Ignored","damage_taken":0,"max_hp_gain":0,"max_hp_loss":0,"event_name":"Ghosts","floor":19,"gold_loss":0},{"damage_healed":0,"gold_gain":0,"player_choice":"Shed Blood","damage_taken":18,"max_hp_gain":5,"max_hp_loss":0,"event_name":"Forgotten Altar","floor":28,"gold_loss":0},{"damage_healed":0,"gold_gain":0,"player_choice":"Upgraded","damage_taken":0,"max_hp_gain":0,"max_hp_loss":0,"event_name":"Upgrade Shrine","floor":36,"gold_loss":0,"cards_upgraded":["Adrenaline"]},{"damage_healed":0,"gold_gain":0,"player_choice":"Fight","damage_taken":0,"max_hp_gain":0,"max_hp_loss":0,"event_name":"Mysterious Sphere","floor":42,"gold_loss":0},{"damage_healed":0,"gold_gain":0,"player_choice":"0 cards matched","damage_taken":0,"max_hp_gain":0,"max_hp_loss":0,"event_name":"Match and Keep!","floor":46,"gold_loss":0,"cards_obtained":[]}],"is_beta":true,"boss_relics":[{"not_picked":["Snecko Eye","Ectoplasm"],"picked":"Coffee Dripper"},{"not_picked":["Velvet Choker","Runic Pyramid"],"picked":"Empty Cage"}],"items_purged_floors":[12,22,38,48],"is_endless":false,"potions_floor_spawned":[1,5,8,14,24,25,35,42,54],"ascension_level":0}