{"gold_per_floor":[116,116,129,16,34,34,60,60,60,75,75,99,142,158,158,288,288,272,272,285,28,28,28,28,28,102,102,102,102],"floor_reached":29,"playtime":1048,"items_purged":[],"score":376,"play_id":"afb895f0-3d10-4c8a-ab0d-908f92c4b7ff","local_time":"20190502140822","is_ascension_mode":true,"campfire_choices":[{"data":"Whirlwind","floor":6,"key":"SMITH"},{"data":"Rage","floor":8,"key":"SMITH"},{"data":"Feed","floor":15,"key":"SMITH"},{"floor":23,"key":"REST"}],"neow_cost":"NONE","seed_source_timestamp":1725101785709500,"circlet_count":0,"master_deck":["Strike_R","Strike_R","Strike_R","Strike_R","Defend_R","Defend_R","Defend_R","Defend_R","Bash","Feed+1","Anger","Shrug It Off","Rage+1","Whirlwind+1","Rampage","Spot Weakness","Headbutt","Injury","Intimidate","Feed+1","Shrug It Off","Juggernaut","Headbutt","Finesse"],"relics":["Burning Blood","Gambling Chip","Ice Cream","Bloody Idol","Boot","Black Star","Membership Card","PreservedInsect"],"potions_floor_usage":[7,10,16,19,24,29],"damage_taken":[{"damage":18,"enemies":"Jaw Worm","floor":1,"turns":5},{"damage":6,"enemies":"2 Louse","floor":3,"turns":3},{"damage":0,"enemies":"Small Slimes","floor":5,"turns":3},{"damage":3,"enemies":"3 Sentries","floor":7,"turns":5},{"damage":0,"enemies":"Red Slaver","floor":10,"turns":3},{"damage":2,"enemies":"2 Fungi Beasts","floor":12,"turns":3},{"damage":26,"enemies":"Gremlin Nob","floor":13,"turns":4},{"damage":0,"enemies":"Blue Slaver","floor":14,"turns":2},{"damage":38,"enemies":"The Guardian","floor":16,"turns":11},{"damage":19,"enemies":"2 Thieves","floor":18,"turns":4},{"damage":73,"enemies":"Colosseum Slavers","floor":19,"turns":6},{"damage":26,"enemies":"Shell Parasite","floor":20,"turns":8},{"damage":0,"enemies":"Gremlin Leader","floor":24,"turns":2},{"damage":81,"enemies":"Book of Stabbing","floor":29,"turns":6}],"seed_played":"-3915410660983633617","potions_obtained":[{"floor":1,"key":"Explosive Potion"},{"floor":5,"key":"SteroidPotion"},{"floor":7,"key":"Block Potion"},{"floor":12,"key":"SmokeBomb"},{"floor":14,"key":"Strength Potion"},{"floor":20,"key":"SpeedPotion"}],"is_trial":false,"path_per_floor":["M","?","M","$","M","R","E","R","T","M","?","M","E","M","R","B",null,"M","?","M","$","?","R","E","?","T","?","T","E"],"character_chosen":"IRONCLAD","items_purchased":["Rage","Whirlwind","Membership Card","Finesse"],"campfire_rested":1,"item_purchase_floors":[4,4,21,21],"current_hp_per_floor":[63,63,67,67,77,77,84,84,84,94,94,102,86,96,96,68,103,94,35,15,15,15,53,59,59,64,64,64,0],"gold":102,"neow_bonus":"TRANSFORM_CARD","is_prod":false,"is_daily":false,"chose_seed":false,"campfire_upgraded":3,"win_rate":0,"timestamp":1556820502,"path_taken":["M","?","M","$","M","R","E","R","T","M","?","M","E","M","R","BOSS","M","?","M","$","?","R","E","?","T","?","?","E"],"build_version":"2019-01-23","purchased_purges":0,"victory":false,"max_hp_per_floor":[83,83,87,87,91,91,95,95,95,99,99,103,107,111,111,115,115,119,127,127,127,127,127,127,127,127,127,127,127],"card_choices":[{"not_picked":["Corruption","Headbutt"],"picked":"Anger","floor":1},{"not_picked":["Heavy Blade","Body Slam"],"picked":"Shrug It Off","floor":3},{"not_picked":["Clothesline","Metallicize"],"picked":"Rampage","floor":5},{"not_picked":["Sword Boomerang","Thunderclap"],"picked":"Spot Weakness","floor":7},{"not_picked":["Perfected Strike","Shockwave"],"picked":"Headbutt","floor":10},{"not_picked":["Heavy Blade","Havoc"],"picked":"Intimidate","floor":12},{"not_picked":["Armaments","Perfected Strike"],"picked":"Feed","floor":13},{"not_picked":["Clash","Heavy Blade"],"picked":"Shrug It Off","floor":14},{"not_picked":["Dark Embrace","Immolate"],"picked":"Juggernaut","floor":16},{"not_picked":["Dropkick","Havoc","Burning Pact"],"picked":"SKIP","floor":18},{"not_picked":["Armaments","Uppercut+1"],"picked":"Headbutt","floor":20}],"player_experience":134574,"relics_obtained":[{"floor":7,"key":"Gambling Chip"},{"floor":9,"key":"Ice Cream"},{"floor":13,"key":"Boot"},{"floor":28,"key":"PreservedInsect"}],"event_choices":[{"damage_healed":0,"gold_gain":0,"player_choice":"Grow","damage_taken":0,"max_hp_gain":0,"max_hp_loss":0,"event_name":"Living Wall","floor":2,"gold_loss":0,"cards_upgraded":["Feed"]},{"damage_healed":0,"gold_gain":0,"player_choice":"Take Wound","damage_taken":0,"relics_obtained":["Golden Idol"],"max_hp_gain":0,"max_hp_loss":0,"event_name":"Golden Idol","floor":11,"gold_loss":0,"cards_obtained":["Injury"]},{"damage_healed":0,"gold_gain":0,"player_choice":"Fight","damage_taken":0,"max_hp_gain":0,"max_hp_loss":0,"event_name":"Colosseum","floor":19,"gold_loss":0},{"damage_healed":0,"gold_gain":0,"player_choice":"Fled From Nobs","damage_taken":0,"max_hp_gain":0,"max_hp_loss":0,"event_name":"Colosseum","floor":19,"gold_loss":0},{"damage_healed":0,"gold_gain":0,"player_choice":"Ignored","damage_taken":0,"max_hp_gain":0,"max_hp_loss":0,"event_name":"Vampires","floor":22,"gold_loss":0},{"damage_healed":0,"gold_gain":0,"player_choice":"Gave Idol","damage_taken":0,"relics_obtained":["Bloody Idol"],"max_hp_gain":0,"max_hp_loss":0,"event_name":"Forgotten Altar","floor":25,"relics_lost":["Golden Idol"],"gold_loss":0},{"damage_healed":0,"gold_gain":0,"player_choice":"Ignored","damage_taken":0,"max_hp_gain":0,"max_hp_loss":0,"event_name":"Ghosts","floor":27,"gold_loss":0}],"is_beta":false,"boss_relics":[{"not_picked":["Cursed Key","Philosopher\u0027s Stone"],"picked":"Black Star"}],"items_purged_floors":[],"is_endless":false,"potions_floor_spawned":[1,5,7,12,14,20],"killed_by":"Book of Stabbing","ascension_level":6}