{"gold_per_floor":[114,114,114,65,65,65,99,99,99,112,124,152,13,45,45,142,142,142,102,42,42,42,42,42,42,42,42,42,42,42,42,42,42],"floor_reached":33,"playtime":1279,"items_purged":[],"score":396,"play_id":"30ad5c90-afac-4f08-b4f6-65de2969d9e7","local_time":"20190102141522","is_ascension_mode":true,"campfire_choices":[{"data":"Dodge and Roll","floor":6,"key":"SMITH"},{"data":"Terror","floor":8,"key":"SMITH"},{"floor":15,"key":"REST"},{"floor":24,"key":"REST"},{"floor":27,"key":"REST"},{"floor":29,"key":"REST"},{"floor":32,"key":"REST"}],"neow_cost":"NONE","seed_source_timestamp":1013858879550719,"circlet_count":0,"master_deck":["Defend_G","Defend_G+1","Defend_G","Defend_G","Defend_G","Strike_G","Strike_G","Strike_G+1","Strike_G","Strike_G+1","Survivor+1","Neutralize","Bouncing Flask+1","Dodge and Roll+1","Terror+1","Finisher","Infinite Blades","Bouncing Flask","Noxious Fumes","Dash","Poisoned Stab","Envenom","Cloak And Dagger","Backstab","Backstab","Cloak And Dagger+1","Caltrops","Backflip","Doppelganger","Blur+1"],"relics":["Ring of the Snake","NeowsBlessing","Unceasing Top","War Paint","Darkstone Periapt","Potion Belt","Ectoplasm","MawBank","Bottled Flame"],"potions_floor_usage":[11,12,23,23,23,25,28,33,33,33,33],"damage_taken":[{"damage":0,"enemies":"2 Louse","floor":1,"turns":1},{"damage":0,"enemies":"Lagavulin","floor":7,"turns":1},{"damage":0,"enemies":"Small Slimes","floor":10,"turns":2},{"damage":2,"enemies":"Jaw Worm","floor":11,"turns":4},{"damage":15,"enemies":"3 Sentries","floor":12,"turns":7},{"damage":7,"enemies":"Gremlin Nob","floor":14,"turns":3},{"damage":28,"enemies":"Hexaghost","floor":16,"turns":7},{"damage":16,"enemies":"Shell Parasite","floor":18,"turns":4},{"damage":11,"enemies":"2 Thieves","floor":20,"turns":5},{"damage":13,"enemies":"Centurion and Healer","floor":21,"turns":6},{"damage":21,"enemies":"Shelled Parasite and Fungi","floor":22,"turns":5},{"damage":5,"enemies":"Book of Stabbing","floor":23,"turns":4},{"damage":0,"enemies":"Slavers","floor":25,"turns":1},{"damage":26,"enemies":"3 Cultists","floor":28,"turns":4},{"damage":9,"enemies":"Snecko","floor":30,"turns":5},{"damage":4,"enemies":"Centurion and Healer","floor":31,"turns":5},{"damage":72,"enemies":"Collector","floor":33,"turns":7}],"seed_played":"-1436226641388015735","potions_obtained":[{"floor":1,"key":"Weak Potion"},{"floor":10,"key":"AttackPotion"},{"floor":18,"key":"Strength Potion"},{"floor":19,"key":"GhostInAJar"},{"floor":19,"key":"SmokeBomb"},{"floor":19,"key":"EntropicBrew"},{"floor":22,"key":"PowerPotion"},{"floor":31,"key":"PowerPotion"}],"is_trial":false,"path_per_floor":["M","?","?","$","?","R","E","R","T","M","M","E","$","E","R","B",null,"M","?","M","M","M","E","R","E","T","R","M","R","M","M","R","B"],"character_chosen":"THE_SILENT","items_purchased":["Dodge and Roll","Noxious Fumes","Dash"],"campfire_rested":5,"item_purchase_floors":[4,13,13],"current_hp_per_floor":[70,70,56,56,56,56,56,56,56,56,54,39,39,32,53,25,70,54,54,43,30,9,4,25,25,25,46,20,41,32,28,49,0],"gold":42,"neow_bonus":"THREE_ENEMY_KILL","is_prod":false,"is_daily":false,"chose_seed":false,"campfire_upgraded":2,"win_rate":0,"timestamp":1546449322,"path_taken":["M","?","?","$","?","R","E","R","T","M","M","E","?","E","R","BOSS","M","?","?","M","M","E","R","E","T","R","M","R","M","M","R","BOSS"],"build_version":"2018-12-20","purchased_purges":0,"victory":false,"max_hp_per_floor":[70,70,70,70,70,70,70,70,70,70,70,70,70,70,70,70,70,70,70,70,70,70,70,70,70,70,70,70,70,70,70,70,70],"card_choices":[{"not_picked":["Reflex","Calculated Gamble"],"picked":"Bouncing Flask","floor":1},{"not_picked":["Expertise","Outmaneuver"],"picked":"Terror","floor":7},{"not_picked":["Acrobatics","Backflip"],"picked":"Finisher","floor":10},{"not_picked":["Dagger Spray","Dagger Throw"],"picked":"Infinite Blades","floor":11},{"not_picked":["Setup","Choke"],"picked":"Bouncing Flask","floor":12},{"not_picked":["Backflip","Underhanded Strike"],"picked":"Poisoned Stab","floor":14},{"not_picked":["After Image","Glass Knife"],"picked":"Envenom","floor":16},{"not_picked":["Acrobatics","Dodge and Roll"],"picked":"Cloak And Dagger","floor":18},{"not_picked":["Crippling Poison","Flying Knee"],"picked":"Backstab","floor":20},{"not_picked":["Dash","Expertise"],"picked":"Backstab","floor":21},{"not_picked":["Heel Hook+1","Outmaneuver"],"picked":"Cloak And Dagger+1","floor":22},{"not_picked":["Bouncing Flask+1","Acrobatics"],"picked":"Caltrops","floor":23},{"not_picked":["Poisoned Stab","Terror"],"picked":"Backflip","floor":28},{"not_picked":["Underhanded Strike+1","Leg Sweep"],"picked":"Doppelganger","floor":30},{"not_picked":["Sucker Punch","Calculated Gamble"],"picked":"Blur+1","floor":31}],"player_experience":604420,"relics_obtained":[{"floor":7,"key":"Unceasing Top"},{"floor":9,"key":"War Paint"},{"floor":12,"key":"Darkstone Periapt"},{"floor":14,"key":"Potion Belt"},{"floor":23,"key":"MawBank"},{"floor":26,"key":"Bottled Flame"}],"event_choices":[{"damage_healed":0,"gold_gain":0,"player_choice":"Grow","damage_taken":0,"max_hp_gain":0,"max_hp_loss":0,"event_name":"Living Wall","floor":2,"gold_loss":0,"cards_upgraded":["Bouncing Flask"]},{"damage_healed":0,"gold_gain":0,"player_choice":"Entered Light","damage_taken":14,"max_hp_gain":0,"max_hp_loss":0,"event_name":"Shining Light","floor":3,"gold_loss":0,"cards_upgraded":["Strike_G","Strike_G"]},{"damage_healed":0,"gold_gain":0,"player_choice":"Ignored","damage_taken":0,"max_hp_gain":0,"max_hp_loss":0,"event_name":"Golden Wing","floor":5,"gold_loss":0},{"damage_healed":0,"gold_gain":0,"player_choice":"Bought 3 Potions","damage_taken":0,"max_hp_gain":0,"max_hp_loss":0,"event_name":"The Woman in Blue","floor":19,"gold_loss":0}],"is_beta":false,"boss_relics":[{"not_picked":["Eternal Feather","Empty Cage"],"picked":"Ectoplasm"}],"items_purged_floors":[],"is_endless":false,"potions_floor_spawned":[1,10,18,22,25,31],"killed_by":"Collector","ascension_level":4}