{"path_per_floor":["M","?","?","M","M","R","E","?","T","E","R","$","R","M","R","B",null,"M","?","?","$","M","E","M","E","T","R","E","?","R","?","R"],"character_chosen":"THE_SILENT","items_purchased":["Tough Bandages","Underhanded Strike+1","Masterful Stab+1"],"gold_per_floor":[112,112,112,132,145,145,177,352,352,377,377,122,122,137,137,232,262,276,276,276,144,159,190,206,241,241,241,272,272,272,372,372,372],"floor_reached":33,"campfire_rested":5,"playtime":3017,"item_purchase_floors":[12,21,21],"current_hp_per_floor":[70,63,63,63,51,70,42,42,42,25,46,46,67,67,67,28,75,77,77,77,77,77,54,54,52,52,52,33,33,59,59,85,0],"items_purged":[],"gold":372,"score":365,"play_id":"31501904-78f5-42bb-b0f8-0353b584cb04","local_time":"20180609022434","is_prod":false,"is_daily":false,"chose_seed":false,"is_ascension_mode":true,"campfire_upgraded":2,"win_rate":0,"timestamp":1528521874,"campfire_choices":[{"floor":6,"key":"REST"},{"floor":11,"key":"REST"},{"floor":13,"key":"REST"},{"data":"Terror","floor":15,"key":"SMITH"},{"data":"Calculated Gamble","floor":27,"key":"SMITH"},{"floor":30,"key":"REST"},{"floor":32,"key":"REST"}],"path_taken":["M","?","?","M","?","R","E","?","T","E","R","$","R","M","R","BOSS","M","?","?","$","M","E","M","E","T","R","E","?","R","?","R","BOSS"],"build_version":"2018-06-07v3","seed_source_timestamp":363510380323027,"purchased_purges":0,"victory":false,"master_deck":["Defend_G+1","Defend_G","Defend_G","Defend_G","Defend_G","Strike_G","Strike_G","Strike_G","Strike_G","Strike_G","Survivor+1","Neutralize","Deflect","Terror+1","All Out Attack","Die Die Die+1","Doubt","Sucker Punch+1","Deflect","Storm of Steel","Underhanded Strike+1","Flying Knee+1","Underhanded Strike+1","Masterful Stab+1","Calculated Gamble+1","Storm of Steel","Underhanded Strike+1","Flying Knee+1","Predator+1"],"max_hp_per_floor":[70,70,70,70,70,70,70,70,70,70,70,70,70,70,70,70,75,80,80,80,80,80,87,87,87,87,87,87,87,87,87,87,87],"relics":["Ring of the Snake","Ginger","Molten Egg 2","Bottled Lightning","Tingsha","Tough Bandages","Tiny House","Strawberry","Juzu Bracelet","Art of War","Bag of Preparation"],"card_choices":[{"not_picked":["Cloak And Dagger","Reflex"],"picked":"Deflect","floor":1},{"not_picked":["Slice","Distraction"],"picked":"Terror","floor":4},{"not_picked":["Leg Sweep","Masterful Stab"],"picked":"All Out Attack","floor":5},{"not_picked":["Deflect","Dagger Throw"],"picked":"Die Die Die","floor":7},{"not_picked":["Terror","Backflip"],"picked":"Sucker Punch+1","floor":10},{"not_picked":["Slice+1","Malaise"],"picked":"Deflect","floor":14},{"not_picked":["Burst","A Thousand Cuts"],"picked":"Storm of Steel","floor":16},{"not_picked":["Footwork","Deflect"],"picked":"Underhanded Strike+1","floor":17},{"not_picked":["Setup","Burst"],"picked":"Flying Knee+1","floor":18},{"not_picked":["Sucker Punch+1","Catalyst"],"picked":"Calculated Gamble","floor":22},{"not_picked":["Blur","Deflect"],"picked":"Storm of Steel","floor":23},{"not_picked":["Slice+1","Acrobatics"],"picked":"Underhanded Strike+1","floor":24},{"not_picked":["Sucker Punch+1","Accuracy"],"picked":"Flying Knee+1","floor":25},{"not_picked":["Deflect","Masterful Stab+1"],"picked":"Predator+1","floor":28}],"player_experience":316591,"potions_floor_usage":[16,16,18,28,33,33,33],"damage_taken":[{"damage":0,"enemies":"Cultist","floor":1,"turns":5},{"damage":0,"enemies":"Small Slimes","floor":4,"turns":3},{"damage":12,"enemies":"Jaw Worm","floor":5,"turns":7},{"damage":28,"enemies":"Lagavulin","floor":7,"turns":8},{"damage":17,"enemies":"Gremlin Nob","floor":10,"turns":4},{"damage":0,"enemies":"Large Slime","floor":14,"turns":2},{"damage":39,"enemies":"Slime Boss","floor":16,"turns":10},{"damage":3,"enemies":"Shell Parasite","floor":18,"turns":5},{"damage":0,"enemies":"Chosen","floor":22,"turns":3},{"damage":30,"enemies":"Gremlin Leader","floor":23,"turns":7},{"damage":0,"enemies":"Snake Plant","floor":24,"turns":2},{"damage":2,"enemies":"Book of Stabbing","floor":25,"turns":4},{"damage":19,"enemies":"Gremlin Leader","floor":28,"turns":5},{"damage":86,"enemies":"Automaton","floor":33,"turns":10}],"relics_obtained":[{"floor":7,"key":"Molten Egg 2"},{"floor":9,"key":"Bottled Lightning"},{"floor":10,"key":"Tingsha"},{"floor":23,"key":"Strawberry"},{"floor":25,"key":"Juzu Bracelet"},{"floor":26,"key":"Art of War"},{"floor":28,"key":"Bag of Preparation"}],"event_choices":[{"event_name":"Scrap Ooze","player_choice":"success","floor":2,"damage_taken":7},{"event_name":"Wheel of Change","player_choice":"Curse","floor":3,"damage_taken":0},{"event_name":"Liars Game","player_choice":"agreed","floor":8,"damage_taken":0},{"event_name":"Wheel of Change","player_choice":"Card Removal","floor":19,"damage_taken":0},{"event_name":"Ghosts","player_choice":"Ignored","floor":20,"damage_taken":0},{"event_name":"The Lab","player_choice":"Got Potions","floor":29,"damage_taken":0},{"event_name":"Golden Shrine","player_choice":"Pray","floor":31,"damage_taken":0}],"boss_relics":[{"not_picked":["Pandora\u0027s Box","Philosopher\u0027s Stone"],"picked":"Tiny House"}],"items_purged_floors":[],"potions_floor_spawned":[10,14,16,18,23,24,28],"seed_played":"-707907026704631077","killed_by":"Automaton","ascension_level":2,"potions_obtained":[{"floor":10,"key":"GamblersBrew"},{"floor":14,"key":"Poison Potion"},{"floor":16,"key":"Weak Potion"},{"floor":17,"key":"Fruit Juice"},{"floor":18,"key":"LiquidBronze"},{"floor":23,"key":"GamblersBrew"},{"floor":24,"key":"EssenceOfSteel"},{"floor":28,"key":"Energy Potion"}],"is_trial":false}