{"gold_per_floor":[110,110,133,133,157,188,208,208,234,234,247,247,268,287,287,287],"floor_reached":16,"playtime":373,"items_purged":[],"score":140,"play_id":"ccab51d9-31ee-46cc-9d04-eee3302365af","local_time":"20190208170656","is_ascension_mode":true,"campfire_choices":[{"floor":10,"key":"REST"},{"data":"Corruption","floor":12,"key":"SMITH"},{"data":"Juggernaut","floor":15,"key":"SMITH"}],"neow_cost":"NONE","seed_source_timestamp":255618310820923,"circlet_count":0,"master_deck":["Strike_R","Strike_R","Strike_R","Strike_R","Strike_R","Defend_R","Defend_R","Defend_R","Defend_R","Bash","Juggernaut+1","Battle Trance","Injury","Combust","Impervious","Shrug It Off","Rage","Corruption+1","Cleave","Power Through"],"relics":["Burning Blood","Golden Idol","Boot","Art of War","Juzu Bracelet"],"potions_floor_usage":[6,7,16,16],"damage_taken":[{"damage":0,"enemies":"Small Slimes","floor":1,"turns":3},{"damage":14,"enemies":"Jaw Worm","floor":3,"turns":3},{"damage":3,"enemies":"Cultist","floor":5,"turns":3},{"damage":17,"enemies":"Lagavulin","floor":6,"turns":6},{"damage":52,"enemies":"Exordium Thugs","floor":7,"turns":7},{"damage":5,"enemies":"Looter","floor":11,"turns":4},{"damage":4,"enemies":"3 Louse","floor":13,"turns":3},{"damage":6,"enemies":"Red Slaver","floor":14,"turns":3},{"damage":53,"enemies":"The Guardian","floor":16,"turns":6}],"seed_played":"-5794767175674900248","potions_obtained":[{"floor":4,"key":"Fire Potion"},{"floor":4,"key":"FairyPotion"},{"floor":4,"key":"Swift Potion"},{"floor":6,"key":"EssenceOfSteel"},{"floor":7,"key":"Dexterity Potion"}],"is_trial":false,"path_per_floor":["M","?","M","?","M","E","M","T","T","R","M","R","M","M","R","B"],"character_chosen":"IRONCLAD","items_purchased":[],"campfire_rested":1,"item_purchase_floors":[],"current_hp_per_floor":[78,78,70,70,73,62,16,16,16,40,41,41,43,43,43,0],"gold":287,"neow_bonus":"ONE_RANDOM_RARE_CARD","is_prod":false,"is_daily":false,"chose_seed":false,"campfire_upgraded":2,"win_rate":0,"timestamp":1549656416,"path_taken":["M","?","M","?","?","E","M","?","T","R","M","R","M","M","R","BOSS"],"build_version":"2019-01-23","purchased_purges":0,"victory":false,"max_hp_per_floor":[80,80,80,80,80,80,80,80,80,80,80,80,80,80,80,80],"card_choices":[{"not_picked":["Shrug It Off","Cleave"],"picked":"Battle Trance","floor":1},{"not_picked":["Thunderclap","Iron Wave"],"picked":"Combust","floor":3},{"not_picked":["Havoc","Fire Breathing"],"picked":"Impervious","floor":5},{"not_picked":["Pummel","Feel No Pain"],"picked":"Shrug It Off","floor":6},{"not_picked":["Armaments","Disarm"],"picked":"Rage","floor":7},{"not_picked":["Cleave","True Grit"],"picked":"Corruption","floor":11},{"not_picked":["Anger","Twin Strike"],"picked":"Cleave","floor":13},{"not_picked":["Perfected Strike","Bloodletting"],"picked":"Power Through","floor":14}],"player_experience":740136,"relics_obtained":[{"floor":6,"key":"Boot"},{"floor":8,"key":"Art of War"},{"floor":9,"key":"Juzu Bracelet"}],"event_choices":[{"damage_healed":0,"gold_gain":0,"player_choice":"Take Wound","damage_taken":0,"relics_obtained":["Golden Idol"],"max_hp_gain":0,"max_hp_loss":0,"event_name":"Golden Idol","floor":2,"gold_loss":0,"cards_obtained":["Injury"]},{"damage_healed":0,"gold_gain":0,"player_choice":"Got Potions","damage_taken":0,"max_hp_gain":0,"max_hp_loss":0,"event_name":"Lab","floor":4,"gold_loss":0}],"is_beta":false,"boss_relics":[],"items_purged_floors":[],"is_endless":false,"potions_floor_spawned":[5,6,7],"killed_by":"The Guardian","ascension_level":7}