{"gold_per_floor":[111,121,121,43,43,69,69,86,111,34,53,53,65,65,65,161,161,171,181,181,96,31,31],"floor_reached":23,"playtime":990,"items_purged":[],"score":239,"play_id":"3bd0a24c-7471-4b3f-8974-a6cdb422920d","local_time":"20190329103417","is_ascension_mode":false,"campfire_choices":[{"data":"Zap","floor":7,"key":"SMITH"},{"data":"Ball Lightning","floor":12,"key":"SMITH"},{"floor":15,"key":"REST"}],"neow_cost":"NONE","seed_source_timestamp":521081253446600,"circlet_count":0,"master_deck":["Strike_B","Strike_B","Strike_B+1","Defend_B","Defend_B","Defend_B","Defend_B","Zap+1","Dualcast","Conserve Battery","Steam","Coolheaded","Hello World","BootSequence","Ball Lightning+1","Discovery","Cold Snap+1","Hyperbeam","Leap","Hologram+1","Self Repair"],"relics":["Cracked Core","Oddly Smooth Stone","The Courier","Happy Flower","Nuclear Battery","Nilry\u0027s Codex","Du-Vu Doll"],"potions_floor_usage":[16,23,23],"damage_taken":[{"damage":0,"enemies":"Small Slimes","floor":1,"turns":4},{"damage":0,"enemies":"2 Louse","floor":2,"turns":3},{"damage":43,"enemies":"Gremlin Nob","floor":6,"turns":5},{"damage":0,"enemies":"Jaw Worm","floor":8,"turns":4},{"damage":0,"enemies":"3 Louse","floor":11,"turns":4},{"damage":0,"enemies":"Large Slime","floor":13,"turns":3},{"damage":0,"enemies":"Slime Boss","floor":16,"turns":6},{"damage":14,"enemies":"Spheric Guardian","floor":18,"turns":4},{"damage":12,"enemies":"3 Byrds","floor":19,"turns":4},{"damage":48,"enemies":"Gremlin Leader","floor":23,"turns":8}],"seed_played":"-8567329822620368758","potions_obtained":[{"floor":11,"key":"SkillPotion"},{"floor":13,"key":"Weak Potion"},{"floor":16,"key":"GamblersBrew"}],"is_trial":false,"path_per_floor":["M","M","?","$","?","E","R","M","T","$","M","R","M","?","R","B",null,"M","M","?","?","$","E"],"character_chosen":"DEFECT","items_purchased":["Hello World","Discovery","Self Repair"],"campfire_rested":1,"item_purchase_floors":[4,10,22],"current_hp_per_floor":[75,75,68,68,73,30,30,30,30,30,30,30,30,14,38,38,80,66,54,38,38,38,0],"gold":31,"neow_bonus":"TRANSFORM_CARD","is_prod":false,"is_daily":false,"chose_seed":false,"campfire_upgraded":2,"win_rate":0.0,"timestamp":1553870057,"path_taken":["M","M","?","$","?","E","R","M","T","?","M","R","M","?","R","BOSS","M","M","?","?","$","E"],"build_version":"2019-01-23","purchased_purges":0,"victory":false,"max_hp_per_floor":[75,75,75,75,80,80,80,80,80,80,80,80,80,80,80,80,80,80,80,80,80,80,80],"card_choices":[{"not_picked":["Compile Driver","Storm"],"picked":"Steam","floor":1},{"not_picked":["Aggregate","Tempest"],"picked":"Coolheaded","floor":2},{"not_picked":["Rebound","Cold Snap"],"picked":"BootSequence","floor":6},{"not_picked":["Hologram","All For One"],"picked":"Ball Lightning","floor":8},{"not_picked":["Rip and Tear","Turbo","Coolheaded"],"picked":"SKIP","floor":11},{"not_picked":["Scrape","Coolheaded"],"picked":"Cold Snap","floor":13},{"not_picked":["Creative AI","Fission"],"picked":"Hyperbeam","floor":16},{"not_picked":["Hologram","Stack"],"picked":"Leap","floor":18},{"not_picked":["Scrape","Steam Power"],"picked":"Hologram+1","floor":19}],"player_experience":32058,"relics_obtained":[{"floor":6,"key":"The Courier"},{"floor":9,"key":"Happy Flower"},{"floor":20,"key":"Nilry\u0027s Codex"}],"event_choices":[{"damage_healed":0,"gold_gain":0,"player_choice":"Success","damage_taken":7,"relics_obtained":["Oddly Smooth Stone"],"max_hp_gain":0,"max_hp_loss":0,"event_name":"Scrap Ooze","floor":3,"gold_loss":0},{"damage_healed":0,"gold_gain":0,"player_choice":"Donut","damage_taken":0,"max_hp_gain":5,"max_hp_loss":0,"event_name":"Big Fish","floor":5,"gold_loss":0},{"damage_healed":0,"gold_gain":0,"player_choice":"Entered Light","damage_taken":16,"max_hp_gain":0,"max_hp_loss":0,"event_name":"Shining Light","floor":14,"gold_loss":0,"cards_upgraded":["Cold Snap","Strike_B"]},{"damage_healed":0,"gold_gain":0,"player_choice":"Obtained Book","damage_taken":16,"max_hp_gain":0,"max_hp_loss":0,"event_name":"Cursed Tome","floor":20,"gold_loss":0},{"damage_healed":0,"gold_gain":0,"player_choice":"Obtained Relic","damage_taken":0,"relics_obtained":["Du-Vu Doll"],"max_hp_gain":0,"max_hp_loss":0,"event_name":"Addict","floor":21,"gold_loss":85}],"is_beta":false,"boss_relics":[{"not_picked":["Inserter","Coffee Dripper"],"picked":"Nuclear Battery"}],"items_purged_floors":[],"is_endless":false,"potions_floor_spawned":[11,13,16],"killed_by":"Gremlin Leader","ascension_level":0}