{"gold_per_floor":[109,109,134,150,150,150,40,69,120,149,159,159,186,28,28,104,104,59,109,109,129,143,143,161,188,188,188,188,103,103,136,136,209,259,278,378,392,392,392,392,425,443,443,338,353,382,382,397,397,397,397,397,397,15,46,46],"floor_reached":57,"playtime":12823,"items_purged":["Strike_R","Strike_R+1"],"score":2888,"play_id":"7e06be32-dea6-43d8-af6d-cc75059733a5","local_time":"20181109201107","is_ascension_mode":true,"campfire_choices":[{"data":"Clothesline","floor":6,"key":"SMITH"},{"data":"Inflame","floor":12,"key":"SMITH"},{"data":"Flame Barrier","floor":15,"key":"SMITH"},{"floor":23,"key":"REST"},{"floor":28,"key":"REST"},{"floor":30,"key":"RECALL"},{"floor":32,"key":"REST"},{"floor":40,"key":"REST"},{"data":"Parasite","floor":47,"key":"PURGE"},{"data":"Strike_R","floor":49,"key":"PURGE"},{"data":"Strike_R","floor":53,"key":"PURGE"}],"neow_cost":"NONE","seed_source_timestamp":1067430804407714,"circlet_count":0,"master_deck":["AscendersBane","Strike_R+1","Defend_R+1","Defend_R","Defend_R","Defend_R","Bash+1","Clothesline+1","Armaments","Anger","Shrug It Off","Feel No Pain","Reaper","Inflame+1","Flame Barrier+1","Limit Break","Headbutt","Heavy Blade","Armaments","Fiend Fire","Reaper","Clothesline","Shockwave","Jack Of All Trades","Dark Shackles","Shrug It Off","Corruption+1","Shrug It Off"],"relics":["Burning Blood","Bag of Preparation","Whetstone","Vajra","Singing Bowl","Strawberry","Fusion Hammer","Smiling Mask","Gremlin Horn","Bag of Marbles","Tiny House","Dead Branch","Self Forming Clay","Pocketwatch","Meat on the Bone","Peace Pipe","FossilizedHelix","Centennial Puzzle"],"potions_floor_usage":[13,25,31,33,56,56],"damage_taken":[{"damage":14,"enemies":"2 Louse","floor":1,"turns":3},{"damage":12,"enemies":"Jaw Worm","floor":4,"turns":4},{"damage":49,"enemies":"3 Sentries","floor":8,"turns":10},{"damage":8,"enemies":"Gremlin Nob","floor":10,"turns":3},{"damage":6,"enemies":"Small Slimes","floor":11,"turns":6},{"damage":7,"enemies":"3 Sentries","floor":13,"turns":5},{"damage":43,"enemies":"Slime Boss","floor":16,"turns":11},{"damage":34,"enemies":"2 Thieves","floor":18,"turns":5},{"damage":16,"enemies":"Shell Parasite","floor":21,"turns":5},{"damage":51,"enemies":"Snecko","floor":22,"turns":10},{"damage":24,"enemies":"3 Cultists","floor":24,"turns":4},{"damage":40,"enemies":"Gremlin Leader","floor":25,"turns":5},{"damage":51,"enemies":"Slavers","floor":31,"turns":5},{"damage":93,"enemies":"Automaton","floor":33,"turns":12},{"damage":41,"enemies":"3 Darklings","floor":35,"turns":9},{"damage":0,"enemies":"Mind Bloom Boss Battle","floor":36,"turns":5},{"damage":0,"enemies":"3 Shapes","floor":37,"turns":4},{"damage":117,"enemies":"Reptomancer","floor":41,"turns":10},{"damage":39,"enemies":"3 Darklings","floor":42,"turns":10},{"damage":15,"enemies":"Writhing Mass","floor":45,"turns":5},{"damage":3,"enemies":"Nemesis","floor":46,"turns":5},{"damage":11,"enemies":"Jaw Worm Horde","floor":48,"turns":2},{"damage":24,"enemies":"Donu and Deca","floor":50,"turns":4},{"damage":52,"enemies":"Awakened One","floor":51,"turns":9},{"damage":50,"enemies":"Shield and Spear","floor":55,"turns":9},{"damage":7,"enemies":"The Heart","floor":56,"turns":8}],"seed_played":"-8079928166723980794","potions_obtained":[{"floor":4,"key":"SkillPotion"},{"floor":10,"key":"AttackPotion"},{"floor":22,"key":"Dexterity Potion"},{"floor":24,"key":"PowerPotion"},{"floor":31,"key":"SteroidPotion"},{"floor":34,"key":"SmokeBomb"},{"floor":36,"key":"PowerPotion"},{"floor":45,"key":"SteroidPotion"}],"is_trial":false,"path_per_floor":["M","?","T","M","?","R","$","E","T","E","M","R","E","$","R","B",null,"M","?","?","M","M","R","M","E","T","?","R","?","R","E","R","B",null,"M","?","M","?","?","R","E","M","T","?","M","E","R","M","R","B","B",null,"R","$","E","B",null],"character_chosen":"IRONCLAD","items_purchased":["Anger","Shrug It Off","Flame Barrier","FossilizedHelix"],"campfire_rested":4,"item_purchase_floors":[7,7,14,54],"current_hp_per_floor":[67,67,67,61,66,66,66,23,23,21,25,25,51,51,51,26,79,63,63,63,71,44,73,89,57,57,57,87,87,87,60,90,20,85,89,107,109,109,101,111,24,26,26,26,47,77,77,74,74,112,112,112,112,112,101,100],"gold":46,"neow_bonus":"TEN_PERCENT_HP_BONUS","is_prod":false,"is_daily":false,"chose_seed":false,"campfire_upgraded":3,"win_rate":0,"timestamp":1541812267,"path_taken":["M","?","?","M","?","R","?","E","T","E","M","R","E","$","R","BOSS","M","?","?","?","M","R","M","E","T","?","R","?","R","E","R","BOSS","M","?","M","?","?","R","E","M","T","?","M","E","R","M","R","BOSS","BOSS","R","$","E","BOSS"],"build_version":"2018-11-08","purchased_purges":2,"victory":true,"max_hp_per_floor":[82,82,82,82,87,87,87,87,87,87,87,87,96,96,96,96,96,98,98,98,98,98,98,98,100,100,100,100,100,100,100,100,100,105,107,107,109,109,111,111,111,111,111,111,111,113,110,112,112,112,112,112,112,112,114,114],"card_choices":[{"not_picked":["Seeing Red","Dual Wield"],"picked":"Clothesline","floor":1},{"not_picked":["Body Slam","Perfected Strike"],"picked":"Armaments","floor":4},{"not_picked":["Armaments","Flex"],"picked":"Feel No Pain","floor":8},{"not_picked":["Combust","Second Wind"],"picked":"Reaper","floor":10},{"not_picked":["Heavy Blade","Sword Boomerang"],"picked":"Inflame","floor":11},{"not_picked":["Rampage","Flex","Burning Pact"],"picked":"Singing Bowl","floor":13},{"not_picked":["Juggernaut","Exhume"],"picked":"Limit Break","floor":16},{"not_picked":["Metallicize","Anger","Cleave"],"picked":"Singing Bowl","floor":18},{"not_picked":["Clash","Clothesline"],"picked":"Headbutt","floor":21},{"not_picked":["Anger","Second Wind"],"picked":"Heavy Blade","floor":22},{"not_picked":["Flex","Pommel Strike"],"picked":"Armaments","floor":24},{"not_picked":["Seeing Red","Spot Weakness","Warcry"],"picked":"Singing Bowl","floor":25},{"not_picked":["Dropkick","Whirlwind"],"picked":"Fiend Fire","floor":31},{"not_picked":["Barricade","Bludgeon"],"picked":"Reaper","floor":33},{"not_picked":["Intimidate","Wild Strike"],"picked":"Clothesline","floor":34},{"not_picked":["Clash","Pommel Strike","Heavy Blade"],"picked":"Singing Bowl","floor":35},{"not_picked":["Body Slam","Demon Form"],"picked":"Shockwave","floor":36},{"not_picked":["Heavy Blade","Flex+1","Sword Boomerang+1"],"picked":"Singing Bowl","floor":37},{"not_picked":["Metamorphosis","Enlightenment","Mind Blast"],"picked":"Singing Bowl","floor":39},{"not_picked":["Trip","PanicButton"],"picked":"Jack Of All Trades","floor":39},{"not_picked":["Forethought","Flash of Steel"],"picked":"Dark Shackles","floor":39},{"not_picked":["Sentinel+1","Clash"],"picked":"Shrug It Off","floor":41},{"not_picked":["Intimidate","Flame Barrier"],"picked":"Corruption+1","floor":42},{"not_picked":["Sentinel","Metallicize"],"picked":"Shrug It Off","floor":45},{"not_picked":["Cleave","Wild Strike","Fire Breathing"],"picked":"Singing Bowl","floor":46},{"not_picked":["Body Slam","Dropkick","Armaments"],"picked":"Singing Bowl","floor":48},{"not_picked":["Ghostly Armor","Pummel+1","Thunderclap"],"picked":"Singing Bowl","floor":55}],"player_experience":917817,"relics_obtained":[{"floor":3,"key":"Bag of Preparation"},{"floor":8,"key":"Whetstone"},{"floor":9,"key":"Vajra"},{"floor":10,"key":"Singing Bowl"},{"floor":13,"key":"Strawberry"},{"floor":25,"key":"Smiling Mask"},{"floor":31,"key":"Bag of Marbles"},{"floor":36,"key":"Dead Branch"},{"floor":41,"key":"Self Forming Clay"},{"floor":43,"key":"Pocketwatch"},{"floor":46,"key":"Peace Pipe"},{"floor":55,"key":"Centennial Puzzle"}],"event_choices":[{"damage_healed":0,"gold_gain":0,"player_choice":"Grow","damage_taken":0,"max_hp_gain":0,"max_hp_loss":0,"event_name":"Living Wall","floor":2,"gold_loss":0,"cards_upgraded":["Bash"]},{"damage_healed":0,"gold_gain":0,"player_choice":"Donut","damage_taken":0,"max_hp_gain":5,"max_hp_loss":0,"event_name":"Big Fish","floor":5,"gold_loss":0},{"damage_healed":0,"gold_gain":50,"player_choice":"Stole From Cult","damage_taken":0,"max_hp_gain":0,"max_hp_loss":0,"event_name":"Nest","floor":19,"gold_loss":0},{"damage_healed":0,"gold_gain":0,"player_choice":"Leave","damage_taken":0,"max_hp_gain":0,"max_hp_loss":0,"event_name":"FaceTrader","floor":20,"gold_loss":0},{"damage_healed":0,"gold_gain":0,"player_choice":"Ignored","damage_taken":0,"max_hp_gain":0,"max_hp_loss":0,"event_name":"Vampires","floor":27,"gold_loss":0},{"damage_healed":0,"gold_gain":0,"player_choice":"Obtained Relic","damage_taken":0,"relics_obtained":["Gremlin Horn"],"max_hp_gain":0,"max_hp_loss":0,"event_name":"Addict","floor":29,"gold_loss":85},{"damage_healed":0,"gold_gain":0,"player_choice":"Fight","damage_taken":0,"max_hp_gain":0,"max_hp_loss":0,"event_name":"MindBloom","floor":36,"gold_loss":0},{"damage_healed":0,"gold_gain":0,"player_choice":"Ignored","damage_taken":0,"max_hp_gain":0,"max_hp_loss":0,"event_name":"Tomb of Lord Red Mask","floor":38,"gold_loss":0},{"damage_healed":0,"gold_gain":0,"player_choice":"Memory 3","damage_taken":10,"max_hp_gain":0,"max_hp_loss":0,"event_name":"SensoryStone","floor":39,"gold_loss":0},{"damage_healed":0,"gold_gain":0,"player_choice":"Paid Gold","damage_taken":0,"relics_obtained":["Meat on the Bone"],"max_hp_gain":0,"max_hp_loss":0,"event_name":"WeMeetAgain","floor":44,"gold_loss":105}],"is_beta":true,"boss_relics":[{"not_picked":["Runic Pyramid","Astrolabe"],"picked":"Fusion Hammer"},{"not_picked":["Philosopher\u0027s Stone","Black Star"],"picked":"Tiny House"}],"items_purged_floors":[14,54],"is_endless":false,"potions_floor_spawned":[4,10,22,24,31,36,42,45,55],"ascension_level":20}