{"gold_per_floor":[14,114,129,149,149,149,74,74,98,114,139,156,190,206,206,304,304,315,315,325,339,47,81,81,109,409,429,429,453,471,504,504,606,606,618,618,618,635,650,650,174,188,188,188,205,205,225,19,19,19],"floor_reached":51,"playtime":2565,"items_purged":["Strike_R","Reckless Charge","Parasite"],"score":749,"play_id":"7679e954-03f5-4b63-bf2f-adf38a03babd","local_time":"20190115193840","is_ascension_mode":false,"campfire_choices":[{"data":"Bash","floor":6,"key":"SMITH"},{"data":"True Grit","floor":8,"key":"SMITH"},{"data":"Barricade","floor":15,"key":"SMITH"},{"data":"J.A.X.","floor":24,"key":"SMITH"},{"floor":32,"key":"REST"},{"floor":40,"key":"RECALL"},{"data":"Metallicize","floor":44,"key":"SMITH"},{"data":"Evolve","floor":46,"key":"SMITH"},{"data":"Battle Trance","floor":49,"key":"SMITH"}],"neow_cost":"NO_GOLD","seed_source_timestamp":154654973515166,"circlet_count":0,"master_deck":["Defend_R","Defend_R","Defend_R","Bash+1","Battle Trance+1","Headbutt","True Grit+1","Thunderclap","Barricade+1","Evolve+1","Reaper","Dropkick+1","Immolate+1","True Grit+1","J.A.X.+1","Pummel","Offering","Shrug It Off+1","Apotheosis","Shrug It Off","Whirlwind+1","Shrug It Off","Metallicize+1","Sentinel+1","Entrench"],"relics":["Burning Blood","Vajra","Regal Pillow","Bronze Scales","Astrolabe","Bird Faced Urn","Bag of Marbles","Meat on the Bone","Old Coin","Happy Flower","Red Mask","Snecko Eye","Singing Bowl","Membership Card","Anchor","Self Forming Clay","TheAbacus"],"potions_floor_usage":[16,16,20,23,25,50,50],"damage_taken":[{"damage":6,"enemies":"Jaw Worm","floor":1,"turns":3},{"damage":1,"enemies":"Cultist","floor":3,"turns":3},{"damage":0,"enemies":"Small Slimes","floor":4,"turns":3},{"damage":3,"enemies":"Exordium Wildlife","floor":10,"turns":3},{"damage":0,"enemies":"Gremlin Nob","floor":11,"turns":3},{"damage":5,"enemies":"Lots of Slimes","floor":12,"turns":3},{"damage":9,"enemies":"Lagavulin","floor":13,"turns":9},{"damage":0,"enemies":"Blue Slaver","floor":14,"turns":3},{"damage":6,"enemies":"Slime Boss","floor":16,"turns":7},{"damage":8,"enemies":"Shell Parasite","floor":18,"turns":4},{"damage":12,"enemies":"2 Thieves","floor":20,"turns":3},{"damage":34,"enemies":"3 Cultists","floor":21,"turns":4},{"damage":52,"enemies":"Book of Stabbing","floor":23,"turns":6},{"damage":33,"enemies":"Slavers","floor":25,"turns":3},{"damage":24,"enemies":"Snake Plant","floor":27,"turns":5},{"damage":11,"enemies":"Centurion and Healer","floor":30,"turns":5},{"damage":42,"enemies":"Masked Bandits","floor":31,"turns":4},{"damage":59,"enemies":"Automaton","floor":33,"turns":7},{"damage":0,"enemies":"3 Shapes","floor":35,"turns":2},{"damage":16,"enemies":"Orb Walker","floor":38,"turns":3},{"damage":14,"enemies":"Transient","floor":39,"turns":5},{"damage":15,"enemies":"Spire Growth","floor":42,"turns":4},{"damage":9,"enemies":"Maw","floor":45,"turns":7},{"damage":9,"enemies":"Writhing Mass","floor":47,"turns":8},{"damage":24,"enemies":"Time Eater","floor":50,"turns":9}],"seed_played":"-2579659819202881364","potions_obtained":[{"floor":1,"key":"AttackPotion"},{"floor":4,"key":"SpeedPotion"},{"floor":5,"key":"Dexterity Potion"},{"floor":5,"key":"Energy Potion"},{"floor":16,"key":"AttackPotion"},{"floor":18,"key":"BloodPotion"},{"floor":23,"key":"EssenceOfSteel"},{"floor":31,"key":"Explosive Potion"},{"floor":39,"key":"PowerPotion"}],"is_trial":false,"path_per_floor":["M","?","M","M","?","R","$","R","T","M","E","M","E","M","R","B",null,"M","?","M","M","$","E","R","E","T","M","?","T","M","?","R","B",null,"M","?","T","M","M","R","$","M","T","R","M","R","M","$","R","B",null],"character_chosen":"IRONCLAD","items_purchased":["Bird Faced Urn","Membership Card","Anchor","Self Forming Clay","Shrug It Off","TheAbacus","Entrench"],"campfire_rested":1,"item_purchase_floors":[22,41,41,41,41,48,48],"current_hp_per_floor":[80,80,80,80,80,80,80,80,80,80,80,80,77,80,80,80,80,80,80,74,67,67,46,46,55,55,47,47,47,62,49,80,57,80,80,70,70,73,78,78,78,80,80,80,82,82,82,79,79,79],"gold":19,"neow_bonus":"TRANSFORM_TWO_CARDS","is_prod":false,"is_daily":false,"chose_seed":false,"campfire_upgraded":7,"win_rate":0,"timestamp":1547581120,"path_taken":["M","?","M","?","?","R","?","R","T","?","E","M","E","M","R","BOSS","M","?","M","M","$","E","R","E","T","M","?","?","M","?","R","BOSS","M","?","?","M","M","R","?","?","T","R","M","R","M","$","R","BOSS"],"build_version":"2019-01-14v2","purchased_purges":3,"victory":true,"max_hp_per_floor":[80,80,80,80,80,80,80,80,80,80,80,80,80,80,80,80,80,80,80,80,80,80,80,80,80,80,80,80,80,80,80,80,80,80,80,80,80,80,80,80,80,80,80,80,82,82,82,79,79,79],"card_choices":[{"not_picked":["Clothesline","Pommel Strike"],"picked":"Battle Trance","floor":1},{"not_picked":["Body Slam","Clothesline"],"picked":"Headbutt","floor":3},{"not_picked":["Rage","Sentinel"],"picked":"True Grit","floor":4},{"not_picked":["Clash","Havoc"],"picked":"Thunderclap","floor":10},{"not_picked":["Dual Wield","Sever Soul"],"picked":"Barricade","floor":11},{"not_picked":["Heavy Blade","Cleave","Sword Boomerang"],"picked":"SKIP","floor":12},{"not_picked":["Sword Boomerang","Headbutt"],"picked":"Evolve","floor":13},{"not_picked":["Uppercut","Wild Strike","Clash"],"picked":"SKIP","floor":14},{"not_picked":["Barricade","Berserk"],"picked":"Reaper","floor":16},{"not_picked":["Heavy Blade+1","Entrench","Twin Strike"],"picked":"SKIP","floor":18},{"not_picked":["Cleave","Battle Trance","Second Wind"],"picked":"SKIP","floor":20},{"not_picked":["Wild Strike+1","Second Wind","Cleave"],"picked":"SKIP","floor":21},{"not_picked":["Cleave","Wild Strike+1","Entrench"],"picked":"SKIP","floor":23},{"not_picked":["Intimidate","True Grit","Dropkick"],"picked":"SKIP","floor":25},{"not_picked":["Fiend Fire","Armaments+1","Wild Strike+1"],"picked":"SKIP","floor":27},{"not_picked":["Disarm","Havoc"],"picked":"Pummel","floor":30},{"not_picked":["Double Tap","Limit Break"],"picked":"Offering","floor":33},{"not_picked":["True Grit","Rampage+1"],"picked":"Shrug It Off+1","floor":35},{"not_picked":["Purity","Good Instincts"],"picked":"Apotheosis","floor":36},{"not_picked":["Pommel Strike+1","Wild Strike+1"],"picked":"Shrug It Off","floor":38},{"not_picked":["Hemokinesis","True Grit"],"picked":"Whirlwind+1","floor":39},{"not_picked":["Flex","Headbutt+1"],"picked":"Metallicize","floor":42},{"not_picked":["True Grit+1","Armaments","Havoc+1"],"picked":"Singing Bowl","floor":45},{"not_picked":["Pommel Strike","Body Slam+1"],"picked":"Sentinel+1","floor":47}],"player_experience":756510,"relics_obtained":[{"floor":9,"key":"Vajra"},{"floor":11,"key":"Regal Pillow"},{"floor":13,"key":"Bronze Scales"},{"floor":23,"key":"Bag of Marbles"},{"floor":25,"key":"Meat on the Bone"},{"floor":26,"key":"Old Coin"},{"floor":29,"key":"Happy Flower"},{"floor":31,"key":"Red Mask"},{"floor":37,"key":"Singing Bowl"}],"event_choices":[{"damage_healed":0,"gold_gain":100,"player_choice":"Pray","damage_taken":0,"max_hp_gain":0,"max_hp_loss":0,"event_name":"Golden Shrine","floor":2,"gold_loss":0},{"damage_healed":0,"gold_gain":0,"player_choice":"Got Potions","damage_taken":0,"max_hp_gain":0,"max_hp_loss":0,"event_name":"Lab","floor":5,"gold_loss":0},{"damage_healed":0,"gold_gain":0,"player_choice":"Obtain J.A.X.","damage_taken":0,"max_hp_gain":0,"max_hp_loss":0,"event_name":"Drug Dealer","floor":19,"gold_loss":0,"cards_obtained":["J.A.X."]},{"cards_removed":["Sever Soul"],"damage_healed":0,"gold_gain":0,"player_choice":"Elegance","damage_taken":0,"max_hp_gain":0,"max_hp_loss":0,"event_name":"Back to Basics","floor":28,"gold_loss":0},{"damage_healed":0,"gold_gain":0,"player_choice":"Fought Bandits","damage_taken":0,"max_hp_gain":0,"max_hp_loss":0,"event_name":"Masked Bandits","floor":31,"gold_loss":0},{"damage_healed":0,"gold_gain":0,"player_choice":"Memory 3","damage_taken":10,"max_hp_gain":0,"max_hp_loss":0,"event_name":"SensoryStone","floor":36,"gold_loss":0}],"is_beta":true,"boss_relics":[{"not_picked":["Runic Cube","Black Blood"],"picked":"Astrolabe"},{"not_picked":["Black Star","Tiny House"],"picked":"Snecko Eye"}],"items_purged_floors":[7,41,48],"is_endless":false,"potions_floor_spawned":[1,4,11,13,16,18,23,31,39,45,47],"ascension_level":0}