{"gold_per_floor":[114,189,189,203,92,124,124,459,486,486,497,509,509,520,520,616,616,633,181,181,191,191,191,207,207,207,207,82,82,101,101,101,101],"floor_reached":33,"playtime":1689,"items_purged":["Strike_G","Strike_G","Strike_G"],"score":334,"play_id":"dc57412c-8669-423f-8add-ed7acf6983ff","local_time":"20190512212908","is_ascension_mode":true,"campfire_choices":[{"data":"Catalyst","floor":7,"key":"SMITH"},{"floor":10,"key":"REST"},{"floor":15,"key":"REST"},{"floor":23,"key":"REST"},{"floor":27,"key":"REST"},{"floor":29,"key":"REST"},{"floor":32,"key":"REST"}],"neow_cost":"NONE","seed_source_timestamp":871678705151193,"circlet_count":0,"master_deck":["Defend_G","Defend_G","Defend_G","Defend_G","Defend_G","Strike_G","Survivor","Neutralize","Deadly Poison","Caltrops","Catalyst+1","Deflect","Flying Knee","All Out Attack+1","Bullet Time","Dodge and Roll","Deflect+1"],"relics":["Ring of the Snake","NeowsBlessing","PreservedInsect","Old Coin","Snake Skull","Molten Egg 2","Busted Crown","Bronze Scales","Sling","Bird Faced Urn","Blood Vial"],"potions_floor_usage":[16,21,33,33,33],"damage_taken":[{"damage":0,"enemies":"2 Louse","floor":1,"turns":1},{"damage":0,"enemies":"Small Slimes","floor":4,"turns":1},{"damage":0,"enemies":"Gremlin Nob","floor":6,"turns":1},{"damage":31,"enemies":"3 Sentries","floor":8,"turns":11},{"damage":2,"enemies":"Jaw Worm","floor":11,"turns":4},{"damage":0,"enemies":"Exordium Thugs","floor":12,"turns":4},{"damage":3,"enemies":"Looter","floor":14,"turns":3},{"damage":34,"enemies":"Hexaghost","floor":16,"turns":9},{"damage":17,"enemies":"3 Byrds","floor":18,"turns":5},{"damage":16,"enemies":"2 Thieves","floor":21,"turns":4},{"damage":27,"enemies":"Centurion and Healer","floor":24,"turns":5},{"damage":13,"enemies":"Shelled Parasite and Fungi","floor":30,"turns":4},{"damage":11,"enemies":"Colosseum Slavers","floor":31,"turns":5},{"damage":76,"enemies":"Automaton","floor":33,"turns":10}],"seed_played":"4366397782139046126","potions_obtained":[{"floor":8,"key":"GhostInAJar"},{"floor":11,"key":"PowerPotion"},{"floor":14,"key":"Energy Potion"},{"floor":18,"key":"Ancient Potion"},{"floor":30,"key":"Strength Potion"}],"is_trial":false,"path_per_floor":["M","?","?","M","$","E","R","E","T","R","M","M","T","M","R","B",null,"M","$","?","M","?","R","M","T","T","R","$","R","M","?","R","B"],"character_chosen":"THE_SILENT","items_purchased":["Catalyst","Bronze Scales","Sling"],"campfire_rested":6,"item_purchase_floors":[5,19,19],"current_hp_per_floor":[70,59,59,59,59,59,59,28,28,49,47,47,47,44,65,31,70,53,53,53,37,37,58,31,31,31,52,52,70,57,50,70,0],"gold":101,"neow_bonus":"THREE_ENEMY_KILL","is_prod":false,"is_daily":false,"chose_seed":false,"campfire_upgraded":1,"win_rate":0,"timestamp":1557714548,"path_taken":["M","?","?","M","$","E","R","E","T","R","M","M","?","M","R","BOSS","M","$","?","M","?","R","M","?","T","R","$","R","M","?","R","BOSS"],"build_version":"2019-01-23","purchased_purges":3,"victory":false,"max_hp_per_floor":[70,70,70,70,70,70,70,70,70,70,70,70,70,70,70,70,70,70,70,70,70,70,70,70,70,70,70,70,70,70,70,70,70],"card_choices":[{"not_picked":["Deflect","Setup"],"picked":"Deadly Poison","floor":1},{"not_picked":["Infinite Blades","Backflip"],"picked":"Caltrops","floor":4},{"not_picked":["Acrobatics","Dagger Spray"],"picked":"Deflect","floor":6},{"not_picked":["Prepared","Eviscerate"],"picked":"Flying Knee","floor":8},{"not_picked":["Dagger Throw","Infinite Blades","Acrobatics"],"picked":"SKIP","floor":11},{"not_picked":["Sucker Punch","Outmaneuver","Dagger Spray"],"picked":"SKIP","floor":12},{"not_picked":["Dagger Throw+1","Accuracy"],"picked":"All Out Attack+1","floor":14},{"not_picked":["Storm of Steel","Doppelganger"],"picked":"Bullet Time","floor":16},{"not_picked":[],"picked":"Dodge and Roll","floor":18},{"not_picked":[],"picked":"Deflect+1","floor":21},{"not_picked":["Endless Agony+1"],"picked":"SKIP","floor":24},{"not_picked":["Blade Dance+1"],"picked":"SKIP","floor":30}],"player_experience":519031,"relics_obtained":[{"floor":6,"key":"PreservedInsect"},{"floor":8,"key":"Old Coin"},{"floor":9,"key":"Snake Skull"},{"floor":13,"key":"Molten Egg 2"},{"floor":25,"key":"Bird Faced Urn"},{"floor":26,"key":"Blood Vial"}],"event_choices":[{"damage_healed":0,"gold_gain":75,"player_choice":"Gather Gold","damage_taken":11,"max_hp_gain":0,"max_hp_loss":0,"event_name":"World of Goop","floor":2,"gold_loss":0},{"damage_healed":0,"gold_gain":0,"player_choice":"Ignored","damage_taken":0,"max_hp_gain":0,"max_hp_loss":0,"event_name":"Liars Game","floor":3,"gold_loss":0},{"damage_healed":0,"gold_gain":0,"player_choice":"Ignored","damage_taken":0,"max_hp_gain":0,"max_hp_loss":0,"event_name":"Vampires","floor":20,"gold_loss":0},{"cards_removed":["Strike_G"],"damage_healed":0,"gold_gain":0,"player_choice":"Elegance","damage_taken":0,"max_hp_gain":0,"max_hp_loss":0,"event_name":"Back to Basics","floor":22,"gold_loss":0},{"damage_healed":0,"gold_gain":0,"player_choice":"Fight","damage_taken":0,"max_hp_gain":0,"max_hp_loss":0,"event_name":"Colosseum","floor":31,"gold_loss":0},{"damage_healed":0,"gold_gain":0,"player_choice":"Fled From Nobs","damage_taken":0,"max_hp_gain":0,"max_hp_loss":0,"event_name":"Colosseum","floor":31,"gold_loss":0}],"is_beta":false,"boss_relics":[{"not_picked":["Lizard Tail","WristBlade"],"picked":"Busted Crown"}],"items_purged_floors":[5,19,28],"is_endless":false,"potions_floor_spawned":[8,11,14,18,30],"killed_by":"Automaton","ascension_level":4}