{"gold_per_floor":[362,382,382,436,449,475,475,507,559,584,601,110,110,128,128,225,225,241,121,138,156,168,194,194,219,219,219,238,238,10,29,29,131,131,147,19,38,8,25,25,80,105,105,105,0,0,14,43,43,43,43,43,22,56,56],"floor_reached":55,"playtime":4940,"items_purged":["Strike_B","Zap"],"score":900,"play_id":"7c052e63-efd1-45ca-8d35-e286b3b9c1b1","local_time":"20190509213514","is_ascension_mode":false,"campfire_choices":[{"floor":7,"key":"REST"},{"floor":15,"key":"REST"},{"data":"Consume","floor":24,"key":"SMITH"},{"floor":29,"key":"REST"},{"data":"Defragment","floor":32,"key":"SMITH"},{"floor":40,"key":"RECALL"},{"floor":44,"key":"REST"},{"floor":49,"key":"REST"},{"floor":52,"key":"REST"}],"neow_cost":"TEN_PERCENT_HP_LOSS","seed_source_timestamp":983822650438954,"circlet_count":0,"master_deck":["Dualcast+1","Fusion","Lockon","Sweeping Beam","Coolheaded","BootSequence","Defragment+1","Seek","Flash of Steel","Leap","Rainbow","Coolheaded","Consume+1","Creative AI","Steam Power","Rainbow+1","Auto Shields+1","Defragment+1","Leap","Capacitor+1","Compile Driver+1","Cold Snap","Ball Lightning","Coolheaded+1","Buffer+1","Compile Driver+1","Defragment+1","Defragment+1","Heatsinks+1","Double Energy","Hologram","Hologram+1","Seek"],"relics":["Cracked Core","Art of War","The Courier","Torii","Vajra","Omamori","Sling","Pandora\u0027s Box","Ornamental Fan","Letter Opener","Frozen Egg 2","Membership Card","DataDisk","Fusion Hammer","Bottled Lightning","Dead Branch","War Paint","Red Mask","Centennial Puzzle","Blood Vial"],"potions_floor_usage":[8,16,16,25,33,33,50,54,55],"damage_taken":[{"damage":2,"enemies":"Small Slimes","floor":1,"turns":3},{"damage":6,"enemies":"Jaw Worm","floor":2,"turns":3},{"damage":0,"enemies":"Cultist","floor":5,"turns":3},{"damage":30,"enemies":"3 Sentries","floor":6,"turns":6},{"damage":15,"enemies":"Lagavulin","floor":8,"turns":5},{"damage":10,"enemies":"Exordium Thugs","floor":11,"turns":6},{"damage":1,"enemies":"3 Louse","floor":14,"turns":3},{"damage":0,"enemies":"Slime Boss","floor":16,"turns":6},{"damage":0,"enemies":"3 Byrds","floor":18,"turns":5},{"damage":1,"enemies":"Chosen","floor":20,"turns":7},{"damage":9,"enemies":"Snake Plant","floor":21,"turns":4},{"damage":18,"enemies":"3 Cultists","floor":22,"turns":5},{"damage":0,"enemies":"Gremlin Leader","floor":23,"turns":6},{"damage":15,"enemies":"Book of Stabbing","floor":25,"turns":5},{"damage":1,"enemies":"Cultist and Chosen","floor":28,"turns":5},{"damage":0,"enemies":"Sentry and Sphere","floor":31,"turns":6},{"damage":6,"enemies":"Automaton","floor":33,"turns":8},{"damage":0,"enemies":"3 Darklings","floor":35,"turns":6},{"damage":0,"enemies":"Orb Walker","floor":37,"turns":3},{"damage":0,"enemies":"Writhing Mass","floor":39,"turns":7},{"damage":10,"enemies":"2 Orb Walkers","floor":41,"turns":7},{"damage":32,"enemies":"Nemesis","floor":42,"turns":7},{"damage":6,"enemies":"Jaw Worm Horde","floor":47,"turns":5},{"damage":0,"enemies":"Giant Head","floor":48,"turns":6},{"damage":45,"enemies":"Awakened One","floor":50,"turns":12},{"damage":2,"enemies":"Shield and Spear","floor":54,"turns":9},{"damage":73,"enemies":"The Heart","floor":55,"turns":11}],"seed_played":"5879848149584836466","potions_obtained":[{"floor":6,"key":"PowerPotion"},{"floor":20,"key":"Dexterity Potion"},{"floor":22,"key":"Fire Potion"},{"floor":25,"key":"EssenceOfSteel"},{"floor":27,"key":"PowerPotion"},{"floor":27,"key":"FocusPotion"},{"floor":35,"key":"SteroidPotion"},{"floor":47,"key":"LiquidBronze"}],"is_trial":false,"path_per_floor":["M","M","?","T","M","E","R","E","T","T","M","$","?","M","R","B",null,"M","$","M","M","M","E","R","E","T","?","M","R","$","M","R","B",null,"M","$","M","$","M","R","?","E","T","R","?","?","M","E","R","B",null,"R","$","E","B"],"character_chosen":"DEFECT","items_purchased":["Seek","Swift Potion","Fire Potion","EssenceOfSteel","Sling","Flash of Steel","PowerPotion","Membership Card","DataDisk","Bottled Lightning","Defragment+1","Defragment+1","Weak Potion"],"campfire_rested":6,"item_purchase_floors":[12,12,12,12,12,12,19,30,30,36,36,38,53],"current_hp_per_floor":[66,60,46,46,46,16,36,21,21,21,11,11,11,10,30,30,68,68,68,67,58,40,40,40,25,25,25,24,44,44,44,44,38,68,68,68,68,68,68,68,58,26,26,46,46,63,57,57,68,23,68,68,68,66,0],"gold":56,"neow_bonus":"TWO_FIFTY_GOLD","is_prod":false,"is_daily":false,"chose_seed":false,"campfire_upgraded":2,"win_rate":0,"timestamp":1557434114,"path_taken":["M","M","?","?","?","E","R","E","T","?","M","$","?","M","R","BOSS","M","$","M","M","M","E","R","E","T","?","M","R","$","M","R","BOSS","M","?","M","$","?","R","?","E","T","R","?","?","M","E","R","BOSS","R","$","E","BOSS"],"build_version":"2019-05-07","purchased_purges":2,"victory":false,"max_hp_per_floor":[68,68,68,68,68,68,68,68,68,68,68,68,68,68,68,68,68,68,68,68,68,68,68,68,68,68,68,68,68,68,68,68,68,68,68,68,68,68,68,68,68,68,68,68,68,68,68,68,68,68,68,68,68,68,68],"card_choices":[{"not_picked":["Redo","Turbo"],"picked":"Fusion","floor":1},{"not_picked":["White Noise","Hello World"],"picked":"Lockon","floor":2},{"not_picked":["Loop","Stack"],"picked":"Sweeping Beam","floor":5},{"not_picked":["Redo","Go for the Eyes"],"picked":"Coolheaded","floor":6},{"not_picked":["Meteor Strike","Coolheaded"],"picked":"BootSequence","floor":8},{"not_picked":["BootSequence","Coolheaded"],"picked":"Defragment","floor":11},{"not_picked":["Gash","Go for the Eyes"],"picked":"Leap","floor":14},{"not_picked":["Thunder Strike","Multi-Cast"],"picked":"Rainbow","floor":16},{"not_picked":["Barrage+1","Tempest","Reinforced Body"],"picked":"SKIP","floor":18},{"not_picked":["Streamline+1","Stack"],"picked":"Leap","floor":20},{"not_picked":["Conserve Battery","Blizzard"],"picked":"Capacitor+1","floor":21},{"not_picked":["Reinforced Body","Streamline","Self Repair"],"picked":"SKIP","floor":22},{"not_picked":["Sweeping Beam","Loop"],"picked":"Compile Driver+1","floor":23},{"not_picked":["Stack+1","Force Field"],"picked":"Cold Snap","floor":25},{"not_picked":["Sweeping Beam","Go for the Eyes"],"picked":"Ball Lightning","floor":28},{"not_picked":["Gash+1","Self Repair+1"],"picked":"Coolheaded+1","floor":31},{"not_picked":["Fission","Rainbow"],"picked":"Buffer+1","floor":33},{"not_picked":["Beam Cell","White Noise+1"],"picked":"Compile Driver+1","floor":35},{"not_picked":["Coolheaded","Rebound+1","Conserve Battery"],"picked":"SKIP","floor":37},{"not_picked":["Beam Cell+1","Conserve Battery+1"],"picked":"Heatsinks+1","floor":39},{"not_picked":["Compile Driver","Go for the Eyes"],"picked":"Double Energy","floor":42},{"not_picked":["Coolheaded","Go for the Eyes"],"picked":"Hologram","floor":47},{"not_picked":["Self Repair+1","BootSequence+1"],"picked":"Hologram+1","floor":48},{"not_picked":["Melter","Redo+1"],"picked":"Seek","floor":54}],"player_experience":1364727,"relics_obtained":[{"floor":4,"key":"Art of War"},{"floor":6,"key":"The Courier"},{"floor":8,"key":"Torii"},{"floor":9,"key":"Vajra"},{"floor":10,"key":"Omamori"},{"floor":23,"key":"Ornamental Fan"},{"floor":25,"key":"Letter Opener"},{"floor":26,"key":"Frozen Egg 2"},{"floor":41,"key":"Dead Branch"},{"floor":42,"key":"War Paint"},{"floor":48,"key":"Centennial Puzzle"},{"floor":54,"key":"Blood Vial"}],"event_choices":[{"damage_healed":0,"gold_gain":0,"player_choice":"Entered Light","damage_taken":14,"max_hp_gain":0,"max_hp_loss":0,"event_name":"Shining Light","floor":3,"gold_loss":0,"cards_upgraded":["Strike_B","Dualcast"]},{"damage_healed":0,"gold_gain":0,"player_choice":"Grow","damage_taken":0,"max_hp_gain":0,"max_hp_loss":0,"event_name":"Living Wall","floor":13,"gold_loss":0,"cards_upgraded":["Defragment"]},{"damage_healed":0,"gold_gain":0,"player_choice":"Got Potions","damage_taken":0,"max_hp_gain":0,"max_hp_loss":0,"event_name":"Lab","floor":27,"gold_loss":0},{"damage_healed":0,"gold_gain":0,"player_choice":"Fight","damage_taken":0,"max_hp_gain":0,"max_hp_loss":0,"event_name":"Mysterious Sphere","floor":41,"gold_loss":0},{"damage_healed":0,"gold_gain":0,"player_choice":"Paid","damage_taken":0,"relics_obtained":["Red Mask"],"max_hp_gain":0,"max_hp_loss":0,"event_name":"Tomb of Lord Red Mask","floor":45,"gold_loss":105},{"damage_healed":17,"gold_gain":0,"player_choice":"Writhe","damage_taken":0,"max_hp_gain":0,"max_hp_loss":0,"event_name":"Winding Halls","floor":46,"gold_loss":0,"cards_obtained":["Writhe"]}],"is_beta":true,"boss_relics":[{"not_picked":["Philosopher\u0027s Stone","Coffee Dripper"],"picked":"Pandora\u0027s Box"},{"not_picked":["FrozenCore","Sozu"],"picked":"Fusion Hammer"}],"items_purged_floors":[12,19],"is_endless":false,"potions_floor_spawned":[6,14,20,22,25,35,47,48],"killed_by":"The Heart","ascension_level":0}