{"gold_per_floor":[115,130,130,130,130,164,164,219,242,255,267,118,135,5,5,108,108,119,139,139,139,13,41,41,53,103,7,17,36,36,66,66,161,161,175,193,211,227,58,86,86,120,120,120,152,152,152,171,171,171],"floor_reached":51,"playtime":2872,"items_purged":["Strike_B","Streamline"],"score":885,"play_id":"4305f811-6c78-470f-9267-b481945ef221","local_time":"20190325185930","is_ascension_mode":false,"campfire_choices":[{"data":"Sweeping Beam","floor":7,"key":"SMITH"},{"data":"Machine Learning","floor":15,"key":"SMITH"},{"data":"Capacitor","floor":30,"key":"SMITH"},{"data":"Seek","floor":32,"key":"SMITH"},{"floor":41,"key":"REST"},{"floor":46,"key":"REST"},{"data":"Storm","floor":49,"key":"SMITH"}],"neow_cost":"NONE","seed_source_timestamp":375616159550199,"circlet_count":0,"master_deck":["Zap+1","Dualcast","Conserve Battery","Self Repair","Leap","Hologram","Gash","Sweeping Beam+1","Sweeping Beam","Skim","Gash","Machine Learning+1","Fusion","Biased Cognition","Rebound","Seek+1","Fission","Storm+1","Go for the Eyes","Rip and Tear","Steam","Streamline","Beam Cell","Coolheaded+1","Steam+1","Rainbow+1","Double Energy+1","Deep Breath+1","Heatsinks","Capacitor+1","All For One","Hello World+1","Gash","Coolheaded+1","Cold Snap+1","Electrodynamics","Enlightenment+1","Compile Driver","Master of Strategy+1","Secret Weapon+1","Capacitor"],"relics":["Orrery","DataDisk","Tiny Chest","Vajra","Pandora\u0027s Box","Toxic Egg 2","Mummified Hand","Anchor","Potion Belt","Sozu","Blue Candle","Bag of Preparation","Bronze Scales","Sundial","Gambling Chip"],"potions_floor_usage":[6,6,8,8,13,16,19,31,31,50],"damage_taken":[{"damage":0,"enemies":"2 Louse","floor":1,"turns":5},{"damage":4,"enemies":"Jaw Worm","floor":2,"turns":6},{"damage":11,"enemies":"Lagavulin","floor":6,"turns":6},{"damage":14,"enemies":"3 Sentries","floor":8,"turns":7},{"damage":0,"enemies":"Cultist","floor":10,"turns":3},{"damage":0,"enemies":"3 Louse","floor":11,"turns":1},{"damage":0,"enemies":"Blue Slaver","floor":13,"turns":3},{"damage":27,"enemies":"Slime Boss","floor":16,"turns":6},{"damage":17,"enemies":"Chosen","floor":18,"turns":5},{"damage":15,"enemies":"2 Thieves","floor":19,"turns":3},{"damage":15,"enemies":"Gremlin Leader","floor":23,"turns":7},{"damage":2,"enemies":"Centurion and Healer","floor":25,"turns":5},{"damage":0,"enemies":"3 Cultists","floor":28,"turns":3},{"damage":2,"enemies":"Snake Plant","floor":29,"turns":3},{"damage":3,"enemies":"Slavers","floor":31,"turns":3},{"damage":41,"enemies":"Champ","floor":33,"turns":7},{"damage":0,"enemies":"3 Shapes","floor":35,"turns":4},{"damage":0,"enemies":"Orb Walker","floor":36,"turns":3},{"damage":0,"enemies":"4 Shapes","floor":37,"turns":2},{"damage":20,"enemies":"Jaw Worm Horde","floor":38,"turns":3},{"damage":20,"enemies":"Reptomancer","floor":40,"turns":3},{"damage":22,"enemies":"Nemesis","floor":42,"turns":7},{"damage":0,"enemies":"Giant Head","floor":45,"turns":3},{"damage":0,"enemies":"3 Darklings","floor":48,"turns":2},{"damage":0,"enemies":"Donu and Deca","floor":50,"turns":3}],"seed_played":"1806531790677993129","potions_obtained":[{"floor":2,"key":"FearPotion"},{"floor":5,"key":"PowerPotion"},{"floor":5,"key":"EntropicBrew"},{"floor":11,"key":"Block Potion"},{"floor":13,"key":"SpeedPotion"},{"floor":25,"key":"SkillPotion"},{"floor":29,"key":"Block Potion"},{"floor":31,"key":"Dexterity Potion"},{"floor":33,"key":"SkillPotion"}],"is_trial":false,"path_per_floor":["M","M","?","?","?","E","R","E","T","M","M","$","M","$","R","B",null,"M","M","?","?","$","E","$","M","T","$","M","M","R","E","R","B",null,"M","M","M","M","$","E","R","E","T","?","E","R","T","M","R","B",null],"character_chosen":"DEFECT","items_purchased":["Fusion","Biased Cognition","Rebound","Steam+1","Deep Breath+1","Electrodynamics","Enlightenment+1"],"campfire_rested":2,"item_purchase_floors":[12,14,14,22,27,39,39],"current_hp_per_floor":[75,75,75,80,80,76,76,62,62,69,69,69,76,76,76,56,80,70,55,55,55,55,47,47,52,52,52,59,57,57,61,61,27,80,80,80,80,67,67,47,71,56,56,46,46,70,70,77,77,80],"gold":171,"neow_bonus":"BOSS_RELIC","is_prod":false,"is_daily":false,"chose_seed":false,"campfire_upgraded":5,"win_rate":0,"timestamp":1553540370,"path_taken":["M","M","?","?","?","E","R","E","T","?","M","$","M","$","R","BOSS","M","M","?","?","$","E","$","?","T","?","M","M","R","E","R","BOSS","M","M","M","M","$","E","R","E","T","?","E","R","?","M","R","BOSS"],"build_version":"2019-03-15","purchased_purges":2,"victory":true,"max_hp_per_floor":[75,75,75,80,80,80,80,80,80,80,80,80,80,80,80,80,80,80,80,80,80,80,80,80,80,80,80,80,80,80,80,80,80,80,80,80,80,80,80,80,80,80,80,80,80,80,80,80,80,80],"card_choices":[{"not_picked":["Steam Power","Static Discharge"],"picked":"Conserve Battery","floor":0},{"not_picked":["Compile Driver","Undo"],"picked":"Self Repair","floor":0},{"not_picked":["Stack","Blizzard"],"picked":"Leap","floor":0},{"not_picked":["Conserve Battery","Turbo"],"picked":"Hologram","floor":0},{"not_picked":["Conserve Battery","Rainbow"],"picked":"Gash","floor":0},{"not_picked":["Turbo","Defragment"],"picked":"Sweeping Beam","floor":1},{"not_picked":["Compile Driver","Barrage"],"picked":"Sweeping Beam","floor":2},{"not_picked":["Conserve Battery","Steam Power","Heatsinks"],"picked":"SKIP","floor":6},{"not_picked":["Stack","Loop"],"picked":"Skim","floor":8},{"not_picked":["Fusion","Leap"],"picked":"Gash","floor":10},{"not_picked":["Stack","Cold Snap"],"picked":"Machine Learning","floor":11},{"not_picked":["Sunder","Steam Power","Stack"],"picked":"SKIP","floor":13},{"not_picked":["Machine Learning","Amplify"],"picked":"Seek","floor":16},{"not_picked":["Redo","Sweeping Beam"],"picked":"Beam Cell","floor":18},{"not_picked":["Cold Snap+1","Ball Lightning"],"picked":"Coolheaded+1","floor":19},{"not_picked":["Redo+1","Undo+1"],"picked":"Rainbow+1","floor":23},{"not_picked":["Coolheaded+1","Darkness+1"],"picked":"Double Energy+1","floor":25},{"not_picked":["Hologram+1","Aggregate+1"],"picked":"Heatsinks","floor":28},{"not_picked":["Static Discharge+1","Coolheaded+1"],"picked":"Capacitor","floor":29},{"not_picked":["Compile Driver","Go for the Eyes+1","Streamline"],"picked":"SKIP","floor":31},{"not_picked":["Machine Learning","Biased Cognition"],"picked":"All For One","floor":33},{"not_picked":["Loop","Rebound+1"],"picked":"Hello World+1","floor":35},{"not_picked":["Cold Snap","Redo+1"],"picked":"Gash","floor":36},{"not_picked":["Steam Power+1","Ball Lightning+1"],"picked":"Coolheaded+1","floor":37},{"not_picked":["Heatsinks","Compile Driver+1"],"picked":"Cold Snap+1","floor":38},{"not_picked":["Streamline+1","Go for the Eyes","Storm"],"picked":"SKIP","floor":40},{"not_picked":["Barrage+1","Recycle+1"],"picked":"Compile Driver","floor":42},{"not_picked":["PanicButton+1","Dark Shackles+1"],"picked":"Master of Strategy+1","floor":44},{"not_picked":["Deep Breath+1","Trip+1"],"picked":"Secret Weapon+1","floor":44},{"not_picked":["Lockon+1","Multi-Cast+1"],"picked":"Capacitor","floor":45},{"not_picked":["Doom and Gloom+1","Sweeping Beam+1","Self Repair+1"],"picked":"SKIP","floor":48}],"player_experience":1145047,"relics_obtained":[{"floor":6,"key":"DataDisk"},{"floor":8,"key":"Tiny Chest"},{"floor":9,"key":"Vajra"},{"floor":21,"key":"Toxic Egg 2"},{"floor":23,"key":"Mummified Hand"},{"floor":26,"key":"Anchor"},{"floor":31,"key":"Potion Belt"},{"floor":40,"key":"Blue Candle"},{"floor":42,"key":"Bag of Preparation"},{"floor":43,"key":"Bronze Scales"},{"floor":45,"key":"Sundial"},{"floor":47,"key":"Gambling Chip"}],"event_choices":[{"damage_healed":0,"gold_gain":0,"player_choice":"Grow","damage_taken":0,"max_hp_gain":0,"max_hp_loss":0,"event_name":"Living Wall","floor":3,"gold_loss":0,"cards_upgraded":["Zap"]},{"damage_healed":0,"gold_gain":0,"player_choice":"Donut","damage_taken":0,"max_hp_gain":5,"max_hp_loss":0,"event_name":"Big Fish","floor":4,"gold_loss":0},{"damage_healed":0,"gold_gain":0,"player_choice":"Got Potions","damage_taken":0,"max_hp_gain":0,"max_hp_loss":0,"event_name":"Lab","floor":5,"gold_loss":0},{"damage_healed":0,"gold_gain":0,"player_choice":"Ignored","damage_taken":0,"max_hp_gain":0,"max_hp_loss":0,"event_name":"Vampires","floor":20,"gold_loss":0},{"damage_healed":0,"gold_gain":0,"player_choice":"Relic","damage_taken":0,"max_hp_gain":0,"max_hp_loss":0,"event_name":"Wheel of Change","floor":21,"gold_loss":0},{"damage_healed":0,"gold_gain":0,"player_choice":"Memory 3","damage_taken":10,"max_hp_gain":0,"max_hp_loss":0,"event_name":"SensoryStone","floor":44,"gold_loss":0}],"is_beta":true,"boss_relics":[{"not_picked":["Coffee Dripper","Eternal Feather"],"picked":"Pandora\u0027s Box"},{"not_picked":["Astrolabe","Snecko Eye"],"picked":"Sozu"}],"items_purged_floors":[12,22],"is_endless":false,"potions_floor_spawned":[2,11,13,25,29,31,33,36,37,45],"ascension_level":0}