{"gold_per_floor":[112,127,127,127,140,140,158,158],"floor_reached":8,"playtime":446,"items_purged":[],"score":96,"play_id":"20fe5aa2-930c-4221-8ffc-0726df813758","local_time":"20190719113058","is_ascension_mode":true,"campfire_choices":[{"data":"Sever Soul","floor":6,"key":"SMITH"}],"neow_cost":"NONE","seed_source_timestamp":58858984696488,"circlet_count":0,"master_deck":["AscendersBane","Strike_R","Strike_R","Strike_R","Strike_R","Strike_R","Defend_R","Defend_R","Defend_R","Defend_R","Bash+1","Sever Soul+1","Wild Strike","Shockwave","Carnage"],"relics":["Burning Blood"],"potions_floor_usage":[],"damage_taken":[{"damage":7,"enemies":"Cultist","floor":1,"turns":4},{"damage":26,"enemies":"Jaw Worm","floor":2,"turns":5},{"damage":1,"enemies":"2 Louse","floor":5,"turns":2},{"damage":10,"enemies":"Blue Slaver","floor":7,"turns":3},{"damage":50,"enemies":"3 Sentries","floor":8,"turns":6}],"seed_played":"3005546493519728028","potions_obtained":[{"floor":2,"key":"Ancient Potion"},{"floor":5,"key":"Strength Potion"}],"is_trial":false,"path_per_floor":["M","M","?","?","M","R","M","E"],"character_chosen":"IRONCLAD","items_purchased":[],"campfire_rested":0,"item_purchase_floors":[],"current_hp_per_floor":[67,47,47,47,52,52,48,0],"gold":158,"neow_bonus":"THREE_CARDS","is_prod":false,"is_daily":false,"chose_seed":false,"campfire_upgraded":1,"win_rate":0,"timestamp":1563550258,"path_taken":["M","?","?","?","M","R","M","E"],"build_version":"2019-07-17","purchased_purges":0,"victory":false,"max_hp_per_floor":[75,75,75,75,75,75,75,75],"card_choices":[{"not_picked":["Bloodletting","Whirlwind"],"picked":"Sever Soul","floor":0},{"not_picked":["Shrug It Off","True Grit","Sentinel"],"picked":"SKIP","floor":1},{"not_picked":["Blood for Blood","Cleave"],"picked":"Wild Strike","floor":2},{"not_picked":["Shrug It Off","Searing Blow"],"picked":"Shockwave","floor":5},{"not_picked":["Sentinel","Dual Wield"],"picked":"Carnage","floor":7}],"player_experience":2508269,"relics_obtained":[],"event_choices":[{"damage_healed":0,"gold_gain":0,"player_choice":"Ignored","damage_taken":0,"max_hp_gain":0,"max_hp_loss":0,"event_name":"Liars Game","floor":3,"gold_loss":0},{"damage_healed":0,"gold_gain":0,"player_choice":"Grow","damage_taken":0,"max_hp_gain":0,"max_hp_loss":0,"event_name":"Living Wall","floor":4,"gold_loss":0,"cards_upgraded":["Bash"]}],"is_beta":false,"boss_relics":[],"items_purged_floors":[],"is_endless":false,"potions_floor_spawned":[2,5],"killed_by":"3 Sentries","ascension_level":20}