{"gold_per_floor":[119,136,211,211,231,231,231,56,56,56,70,70,1,26,26,103,103,116,127,127],"floor_reached":20,"playtime":760,"items_purged":["Defend_G"],"score":301,"play_id":"ecde214d-a11d-4c05-9d50-84a020f4b0d8","local_time":"20190720185151","is_ascension_mode":true,"campfire_choices":[{"data":"All Out Attack","floor":6.0,"key":"SMITH"},{"floor":15.0,"key":"REST"}],"neow_cost":"NONE","seed_source_timestamp":117590439429710,"circlet_count":0,"master_deck":["AscendersBane","Strike_G","Strike_G","Strike_G+1","Strike_G","Defend_G","Defend_G","Defend_G","Defend_G","Survivor","Neutralize+1","Acrobatics","All Out Attack+1","Choke","Deflect","Noxious Fumes","Backstab","Unload","Storm of Steel","Bullet Time","Acrobatics","Setup+1"],"special_seed":0,"relics":["Ring of the Snake","Oddly Smooth Stone","Dodecahedron","Blood Vial","Whetstone","Eternal Feather"],"potions_floor_usage":[20,20],"damage_taken":[{"damage":5.0,"enemies":"Small Slimes","floor":1.0,"turns":5.0},{"damage":1.0,"enemies":"Jaw Worm","floor":2.0,"turns":4.0},{"damage":1.0,"enemies":"Cultist","floor":5.0,"turns":4.0},{"damage":2.0,"enemies":"Blue Slaver","floor":11.0,"turns":3.0},{"damage":16.0,"enemies":"Gremlin Nob","floor":14.0,"turns":3.0},{"damage":18.0,"enemies":"Slime Boss","floor":16.0,"turns":9.0},{"damage":18.0,"enemies":"Shell Parasite","floor":18.0,"turns":8.0},{"damage":12.0,"enemies":"Chosen","floor":19.0,"turns":5.0},{"damage":32,"enemies":"Centurion and Healer","floor":20,"turns":7}],"seed_played":"-4505525502564532615","potions_obtained":[{"floor":2.0,"key":"PowerPotion"},{"floor":4.0,"key":"LiquidBronze"},{"floor":14.0,"key":"Explosive Potion"},{"floor":18.0,"key":"EssenceOfSteel"},{"floor":19.0,"key":"Weak Potion"}],"is_trial":false,"path_per_floor":["M","M","?","?","M","R","?","$","T","?","M","$","$","E","R","B",null,"M","M","M"],"character_chosen":"THE_SILENT","items_purchased":["Deflect","Noxious Fumes","Unload"],"campfire_rested":1,"item_purchase_floors":[8,8,13],"current_hp_per_floor":[54,53,42,42,41,41,34,34,34,23,23,23,23,9,28,12,53,37,27,0],"gold":127,"neow_bonus":"RANDOM_COMMON_RELIC","is_prod":false,"is_daily":false,"chose_seed":false,"campfire_upgraded":1,"win_rate":0,"timestamp":1563673911,"path_taken":["M","M","?","?","?","R","?","$","T","?","M","?","$","E","R","BOSS","M","?","M"],"build_version":"2019-07-17","purchased_purges":1,"victory":false,"max_hp_per_floor":[66,66,66,66,66,66,66,66,66,66,66,66,66,66,66,66,66,66,66,66],"card_choices":[{"not_picked":["Outmaneuver","Poisoned Stab"],"picked":"Acrobatics","floor":1.0},{"not_picked":["Bane","Blade Dance"],"picked":"All Out Attack","floor":2.0},{"not_picked":["Poisoned Stab","Dodge and Roll"],"picked":"Choke","floor":5.0},{"not_picked":["Deflect","Bouncing Flask"],"picked":"Backstab","floor":11.0},{"not_picked":["Sucker Punch","Setup"],"picked":"Storm of Steel","floor":14.0},{"not_picked":["Wraith Form v2","Die Die Die"],"picked":"Bullet Time","floor":16.0},{"not_picked":["Masterful Stab","Deflect"],"picked":"Acrobatics","floor":18.0},{"not_picked":["Slice","PiercingWail"],"picked":"Setup+1","floor":19.0}],"player_experience":646038,"relics_obtained":[{"floor":9.0,"key":"Dodecahedron"},{"floor":14.0,"key":"Whetstone"}],"event_choices":[{"damage_healed":0.0,"max_hp_gain":0.0,"max_hp_loss":0.0,"gold_gain":75.0,"event_name":"World of Goop","player_choice":"Gather Gold","floor":3.0,"gold_loss":0.0,"damage_taken":11.0},{"damage_healed":0.0,"max_hp_gain":0.0,"max_hp_loss":0.0,"gold_gain":0.0,"event_name":"Lab","player_choice":"Got Potions","floor":4.0,"gold_loss":0.0,"damage_taken":0.0},{"cards_removed":["Strike_G"],"damage_healed":0.0,"max_hp_gain":0.0,"max_hp_loss":0.0,"gold_gain":0.0,"event_name":"Golden Wing","player_choice":"Card Removal","floor":7.0,"gold_loss":0.0,"damage_taken":7.0},{"damage_healed":0.0,"max_hp_gain":0.0,"max_hp_loss":0.0,"gold_gain":0.0,"event_name":"Scrap Ooze","player_choice":"Success","floor":10.0,"gold_loss":0.0,"damage_taken":11.0,"relics_obtained":["Blood Vial"]}],"is_beta":false,"boss_relics":[{"not_picked":["Astrolabe","Sozu"],"picked":"Eternal Feather"}],"items_purged_floors":[8],"is_endless":false,"potions_floor_spawned":[2,5,14,18,19],"killed_by":"Centurion and Healer","ascension_level":15}