{"gold_per_floor":[211,211,361,411,428,463,463,358,358,358,6,36,36,1,1,78,78,93,93,13,13,13,13,13],"floor_reached":24,"playtime":1567,"items_purged":["Doubt","Strike_G"],"score":382,"play_id":"bdaef6f5-58f9-4c7d-8e87-5d501b8ccf5b","local_time":"20190128215352","is_ascension_mode":true,"campfire_choices":[{"data":"Neutralize","floor":7.0,"key":"SMITH"},{"floor":10.0,"key":"REST"},{"data":"Poisoned Stab","floor":13,"key":"SMITH"},{"data":"Well Laid Plans","floor":15,"key":"SMITH"},{"floor":23,"key":"REST"}],"neow_cost":"NONE","seed_source_timestamp":12234011624641,"circlet_count":0,"master_deck":["AscendersBane","Defend_G","Defend_G","Defend_G","Defend_G","Strike_G","Strike_G","Strike_G","Strike_G","Survivor","Neutralize+1","Well Laid Plans+1","Quick Slash","After Image","Prepared+1","Escape Plan+1","Poisoned Stab+1","Malaise+1","Footwork","Blade Dance+1","Flying Knee"],"special_seed":0,"relics":["Ring of the Snake","Ornamental Fan","Toxic Egg 2","Calipers","Juzu Bracelet","Torii","Black Star"],"potions_floor_usage":[16,19],"damage_taken":[{"damage":3.0,"enemies":"Cultist","floor":1.0,"turns":4.0},{"damage":8.0,"enemies":"Small Slimes","floor":5.0,"turns":5.0},{"damage":23.0,"enemies":"3 Sentries","floor":6.0,"turns":10.0},{"damage":16.0,"enemies":"Lagavulin","floor":12.0,"turns":12.0},{"damage":30,"enemies":"Hexaghost","floor":16,"turns":13},{"damage":14,"enemies":"Spheric Guardian","floor":18,"turns":7},{"damage":9,"enemies":"Colosseum Slavers","floor":19,"turns":7},{"damage":8,"enemies":"2 Thieves","floor":20,"turns":4},{"damage":48,"enemies":"Gremlin Leader","floor":24,"turns":7}],"seed_played":"-2714498544600919728","potions_obtained":[{"floor":1.0,"key":"Regen Potion"},{"floor":5.0,"key":"Explosive Potion"},{"floor":6.0,"key":"Ancient Potion"},{"floor":16,"key":"Fire Potion"}],"is_trial":false,"path_per_floor":["M","T","?","?","M","E","R","$","T","R","$","E","R","?","R","B",null,"M","?","M","$","?","R","E"],"character_chosen":"THE_SILENT","items_purchased":["Prepared+1","Escape Plan+1","Juzu Bracelet"],"campfire_rested":2,"item_purchase_floors":[8,11,11],"current_hp_per_floor":[56,56,56,56,48,25,25,25,25,44,44,28,28,44,44,29,57,43,34,26,26,26,45,0],"gold":13,"neow_bonus":"HUNDRED_GOLD","is_prod":false,"is_daily":false,"chose_seed":false,"campfire_upgraded":3,"win_rate":0,"timestamp":1548701632,"path_taken":["M","?","?","?","M","E","R","$","T","R","$","E","R","?","R","BOSS","M","?","M","$","?","R","E"],"build_version":"2019-01-23","purchased_purges":2,"victory":false,"max_hp_per_floor":[66,66,66,66,66,66,66,66,66,66,66,66,66,66,66,66,66,66,66,66,66,66,66,66],"card_choices":[{"not_picked":["Deadly Poison","Blur"],"picked":"Well Laid Plans","floor":1.0},{"not_picked":["Catalyst","Blur"],"picked":"Quick Slash","floor":5.0},{"not_picked":["Slice","Deadly Poison"],"picked":"After Image","floor":6.0},{"not_picked":["Storm of Steel+1","Setup+1"],"picked":"Poisoned Stab","floor":12},{"not_picked":["Doppelganger+1","Grand Finale"],"picked":"Malaise+1","floor":16},{"not_picked":["Poisoned Stab","PiercingWail+1"],"picked":"Footwork","floor":18},{"not_picked":["Accuracy","Eviscerate"],"picked":"Blade Dance+1","floor":20}],"player_experience":719250,"relics_obtained":[{"floor":2.0,"key":"Ornamental Fan"},{"floor":6.0,"key":"Toxic Egg 2"},{"floor":9.0,"key":"Calipers"},{"floor":12,"key":"Torii"}],"event_choices":[{"damage_healed":0.0,"max_hp_gain":0.0,"max_hp_loss":0.0,"gold_gain":150.0,"event_name":"Liars Game","player_choice":"AGREE","floor":3.0,"gold_loss":0.0,"damage_taken":0.0,"cards_obtained":["Doubt"]},{"damage_healed":0.0,"max_hp_gain":0.0,"max_hp_loss":0.0,"gold_gain":50.0,"event_name":"Golden Shrine","player_choice":"Pray","floor":4.0,"gold_loss":0.0,"damage_taken":0.0},{"damage_healed":16,"gold_gain":0,"player_choice":"Healed","damage_taken":0,"max_hp_gain":0,"max_hp_loss":0,"event_name":"The Cleric","floor":14,"gold_loss":35},{"damage_healed":0,"gold_gain":0,"player_choice":"Fight","damage_taken":0,"max_hp_gain":0,"max_hp_loss":0,"event_name":"Colosseum","floor":19,"gold_loss":0},{"damage_healed":0,"gold_gain":0,"player_choice":"Fled From Nobs","damage_taken":0,"max_hp_gain":0,"max_hp_loss":0,"event_name":"Colosseum","floor":19,"gold_loss":0},{"damage_healed":0,"gold_gain":0,"cards_transformed":["Defend_G"],"player_choice":"Transformed","damage_taken":0,"max_hp_gain":0,"max_hp_loss":0,"event_name":"Transmorgrifier","floor":22,"gold_loss":0,"cards_obtained":["Flying Knee"]}],"is_beta":false,"boss_relics":[{"not_picked":["Snecko Eye","Ring of the Serpent"],"picked":"Black Star"}],"items_purged_floors":[8,11],"is_endless":false,"potions_floor_spawned":[1,5,6,16,18],"killed_by":"Gremlin Leader","ascension_level":19}