{"gold_per_floor":[212,231,246,9,9,9,39,39,116,148,161,181,5,16,16,93,93,107,127,22,38,38,38,68,68,91,126,138,138,138,156,156,234,234,248,248,123,136,136,167,167,167,167,167,183,183,183],"floor_reached":47,"playtime":1587,"items_purged":["Strike_R","Strike_R","Strike_R"],"score":880,"play_id":"bcedda29-8843-4fda-8b94-e7ba41e427f2","local_time":"20190401223836","is_ascension_mode":true,"campfire_choices":[{"data":"Immolate","floor":6.0,"key":"SMITH"},{"floor":8.0,"key":"REST"},{"data":"Bash","floor":15.0,"key":"SMITH"},{"data":"True Grit","floor":23.0,"key":"SMITH"},{"data":"Flame Barrier","floor":25.0,"key":"SMITH"},{"data":"Demon Form","floor":30.0,"key":"SMITH"},{"data":"Metallicize","floor":32.0,"key":"SMITH"},{"data":"Limit Break","floor":44,"key":"SMITH"}],"neow_cost":"NONE","seed_source_timestamp":36294013601161,"circlet_count":0,"master_deck":["AscendersBane","Strike_R+1","Strike_R+1","Defend_R","Defend_R","Defend_R","Defend_R","Bash+1","True Grit+1","Pommel Strike","Immolate+1","Clothesline","Disarm","Feed","Iron Wave+1","Shrug It Off","Metallicize+1","Flame Barrier+1","Clumsy","Demon Form+1","Limit Break+1","Limit Break"],"special_seed":0,"relics":["Black Blood","Bag of Preparation","Potion Belt","Cursed Key","Singing Bowl","Omamori","Ancient Tea Set","Question Card","Toxic Egg 2","Ornamental Fan"],"potions_floor_usage":[],"damage_taken":[{"damage":12.0,"enemies":"Small Slimes","floor":1.0,"turns":4.0},{"damage":2.0,"enemies":"Jaw Worm","floor":2.0,"turns":4.0},{"damage":0.0,"enemies":"2 Louse","floor":3.0,"turns":4.0},{"damage":16.0,"enemies":"Gremlin Nob","floor":7.0,"turns":3.0},{"damage":39.0,"enemies":"Lagavulin","floor":10.0,"turns":7.0},{"damage":5.0,"enemies":"Looter","floor":11.0,"turns":3.0},{"damage":0.0,"enemies":"3 Louse","floor":12.0,"turns":2.0},{"damage":6.0,"enemies":"Large Slime","floor":14.0,"turns":5.0},{"damage":33.0,"enemies":"Slime Boss","floor":16.0,"turns":8.0},{"damage":8.0,"enemies":"Shell Parasite","floor":18.0,"turns":5.0},{"damage":3.0,"enemies":"Chosen","floor":19.0,"turns":4.0},{"damage":5.0,"enemies":"Centurion and Healer","floor":21.0,"turns":7.0},{"damage":24.0,"enemies":"Slavers","floor":24.0,"turns":5.0},{"damage":8.0,"enemies":"Book of Stabbing","floor":27.0,"turns":7.0},{"damage":13.0,"enemies":"Shelled Parasite and Fungi","floor":28.0,"turns":7.0},{"damage":10.0,"enemies":"Snecko","floor":31.0,"turns":5.0},{"damage":32.0,"enemies":"Champ","floor":33.0,"turns":12.0},{"damage":21.0,"enemies":"3 Shapes","floor":35.0,"turns":4.0},{"damage":39.0,"enemies":"3 Darklings","floor":38.0,"turns":8.0},{"damage":41.0,"enemies":"Nemesis","floor":40.0,"turns":11.0},{"damage":53,"enemies":"Spire Growth","floor":45,"turns":7},{"damage":44,"enemies":"Reptomancer","floor":47,"turns":5}],"seed_played":"8050542851839421471","potions_obtained":[{"floor":1.0,"key":"Strength Potion"},{"floor":10.0,"key":"Weak Potion"},{"floor":11.0,"key":"Explosive Potion"},{"floor":12.0,"key":"SpeedPotion"},{"floor":19.0,"key":"PowerPotion"},{"floor":33.0,"key":"Swift Potion"},{"floor":35.0,"key":"Weak Potion"},{"floor":40.0,"key":"Block Potion"}],"is_trial":false,"path_per_floor":["M","M","M","$","?","R","E","R","T","E","M","M","$","M","R","B",null,"M","M","$","M","?","R","E","R","T","E","M","?","R","M","R","B",null,"M","?","$","M","$","E","?","?","T","R","M","?","E"],"character_chosen":"IRONCLAD","items_purchased":["Immolate","Disarm","Shrug It Off","Metallicize"],"campfire_rested":1,"item_purchase_floors":[4,13,20,20],"current_hp_per_floor":[62,66,72,72,49,49,39,61,61,28,29,35,35,35,35,8,58,56,62,62,66,66,66,53,53,53,53,51,51,51,49,49,23,77,71,71,71,47,47,16,86,82,82,82,41,41,0],"gold":183,"neow_bonus":"HUNDRED_GOLD","is_prod":false,"is_daily":false,"chose_seed":false,"campfire_upgraded":7,"win_rate":0,"timestamp":1554147516,"path_taken":["M","M","M","$","?","R","E","R","T","E","M","M","$","M","R","BOSS","M","M","$","M","?","R","E","R","T","E","M","?","R","M","R","BOSS","M","?","$","M","$","E","?","?","T","R","M","?","E"],"build_version":"2019-01-23","purchased_purges":3,"victory":false,"max_hp_per_floor":[75,75,75,75,75,75,75,75,75,75,75,75,75,75,75,75,75,75,78,78,81,81,81,86,86,86,88,93,93,93,95,95,95,95,100,100,100,105,105,105,86,92,92,92,94,94,94],"card_choices":[{"not_picked":["Metallicize","Wild Strike"],"picked":"True Grit","floor":1.0},{"not_picked":["Anger","Fire Breathing","Warcry"],"picked":"SKIP","floor":2.0},{"not_picked":["Corruption","Flex"],"picked":"Pommel Strike","floor":3.0},{"not_picked":["Rage","Clash","Searing Blow"],"picked":"SKIP","floor":7.0},{"not_picked":["Combust","Feel No Pain","Barricade"],"picked":"SKIP","floor":10.0},{"not_picked":["Body Slam","Wild Strike"],"picked":"Clothesline","floor":11.0},{"not_picked":["Flex","Wild Strike","Heavy Blade"],"picked":"SKIP","floor":12.0},{"not_picked":["Searing Blow","Headbutt","Rampage"],"picked":"SKIP","floor":14.0},{"not_picked":["Immolate","Barricade"],"picked":"Feed","floor":16.0},{"not_picked":["True Grit","Flex"],"picked":"Iron Wave+1","floor":18.0},{"not_picked":["Wild Strike+1","Cleave"],"picked":"Shrug It Off","floor":19.0},{"not_picked":["Wild Strike","Infernal Blade"],"picked":"Flame Barrier","floor":21.0},{"not_picked":["Shockwave","Warcry","Searing Blow+1"],"picked":"Singing Bowl","floor":24.0},{"not_picked":["Thunderclap","Body Slam","Fire Breathing"],"picked":"Singing Bowl","floor":27.0},{"not_picked":["Clash","Carnage","Wild Strike+1"],"picked":"Singing Bowl","floor":28.0},{"not_picked":["Entrench","Pummel","True Grit"],"picked":"Singing Bowl","floor":31.0},{"not_picked":["Immolate","Impervious"],"picked":"Limit Break","floor":33.0},{"not_picked":["Flex","Evolve","Clothesline"],"picked":"Singing Bowl","floor":35.0},{"not_picked":["True Grit","Cleave","Infernal Blade+1"],"picked":"Singing Bowl","floor":38.0},{"not_picked":["Anger","Second Wind"],"picked":"Limit Break","floor":40.0},{"not_picked":["Good Instincts","Forethought","PanicButton","Jack Of All Trades"],"picked":"Singing Bowl","floor":42},{"not_picked":["Secret Technique","Panacea","Bandage Up","Impatience"],"picked":"Singing Bowl","floor":42},{"not_picked":["Metamorphosis","Discovery","Deep Breath","Secret Weapon"],"picked":"Singing Bowl","floor":42},{"not_picked":["Cleave","Warcry+1","Pommel Strike+1","Wild Strike"],"picked":"Singing Bowl","floor":45}],"player_experience":835782,"relics_obtained":[{"floor":7.0,"key":"Bag of Preparation"},{"floor":10.0,"key":"Potion Belt"},{"floor":24.0,"key":"Singing Bowl"},{"floor":26.0,"key":"Omamori"},{"floor":27.0,"key":"Ancient Tea Set"},{"floor":40.0,"key":"Question Card"},{"floor":43,"key":"Toxic Egg 2"}],"event_choices":[{"damage_healed":0.0,"max_hp_gain":0.0,"max_hp_loss":0.0,"gold_gain":0.0,"event_name":"Shining Light","player_choice":"Entered Light","floor":5.0,"gold_loss":0.0,"damage_taken":23.0,"cards_upgraded":["Strike_R","Strike_R"]},{"damage_healed":0.0,"max_hp_gain":0.0,"max_hp_loss":0.0,"gold_gain":0.0,"event_name":"Ghosts","player_choice":"Ignored","floor":22.0,"gold_loss":0.0,"damage_taken":0.0},{"damage_healed":0.0,"max_hp_gain":0.0,"max_hp_loss":0.0,"gold_gain":0.0,"event_name":"The Library","player_choice":"Read","floor":29.0,"gold_loss":0.0,"damage_taken":0.0,"cards_obtained":["Demon Form"]},{"damage_healed":0.0,"max_hp_gain":0.0,"max_hp_loss":0.0,"gold_gain":0.0,"event_name":"Tomb of Lord Red Mask","player_choice":"Ignored","floor":36.0,"gold_loss":0.0,"damage_taken":0.0},{"damage_healed":86.0,"max_hp_gain":0.0,"max_hp_loss":19.0,"gold_gain":0.0,"event_name":"The Moai Head","player_choice":"Heal","floor":41.0,"gold_loss":0.0,"damage_taken":0.0},{"damage_healed":0,"gold_gain":0,"player_choice":"Memory 3","damage_taken":10,"max_hp_gain":0,"max_hp_loss":0,"event_name":"SensoryStone","floor":42,"gold_loss":0},{"cards_removed":["Shrug It Off"],"damage_healed":0,"gold_gain":0,"player_choice":"Gave Card","damage_taken":0,"relics_obtained":["Ornamental Fan"],"max_hp_gain":0,"max_hp_loss":0,"event_name":"WeMeetAgain","floor":46,"gold_loss":0}],"is_beta":false,"boss_relics":[{"not_picked":["Orrery","Astrolabe"],"picked":"Cursed Key"},{"not_picked":["Velvet Choker","Sozu"],"picked":"Black Blood"}],"items_purged_floors":[4,13,37],"is_endless":false,"potions_floor_spawned":[1,10,11,12,14,19,33,35,40],"killed_by":"Reptomancer","ascension_level":15}