{"gold_per_floor":[117,117,67,81,99,116,143,143,168,191,191,211,3,33,45,155,217,239,166,178,190,213,225,237],"floor_reached":24,"playtime":4446,"items_purged":[],"score":265,"play_id":"b2fc70ac-f9e2-4494-aca2-0e2cd966923b","local_time":"20181120191546","is_ascension_mode":true,"campfire_choices":[{"floor":8.0,"key":"REST"},{"floor":15.0,"key":"REST"},{"floor":23.0,"key":"REST"}],"neow_cost":"TEN_PERCENT_HP_LOSS","seed_source_timestamp":55583198467468,"circlet_count":0,"master_deck":["Strike_R","Strike_R","Strike_R","Strike_R","Defend_R","Defend_R+1","Defend_R","Defend_R+1","Bash","Mind Blast","Forethought","Power Through","Ghostly Armor","Whirlwind","Uppercut","Disarm","Regret","Evolve","Battle Trance+1","Juggernaut","Seeing Red","Second Wind+1","Rage+1"],"special_seed":0,"relics":["Burning Blood","Lantern","Bronze Scales","Centennial Puzzle","War Paint","Potion Belt","Strange Spoon","MawBank","Tiny House","Boot"],"potions_floor_usage":[24],"damage_taken":[{"damage":9.0,"enemies":"Jaw Worm","floor":1.0,"turns":4.0},{"damage":9.0,"enemies":"2 Louse","floor":4.0,"turns":3.0},{"damage":6.0,"enemies":"Cultist","floor":5.0,"turns":4.0},{"damage":10.0,"enemies":"3 Louse","floor":6.0,"turns":2.0},{"damage":25.0,"enemies":"3 Sentries","floor":7.0,"turns":11.0},{"damage":23.0,"enemies":"Large Slime","floor":12.0,"turns":7.0},{"damage":21.0,"enemies":"Gremlin Nob","floor":14.0,"turns":5.0},{"damage":22.0,"enemies":"Hexaghost","floor":16.0,"turns":12.0},{"damage":12.0,"enemies":"Chosen","floor":18.0,"turns":5.0},{"damage":20.0,"enemies":"Colosseum Slavers","floor":21.0,"turns":5.0},{"damage":6.0,"enemies":"Shell Parasite","floor":22.0,"turns":8.0},{"damage":55,"enemies":"Slavers","floor":24,"turns":3}],"seed_played":"-5207806213995667242","potions_obtained":[{"floor":6.0,"key":"SpeedPotion"},{"floor":7.0,"key":"Block Potion"},{"floor":14.0,"key":"Block Potion"},{"floor":16.0,"key":"AttackPotion"},{"floor":17.0,"key":"EssenceOfSteel"}],"is_trial":false,"path_per_floor":["M","?","?","M","M","M","E","R","T","T","?","M","$","E","R","B",null,"M","?","?","?","M","R","E"],"character_chosen":"IRONCLAD","items_purchased":["Strange Spoon"],"campfire_rested":3,"item_purchase_floors":[13],"current_hp_per_floor":[69,57,57,54,54,50,31,52,52,52,52,35,35,20,41,25,65,59,59,45,31,31,55,0],"gold":237,"neow_bonus":"RANDOM_COLORLESS_2","is_prod":false,"is_daily":false,"chose_seed":false,"campfire_upgraded":0,"win_rate":0,"timestamp":1542770146,"path_taken":["M","?","?","M","?","M","E","R","T","?","?","M","$","E","R","BOSS","M","?","?","?","M","R","E"],"build_version":"2018-11-15","purchased_purges":0,"victory":false,"max_hp_per_floor":[72,72,72,72,72,72,72,72,72,72,72,72,72,72,72,72,77,77,77,82,82,82,82,82],"card_choices":[{"not_picked":["Wild Strike","Pommel Strike"],"picked":"Power Through","floor":1.0},{"not_picked":["Anger","Headbutt"],"picked":"Ghostly Armor","floor":4.0},{"not_picked":["Corruption","Searing Blow"],"picked":"Whirlwind","floor":5.0},{"not_picked":["Dual Wield","Iron Wave"],"picked":"Uppercut","floor":6.0},{"not_picked":["Havoc","Heavy Blade"],"picked":"Disarm","floor":7.0},{"not_picked":["Second Wind","Battle Trance"],"picked":"Evolve","floor":12.0},{"not_picked":["Heavy Blade","Armaments"],"picked":"Battle Trance","floor":14.0},{"not_picked":["Immolate","Demon Form"],"picked":"Juggernaut","floor":16.0},{"not_picked":["Havoc","Bloodletting"],"picked":"Seeing Red","floor":17.0},{"not_picked":["Wild Strike","Pommel Strike+1"],"picked":"Second Wind+1","floor":18.0},{"not_picked":["Clothesline","Thunderclap"],"picked":"Rage+1","floor":22.0}],"player_experience":452523,"relics_obtained":[{"floor":7.0,"key":"Bronze Scales"},{"floor":9.0,"key":"Centennial Puzzle"},{"floor":10.0,"key":"War Paint"},{"floor":14.0,"key":"MawBank"}],"event_choices":[{"damage_healed":0.0,"max_hp_gain":0.0,"max_hp_loss":0.0,"gold_gain":0.0,"event_name":"Scrap Ooze","player_choice":"Success","floor":2.0,"gold_loss":0.0,"damage_taken":12.0,"relics_obtained":["Lantern"]},{"cards_removed":["Strike_R"],"damage_healed":0.0,"max_hp_gain":0.0,"max_hp_loss":0.0,"gold_gain":0.0,"event_name":"The Cleric","player_choice":"Card Removal","floor":3.0,"gold_loss":50.0,"damage_taken":0.0},{"damage_healed":0.0,"max_hp_gain":0.0,"max_hp_loss":0.0,"gold_gain":0.0,"event_name":"Big Fish","player_choice":"Box","floor":11.0,"gold_loss":0.0,"damage_taken":0.0,"relics_obtained":["Potion Belt"],"cards_obtained":["Regret"]},{"damage_healed":0.0,"max_hp_gain":0.0,"max_hp_loss":0.0,"gold_gain":0.0,"event_name":"Addict","player_choice":"Obtained Relic","floor":19.0,"gold_loss":85.0,"damage_taken":0.0,"relics_obtained":["Boot"]},{"damage_healed":0.0,"max_hp_gain":5.0,"max_hp_loss":0.0,"gold_gain":0.0,"event_name":"Forgotten Altar","player_choice":"Shed Blood","floor":20.0,"gold_loss":0.0,"damage_taken":19.0},{"damage_healed":0.0,"max_hp_gain":0.0,"max_hp_loss":0.0,"gold_gain":0.0,"event_name":"Colosseum","player_choice":"Fight","floor":21.0,"gold_loss":0.0,"damage_taken":0.0},{"damage_healed":0.0,"max_hp_gain":0.0,"max_hp_loss":0.0,"gold_gain":0.0,"event_name":"Colosseum","player_choice":"Fled From Nobs","floor":21.0,"gold_loss":0.0,"damage_taken":0.0}],"is_beta":false,"boss_relics":[{"not_picked":["Lizard Tail","Ectoplasm"],"picked":"Tiny House"}],"items_purged_floors":[],"is_endless":false,"potions_floor_spawned":[6,7,14,16],"killed_by":"Slavers","ascension_level":6}