{"gold_per_floor":[110,110,127,70,70,70,95,106,106,141,154,170,198,115,115,191,191,207,207,207,207,207,207,33,33,33,66,92,14,25,25],"floor_reached":31,"playtime":1180,"items_purged":["Pain"],"score":573,"play_id":"5c385c5c-e2eb-43f5-93a0-222f278e1c0c","local_time":"20190729020654","is_ascension_mode":true,"campfire_choices":[{"data":"Noxious Fumes","floor":6.0,"key":"SMITH"},{"floor":15.0,"key":"REST"},{"floor":23.0,"key":"REST"},{"data":"RitualDagger","floor":25.0,"key":"SMITH"}],"neow_cost":"NONE","seed_source_timestamp":43785644306076,"circlet_count":0,"master_deck":["AscendersBane","Strike_G","Strike_G+1","Defend_G","Defend_G","Defend_G","Defend_G","Defend_G","Survivor+1","Neutralize","Noxious Fumes+1","Heel Hook+1","Deadly Poison","Backflip","Leg Sweep","Bouncing Flask","Caltrops","Night Terror+1","Blur","Endless Agony","Deflect","Tools of the Trade","Flechettes","Blade Dance","Shame","RitualDagger+1","Calculated Gamble","Deep Breath","Catalyst","Well Laid Plans+1","PiercingWail"],"special_seed":0,"relics":["Ring of the Snake","NeowsBlessing","Dream Catcher","Question Card","Juzu Bracelet","Whetstone","Sundial","Busted Crown","WarpedTongs","Omamori","Frozen Egg 2","War Paint","Boot"],"potions_floor_usage":[],"damage_taken":[{"damage":0.0,"enemies":"2 Louse","floor":1.0,"turns":1.0},{"damage":0.0,"enemies":"Cultist","floor":3.0,"turns":1.0},{"damage":0.0,"enemies":"Gremlin Nob","floor":7.0,"turns":1.0},{"damage":0.0,"enemies":"Small Slimes","floor":8.0,"turns":4.0},{"damage":3.0,"enemies":"3 Sentries","floor":10.0,"turns":7.0},{"damage":4.0,"enemies":"Blue Slaver","floor":11.0,"turns":5.0},{"damage":1.0,"enemies":"2 Fungi Beasts","floor":12.0,"turns":4.0},{"damage":39.0,"enemies":"Gremlin Nob","floor":13.0,"turns":4.0},{"damage":21.0,"enemies":"Slime Boss","floor":16.0,"turns":9.0},{"damage":20.0,"enemies":"Shell Parasite","floor":18.0,"turns":5.0},{"damage":41.0,"enemies":"Book of Stabbing","floor":27.0,"turns":5.0},{"damage":3,"enemies":"Chosen","floor":30,"turns":7},{"damage":6,"enemies":"Colosseum Slavers","floor":31,"turns":3}],"seed_played":"1297404686829952831","potions_obtained":[{"floor":1.0,"key":"EssenceOfSteel"},{"floor":7.0,"key":"Dexterity Potion"},{"floor":11.0,"key":"Regen Potion"},{"floor":13.0,"key":"Energy Potion"},{"floor":16.0,"key":"Poison Potion"}],"is_trial":false,"path_per_floor":["M","?","M","$","T","R","E","M","T","E","M","M","E","$","R","B",null,"M","?","?","?","?","R","$","R","T","E","T","$","M","?"],"character_chosen":"THE_SILENT","items_purchased":["Deadly Poison","Endless Agony","Deep Breath","Well Laid Plans+1"],"campfire_rested":2,"item_purchase_floors":[4,14,24,29],"current_hp_per_floor":[59,59,59,59,59,59,59,59,59,56,52,51,26,26,45,24,56,36,36,36,36,30,49,49,49,49,8,8,8,5,0],"gold":25,"neow_bonus":"THREE_ENEMY_KILL","is_prod":false,"is_daily":false,"chose_seed":false,"campfire_upgraded":2,"win_rate":0,"timestamp":1564391214,"path_taken":["M","?","M","$","?","R","E","M","T","E","M","M","E","$","R","BOSS","M","?","?","?","?","R","$","R","T","E","?","?","M","?"],"build_version":"2019-07-17","purchased_purges":1,"victory":false,"max_hp_per_floor":[66,66,66,66,66,66,66,66,66,66,66,66,66,66,66,66,66,66,66,66,66,66,66,66,66,66,66,66,66,66,66],"card_choices":[{"not_picked":["Backflip","Dagger Throw"],"picked":"Noxious Fumes","floor":1.0},{"not_picked":["Accuracy","Dodge and Roll"],"picked":"Heel Hook","floor":3.0},{"not_picked":["Terror","Outmaneuver"],"picked":"Backflip","floor":7.0},{"not_picked":["Concentrate","Cloak And Dagger","Escape Plan"],"picked":"Leg Sweep","floor":8.0},{"not_picked":["Slice","Backflip","Skewer"],"picked":"Bouncing Flask","floor":10.0},{"not_picked":["Backflip","Poisoned Stab","Outmaneuver"],"picked":"Caltrops","floor":11.0},{"not_picked":["Bane","Poisoned Stab","Dagger Throw"],"picked":"Night Terror","floor":12.0},{"not_picked":["Dagger Throw","Dagger Spray","Outmaneuver"],"picked":"Blur","floor":13.0},{"not_picked":["Bane","Caltrops","Sucker Punch"],"picked":"Deflect","floor":15.0},{"not_picked":["Night Terror","Unload","Wraith Form v2"],"picked":"Tools of the Trade","floor":16.0},{"not_picked":["Deadly Poison","Leg Sweep"],"picked":"SKIP","floor":18.0},{"not_picked":["Prepared"],"picked":"Calculated Gamble","floor":23.0},{"not_picked":["Riddle With Holes"],"picked":"Catalyst","floor":27.0},{"not_picked":["Backflip"],"picked":"PiercingWail","floor":30}],"player_experience":685661,"relics_obtained":[{"floor":5.0,"key":"Dream Catcher"},{"floor":7.0,"key":"Question Card"},{"floor":9.0,"key":"Juzu Bracelet"},{"floor":10.0,"key":"Whetstone"},{"floor":13.0,"key":"Sundial"},{"floor":26.0,"key":"Frozen Egg 2"},{"floor":27.0,"key":"War Paint"},{"floor":28.0,"key":"Boot"}],"event_choices":[{"cards_removed":["Strike_G"],"damage_healed":0.0,"max_hp_gain":0.0,"max_hp_loss":0.0,"gold_gain":0.0,"event_name":"Purifier","player_choice":"Purged","floor":2.0,"gold_loss":0.0,"damage_taken":0.0},{"damage_healed":0.0,"max_hp_gain":0.0,"max_hp_loss":0.0,"gold_gain":0.0,"cards_transformed":["Strike_G","Strike_G"],"event_name":"Drug Dealer","player_choice":"Became Test Subject","floor":19.0,"gold_loss":0.0,"damage_taken":0.0,"cards_obtained":["Flechettes","Blade Dance"]},{"damage_healed":0.0,"max_hp_gain":0.0,"max_hp_loss":0.0,"gold_gain":0.0,"event_name":"Accursed Blacksmith","player_choice":"Rummage","floor":20.0,"gold_loss":0.0,"damage_taken":0.0,"relics_obtained":["WarpedTongs"],"cards_obtained":["Pain"]},{"damage_healed":0.0,"max_hp_gain":0.0,"max_hp_loss":0.0,"gold_gain":0.0,"event_name":"Addict","player_choice":"Stole Relic","floor":21.0,"gold_loss":0.0,"damage_taken":0.0,"relics_obtained":["Omamori"],"cards_obtained":["Shame"]},{"damage_healed":0.0,"max_hp_gain":0.0,"max_hp_loss":0.0,"gold_gain":0.0,"event_name":"Nest","player_choice":"Joined the Cult","floor":22.0,"gold_loss":0.0,"damage_taken":6.0,"cards_obtained":["RitualDagger"]},{"damage_healed":0,"gold_gain":0,"player_choice":"Fight","damage_taken":0,"max_hp_gain":0,"max_hp_loss":0,"event_name":"Colosseum","floor":31,"gold_loss":0}],"is_beta":false,"boss_relics":[{"not_picked":["Ring of the Serpent","Philosopher\u0027s Stone"],"picked":"Busted Crown"}],"items_purged_floors":[24],"is_endless":false,"potions_floor_spawned":[1,7,11,13,16],"killed_by":"Colosseum Slavers","ascension_level":19}