{"gold_per_floor":[115,115,126,126,35,74,74,114,114,139,139,172,172,26,26,26],"floor_reached":16,"playtime":813,"items_purged":["Strike_B"],"score":151,"play_id":"a83a65fb-9da2-4a0e-b6af-00217ba52b87","local_time":"20190717212000","is_ascension_mode":true,"campfire_choices":[{"data":"Rip and Tear","floor":7,"key":"SMITH"},{"floor":13,"key":"REST"},{"data":"Recycle","floor":15,"key":"SMITH"}],"neow_cost":"NONE","seed_source_timestamp":178924812170400,"circlet_count":0,"master_deck":["Strike_B","Strike_B","Defend_B","Defend_B","Defend_B","Defend_B","Zap","Dualcast","Rip and Tear+1","Ball Lightning","Rebound","Melter","Leap","Sunder","Go for the Eyes","Recycle+1","Compile Driver","Consume"],"relics":["Cracked Core","Golden Idol","Calipers","Dream Catcher","Mercury Hourglass","Pen Nib"],"potions_floor_usage":[12,12],"damage_taken":[{"damage":4,"enemies":"Small Slimes","floor":1,"turns":4},{"damage":9,"enemies":"2 Louse","floor":3,"turns":2},{"damage":18,"enemies":"Gremlin Nob","floor":6,"turns":3},{"damage":16,"enemies":"3 Sentries","floor":8,"turns":5},{"damage":7,"enemies":"Jaw Worm","floor":10,"turns":2},{"damage":26,"enemies":"Lagavulin","floor":12,"turns":4},{"damage":36,"enemies":"Slime Boss","floor":16,"turns":3}],"seed_played":"-7142401892480407688","potions_obtained":[{"floor":6,"key":"PowerPotion"},{"floor":8,"key":"FocusPotion"},{"floor":10,"key":"FairyPotion"},{"floor":12,"key":"Regen Potion"}],"is_trial":false,"path_per_floor":["M","?","M","?","$","E","R","E","T","M","?","E","R","$","R","B"],"character_chosen":"DEFECT","items_purchased":["Rebound","Melter","Consume"],"campfire_rested":1,"item_purchase_floors":[5,5,14],"current_hp_per_floor":[71,64,55,55,55,37,37,21,21,14,14,7,29,29,29,0],"gold":26,"neow_bonus":"TEN_PERCENT_HP_BONUS","is_prod":false,"is_daily":false,"chose_seed":false,"campfire_upgraded":2,"win_rate":0,"timestamp":1563412800,"path_taken":["M","?","M","?","?","E","R","E","T","?","?","E","R","$","R","BOSS"],"build_version":"2019-07-05","purchased_purges":1,"victory":false,"max_hp_per_floor":[82,82,82,76,76,76,76,76,76,76,76,76,76,76,76,76],"card_choices":[{"not_picked":["Conserve Battery","Chill"],"picked":"Rip and Tear","floor":1},{"not_picked":["Conserve Battery","Barrage"],"picked":"Ball Lightning","floor":3},{"not_picked":["Darkness","Undo"],"picked":"Leap","floor":6},{"not_picked":["Heatsinks","Force Field"],"picked":"Sunder","floor":8},{"not_picked":["Beam Cell","Scrape"],"picked":"Go for the Eyes","floor":10},{"not_picked":["Chaos","Stack"],"picked":"Recycle","floor":12},{"not_picked":["Force Field","Reprogram"],"picked":"Compile Driver","floor":13}],"player_experience":487994,"relics_obtained":[{"floor":6,"key":"Calipers"},{"floor":8,"key":"Dream Catcher"},{"floor":9,"key":"Mercury Hourglass"},{"floor":12,"key":"Pen Nib"}],"event_choices":[{"cards_removed":["Strike_B"],"damage_healed":0,"gold_gain":0,"player_choice":"Card Removal","damage_taken":7,"max_hp_gain":0,"max_hp_loss":0,"event_name":"Golden Wing","floor":2,"gold_loss":0},{"damage_healed":0,"gold_gain":0,"player_choice":"Lose Max HP","damage_taken":0,"relics_obtained":["Golden Idol"],"max_hp_gain":0,"max_hp_loss":6,"event_name":"Golden Idol","floor":4,"gold_loss":0},{"damage_healed":0,"gold_gain":0,"player_choice":"Ignored","damage_taken":0,"max_hp_gain":0,"max_hp_loss":0,"event_name":"Liars Game","floor":11,"gold_loss":0}],"is_beta":false,"boss_relics":[],"items_purged_floors":[14],"is_endless":false,"potions_floor_spawned":[6,8,10,12],"killed_by":"Slime Boss","ascension_level":6}