{"gold_per_floor":[115,265,265,280,12,42,56,56,56,56],"floor_reached":10,"playtime":274,"items_purged":[],"score":182,"play_id":"0ecf5c81-dce9-4103-8df3-4b4d37f6586b","local_time":"20190307211651","is_ascension_mode":true,"campfire_choices":[{"data":"Neutralize","floor":8,"key":"SMITH"}],"neow_cost":"NONE","seed_source_timestamp":30886283768989,"circlet_count":0,"master_deck":["AscendersBane","Defend_G","Defend_G","Defend_G","Defend_G","Defend_G","Strike_G","Strike_G","Strike_G","Strike_G","Survivor","Neutralize+1","Dodge and Roll","Doubt","Poisoned Stab","After Image"],"relics":["Ring of the Snake","NeowsBlessing","Singing Bowl","Molten Egg 2","Paper Crane"],"potions_floor_usage":[],"damage_taken":[{"damage":0,"enemies":"Jaw Worm","floor":1,"turns":1},{"damage":0,"enemies":"Small Slimes","floor":4,"turns":1},{"damage":0,"enemies":"Lagavulin","floor":6,"turns":1},{"damage":9,"enemies":"Cultist","floor":7,"turns":5},{"damage":45,"enemies":"3 Sentries","floor":10,"turns":14}],"seed_played":"5742953291818703646","potions_obtained":[{"floor":4,"key":"GamblersBrew"},{"floor":7,"key":"SteroidPotion"}],"is_trial":false,"path_per_floor":["M","?","?","M","$","E","M","R","T","E"],"character_chosen":"THE_SILENT","items_purchased":["Singing Bowl"],"campfire_rested":0,"item_purchase_floors":[5],"current_hp_per_floor":[59,59,52,52,52,52,45,45,45,0],"gold":56,"neow_bonus":"THREE_ENEMY_KILL","is_prod":false,"is_daily":false,"chose_seed":false,"campfire_upgraded":1,"win_rate":0,"timestamp":1551982611,"path_taken":["M","?","?","M","$","E","M","R","T","E"],"build_version":"2019-01-23","purchased_purges":0,"victory":false,"max_hp_per_floor":[66,66,66,66,66,66,68,68,68,68],"card_choices":[{"not_picked":["Dagger Throw","Underhanded Strike"],"picked":"Dodge and Roll","floor":1},{"not_picked":["Underhanded Strike","Expertise"],"picked":"Poisoned Stab","floor":4},{"not_picked":["Deflect","Setup"],"picked":"After Image","floor":6},{"not_picked":["Slice+1","Deadly Poison","Expertise"],"picked":"Singing Bowl","floor":7}],"player_experience":782353,"relics_obtained":[{"floor":6,"key":"Molten Egg 2"},{"floor":9,"key":"Paper Crane"}],"event_choices":[{"damage_healed":0,"gold_gain":150,"player_choice":"AGREE","damage_taken":0,"max_hp_gain":0,"max_hp_loss":0,"event_name":"Liars Game","floor":2,"gold_loss":0,"cards_obtained":["Doubt"]},{"cards_removed":["Strike_G"],"damage_healed":0,"gold_gain":0,"player_choice":"Card Removal","damage_taken":7,"max_hp_gain":0,"max_hp_loss":0,"event_name":"Golden Wing","floor":3,"gold_loss":0}],"is_beta":false,"boss_relics":[],"items_purged_floors":[],"is_endless":false,"potions_floor_spawned":[4,7],"killed_by":"3 Sentries","ascension_level":20}