{"path_per_floor":["M","?","?","$","M","R","M","R","T","E","M","?","M","M","R","B",null,"M","M","M","?","M","?","R","E","T"],"character_chosen":"THE_SILENT","items_purchased":["A Thousand Cuts"],"gold_per_floor":[119,119,119,37,57,57,70,70,100,126,145,145,165,184,184,184,184,209,222,241,241,257,172,172,203,203],"floor_reached":27,"campfire_rested":1,"playtime":2474,"current_hp_per_floor":[70,70,58,58,57,57,59,59,59,61,57,40,39,41,41,60,70,58,56,55,55,44,44,65,12,12],"items_purged":[],"gold":203,"score":260,"play_id":"d6c52d34-1161-4db5-8d77-aeeff393d705","is_prod":false,"is_daily":false,"is_ascension_mode":false,"campfire_upgraded":3,"path_taken":["M","?","?","$","M","R","M","R","T","E","M","?","M","M","R","BOSS","M","M","M","?","M","?","R","E","T","E"],"build_version":"2018-02-15-PROD1","purchased_purges":0,"victory":false,"master_deck":["Defend_G","Defend_G","Defend_G","Defend_G","Strike_G","Strike_G","Strike_G","Survivor","Neutralize","Adrenaline+1","Well Laid Plans+1","Outmaneuver+1","A Thousand Cuts+1","Footwork+1","Quick Slash","Terror+1","Backflip","Dagger Throw","Wraith Form","Distraction+1","Outmaneuver+1","Prepared+1","Expertise+1"],"max_hp_per_floor":[70,70,70,70,70,70,70,70,70,70,70,70,70,70,70,70,70,70,70,70,70,70,70,70,70,70],"relics":["Astrolabe","Blood Vial","Tiny Chest","Pantograph","Golden Idol","Sozu","Frozen Egg 2","Oddly Smooth Stone","Unceasing Top"],"card_choices":[{"not_picked":["Dagger Spray","Riddle With Holes"],"picked":"Footwork"},{"not_picked":["Well Laid Plans","PiercingWail"],"picked":"Quick Slash"},{"not_picked":["Corpse Explosion","Sucker Punch"],"picked":"Terror"},{"not_picked":["Dash","Deflect"],"picked":"Backflip"},{"not_picked":["Distraction","Catalyst"],"picked":"Dagger Throw"},{"not_picked":["Adrenaline","Glass Knife"],"picked":"Wraith Form"},{"not_picked":["Expertise","Bouncing Flask"],"picked":"Distraction"},{"not_picked":["Prepared","PiercingWail"],"picked":"Outmaneuver"},{"not_picked":["Flechettes","Quick Slash"],"picked":"Prepared"},{"not_picked":["Bane","Well Laid Plans"],"picked":"Expertise"}],"player_experience":35334,"potions_floor_usage":[11,16,16],"damage_taken":[{"damage":0,"enemies":"Small Slimes","floor":1,"turns":5},{"damage":3,"enemies":"Jaw Worm","floor":5,"turns":3},{"damage":0,"enemies":"2 Louse","floor":7,"turns":4},{"damage":0,"enemies":"Lagavulin","floor":10,"turns":8},{"damage":6,"enemies":"2 Fungi Beasts","floor":11,"turns":2},{"damage":3,"enemies":"Exordium Thugs","floor":13,"turns":4},{"damage":0,"enemies":"Looter","floor":14,"turns":4},{"damage":8,"enemies":"Hexaghost","floor":16,"turns":7},{"damage":12,"enemies":"Shell Parasite","floor":18,"turns":5},{"damage":4,"enemies":"Chosen","floor":19,"turns":5},{"damage":3,"enemies":"Slaver and Parasite","floor":20,"turns":6},{"damage":13,"enemies":"Centurion and Healer","floor":22,"turns":4},{"damage":55,"enemies":"Gremlin Leader","floor":25,"turns":6},{"damage":15,"enemies":"Slavers","floor":27,"turns":2}],"event_choices":[{"event_name":"Liars Game","player_choice":"disagreed","floor":2,"damage_taken":0},{"event_name":"Scrap Ooze","player_choice":"success","floor":3,"damage_taken":12},{"event_name":"Golden Idol","player_choice":"Take Damage","floor":12,"damage_taken":0},{"event_name":"The Woman in Blue","player_choice":"Bought 0 Potions","floor":21,"damage_taken":0},{"event_name":"Addict","player_choice":"Obtained Relic","floor":23,"damage_taken":0}],"boss_relics":[{"not_picked":["Question Card","Snecko Eye"],"picked":"Sozu"}],"potions_floor_spawned":[1,5,10,11,18,19,22],"seed_played":"2237985106526765638","killed_by":"Slavers","ascension_level":0,"is_trial":false}