{"gold_per_floor":[119,131,150,150,169,169,189,209,209,14,45,59,70,86,86,184,184,202,202,214,313,127,127,154,154,154,154,167,182,36,36,36,36],"floor_reached":33,"playtime":1360,"items_purged":["Pain","Strike_R"],"score":291,"play_id":"43c730ee-a77f-494c-84bc-1ad5187a6ced","local_time":"20181124221737","is_ascension_mode":false,"campfire_choices":[{"floor":6.0,"key":"RECALL"},{"data":"Rage","floor":15.0,"key":"SMITH"},{"data":"Rupture","floor":23.0,"key":"SMITH"},{"floor":32.0,"key":"REST"}],"neow_cost":"NONE","seed_source_timestamp":33918451089887,"circlet_count":0,"master_deck":["Strike_R","Strike_R","Strike_R","Strike_R","Defend_R","Defend_R","Defend_R","Defend_R","Bash","Fire Breathing","Dropkick","Immolate","Bloodletting","Seeing Red","Ghostly Armor","Rage+1","Juggernaut","Corruption+1","Rupture+1","Dual Wield","Whirlwind"],"special_seed":0,"relics":["Burning Blood","Blue Candle","Membership Card","Bronze Scales","Busted Crown","WarpedTongs","Paper Frog","Mummified Hand","Nilry\u0027s Codex","Bag of Marbles"],"potions_floor_usage":[],"damage_taken":[{"damage":2.0,"enemies":"2 Louse","floor":1.0,"turns":3.0},{"damage":6.0,"enemies":"Cultist","floor":2.0,"turns":3.0},{"damage":0.0,"enemies":"Small Slimes","floor":3.0,"turns":3.0},{"damage":15.0,"enemies":"Red Slaver","floor":5.0,"turns":3.0},{"damage":9.0,"enemies":"Exordium Wildlife","floor":7.0,"turns":3.0},{"damage":0.0,"enemies":"Large Slime","floor":8.0,"turns":4.0},{"damage":27.0,"enemies":"3 Sentries","floor":11.0,"turns":5.0},{"damage":8.0,"enemies":"Looter","floor":12.0,"turns":2.0},{"damage":0.0,"enemies":"3 Louse","floor":13.0,"turns":1.0},{"damage":11.0,"enemies":"Lots of Slimes","floor":14.0,"turns":3.0},{"damage":63.0,"enemies":"The Guardian","floor":16.0,"turns":16.0},{"damage":10.0,"enemies":"3 Byrds","floor":18.0,"turns":2.0},{"damage":12.0,"enemies":"Shell Parasite","floor":20.0,"turns":5.0},{"damage":44.0,"enemies":"Slavers","floor":24.0,"turns":5.0},{"damage":0.0,"enemies":"Book of Stabbing","floor":27.0,"turns":1.0},{"damage":22.0,"enemies":"Centurion and Healer","floor":28.0,"turns":6.0},{"damage":15.0,"enemies":"Shelled Parasite and Fungi","floor":29.0,"turns":4.0},{"damage":80,"enemies":"Automaton","floor":33,"turns":6}],"seed_played":"3175115386577657169","potions_obtained":[{"floor":2.0,"key":"GamblersBrew"},{"floor":4.0,"key":"SneckoOil"},{"floor":4.0,"key":"BloodPotion"},{"floor":4.0,"key":"Weak Potion"},{"floor":5.0,"key":"EssenceOfSteel"},{"floor":11.0,"key":"BloodPotion"},{"floor":13.0,"key":"SmokeBomb"},{"floor":24.0,"key":"BloodPotion"},{"floor":29.0,"key":"Energy Potion"}],"is_trial":false,"path_per_floor":["M","M","M","?","M","R","M","M","T","$","E","M","M","M","R","B",null,"M","?","M","?","$","R","E","?","T","E","M","M","$","?","R","B"],"character_chosen":"IRONCLAD","items_purchased":["Membership Card","Rupture","Paper Frog","Whirlwind","Bag of Marbles"],"campfire_rested":1,"item_purchase_floors":[10,22,22,30,30],"current_hp_per_floor":[88,88,88,88,79,79,76,82,82,82,61,67,73,68,68,19,88,84,84,78,78,78,78,40,24,24,30,14,13,13,13,39,0],"gold":36,"neow_bonus":"TEN_PERCENT_HP_BONUS","is_prod":false,"is_daily":false,"chose_seed":false,"campfire_upgraded":2,"win_rate":0,"timestamp":1543126657,"path_taken":["M","M","M","?","?","R","M","M","T","$","E","M","M","M","R","BOSS","M","?","?","?","$","R","E","?","T","E","M","M","$","?","R","BOSS"],"build_version":"2018-11-15","purchased_purges":2,"victory":false,"max_hp_per_floor":[88,88,88,88,88,88,88,88,88,88,88,88,88,88,88,88,88,88,88,88,88,88,88,88,88,88,88,88,88,88,88,88,88],"card_choices":[{"not_picked":["True Grit","Havoc","Blood for Blood"],"picked":"SKIP","floor":1.0},{"not_picked":["Heavy Blade","Thunderclap"],"picked":"Fire Breathing","floor":2.0},{"not_picked":["Body Slam","Cleave","Sword Boomerang"],"picked":"SKIP","floor":3.0},{"not_picked":["Shrug It Off","Cleave"],"picked":"Dropkick","floor":5.0},{"not_picked":["Hemokinesis","Burning Pact"],"picked":"Immolate","floor":7.0},{"not_picked":["Evolve","Warcry","Pommel Strike"],"picked":"SKIP","floor":8.0},{"not_picked":["Searing Blow","Havoc"],"picked":"Bloodletting","floor":11.0},{"not_picked":["Iron Wave","Cleave"],"picked":"Seeing Red","floor":12.0},{"not_picked":["Heavy Blade","Infernal Blade"],"picked":"Ghostly Armor","floor":13.0},{"not_picked":["Sentinel","Infernal Blade"],"picked":"Rage","floor":14.0},{"not_picked":["Reaper","Dark Embrace"],"picked":"Juggernaut","floor":16.0},{"not_picked":["Havoc+1"],"picked":"SKIP","floor":18.0},{"not_picked":[],"picked":"Corruption+1","floor":20.0},{"not_picked":["True Grit+1"],"picked":"SKIP","floor":24.0},{"not_picked":[],"picked":"Dual Wield","floor":28.0},{"not_picked":["True Grit"],"picked":"SKIP","floor":29.0}],"player_experience":489043,"relics_obtained":[{"floor":9.0,"key":"Blue Candle"},{"floor":11.0,"key":"Bronze Scales"},{"floor":24.0,"key":"Mummified Hand"},{"floor":25.0,"key":"Nilry\u0027s Codex"}],"event_choices":[{"damage_healed":0.0,"max_hp_gain":0.0,"max_hp_loss":0.0,"gold_gain":0.0,"event_name":"Lab","player_choice":"Got Potions","floor":4.0,"gold_loss":0.0,"damage_taken":0.0},{"damage_healed":0.0,"max_hp_gain":0.0,"max_hp_loss":0.0,"gold_gain":0.0,"event_name":"Accursed Blacksmith","player_choice":"Rummage","floor":19.0,"gold_loss":0.0,"damage_taken":0.0,"relics_obtained":["WarpedTongs"],"cards_obtained":["Pain"]},{"damage_healed":0.0,"max_hp_gain":0.0,"max_hp_loss":0.0,"gold_gain":99.0,"event_name":"Nest","player_choice":"Stole From Cult","floor":21.0,"gold_loss":0.0,"damage_taken":0.0},{"damage_healed":0.0,"max_hp_gain":0.0,"max_hp_loss":0.0,"gold_gain":0.0,"event_name":"Cursed Tome","player_choice":"Obtained Book","floor":25.0,"gold_loss":0.0,"damage_taken":16.0},{"damage_healed":0.0,"max_hp_gain":0.0,"max_hp_loss":0.0,"gold_gain":0.0,"event_name":"Ghosts","player_choice":"Ignored","floor":31.0,"gold_loss":0.0,"damage_taken":0.0}],"is_beta":false,"boss_relics":[{"not_picked":["Mark of Pain","Black Blood"],"picked":"Busted Crown"}],"items_purged_floors":[22,30],"is_endless":false,"potions_floor_spawned":[2,5,7,11,13,24,27,29],"killed_by":"Automaton","ascension_level":0}