{"gold_per_floor":[118,118,128,140,43,43,43,5,29,64,145,145,155,167,167,246,246,262,262,262,158,173,173,223,223,223,242,256,256,256,285,285,285],"floor_reached":33,"playtime":971,"items_purged":["Defend_B"],"score":460,"play_id":"d0a819cc-b730-4cf5-8430-5f898770d9fb","local_time":"20180829071017","is_ascension_mode":true,"campfire_choices":[{"data":"Loop","floor":6.0,"key":"SMITH"},{"floor":12.0,"key":"REST"},{"data":"Capacitor","floor":15.0,"key":"SMITH"},{"data":"Loop","floor":23,"key":"SMITH"},{"data":"Coolheaded","floor":25,"key":"SMITH"},{"floor":30,"key":"REST"},{"floor":32,"key":"REST"}],"neow_cost":"NONE","seed_source_timestamp":51544923909097,"circlet_count":0,"master_deck":["Strike_B","Strike_B","Strike_B","Strike_B","Defend_B","Defend_B","Zap+1","Dualcast","AscendersBane","Cold Snap","Ball Lightning+1","Loop+1","Capacitor+1","Leap","Auto Shields","Glacier","Coolheaded+1","Thunder Strike","Rebound","Loop+1"],"special_seed":0,"relics":["Cracked Core","Orichalcum","The Courier","Smiling Mask","Nuclear Battery","Pear","Blue Candle"],"potions_floor_usage":[31,33,33],"damage_taken":[{"damage":7.0,"enemies":"Small Slimes","floor":1.0,"turns":3.0},{"damage":7.0,"enemies":"2 Louse","floor":3.0,"turns":3.0},{"damage":0.0,"enemies":"Jaw Worm","floor":4.0,"turns":3.0},{"damage":18.0,"enemies":"3 Sentries","floor":10.0,"turns":7.0},{"damage":3.0,"enemies":"Exordium Wildlife","floor":13.0,"turns":4.0},{"damage":16.0,"enemies":"Exordium Thugs","floor":14.0,"turns":5.0},{"damage":32.0,"enemies":"Slime Boss","floor":16.0,"turns":10.0},{"damage":1.0,"enemies":"Shell Parasite","floor":18.0,"turns":7.0},{"damage":12,"enemies":"Spheric Guardian","floor":22,"turns":4},{"damage":19,"enemies":"Snake Plant","floor":27,"turns":7},{"damage":25,"enemies":"Chosen and Byrds","floor":28,"turns":7},{"damage":18,"enemies":"Slavers","floor":31,"turns":5},{"damage":51,"enemies":"Automaton","floor":33,"turns":6}],"seed_played":"-5573644167851882041","potions_obtained":[{"floor":10.0,"key":"Explosive Potion"},{"floor":14.0,"key":"SkillPotion"},{"floor":16.0,"key":"EssenceOfSteel"},{"floor":28,"key":"PowerPotion"},{"floor":31,"key":"SkillPotion"}],"is_trial":false,"path_per_floor":["M","?","M","M","$","R","?","$","T","E","T","R","M","M","R","B",null,"M","?","?","$","M","R","?","R","T","M","M","?","R","E","R"],"character_chosen":"DEFECT","items_purchased":["Capacitor","Leap","Auto Shields","Loop"],"campfire_rested":3,"item_purchase_floors":[5,5,8,21],"current_hp_per_floor":[57,62,55,55,55,55,55,55,55,37,37,59,56,40,40,8,59,58,58,58,58,46,46,46,46,56,37,12,12,37,19,44,0],"gold":285,"neow_bonus":"UPGRADE_CARD","is_prod":false,"is_daily":false,"chose_seed":false,"campfire_upgraded":4,"win_rate":0,"timestamp":1535515817,"path_taken":["M","?","M","M","$","R","?","?","T","E","?","R","?","M","R","BOSS","M","?","?","$","M","R","?","R","T","?","M","?","R","E","R","BOSS"],"build_version":"2018-08-23v2","purchased_purges":1,"victory":false,"max_hp_per_floor":[71,76,76,76,76,76,76,76,76,76,76,76,76,76,76,76,76,76,76,76,76,76,76,76,76,86,86,86,86,86,86,86,86],"card_choices":[{"not_picked":["Stack","White Noise"],"picked":"Cold Snap","floor":1.0},{"not_picked":["Coolheaded","Gash"],"picked":"Ball Lightning","floor":3.0},{"not_picked":["Coolheaded","Gash"],"picked":"Loop","floor":4.0},{"not_picked":["Beam Cell","Reprogram"],"picked":"Glacier","floor":10.0},{"not_picked":["Turbo","Reprogram","Recycle"],"picked":"SKIP","floor":13.0},{"not_picked":["Darkness","Turbo"],"picked":"Coolheaded","floor":14.0},{"not_picked":["All For One","Core Surge"],"picked":"Thunder Strike","floor":16.0},{"not_picked":["Rebound","Undo","Leap"],"picked":"SKIP","floor":18.0},{"not_picked":["Gash","Force Field","Fusion"],"picked":"SKIP","floor":22},{"not_picked":["Steam Power+1","Compile Driver","Hologram"],"picked":"SKIP","floor":27},{"not_picked":["Go for the Eyes","Steam Power","Coolheaded+1"],"picked":"SKIP","floor":28},{"not_picked":["Turbo+1","Streamline","Amplify"],"picked":"SKIP","floor":31}],"player_experience":445075,"relics_obtained":[{"floor":9.0,"key":"Orichalcum"},{"floor":10.0,"key":"The Courier"},{"floor":11.0,"key":"Smiling Mask"},{"floor":26,"key":"Pear"},{"floor":31,"key":"Blue Candle"}],"event_choices":[{"event_name":"Big Fish","player_choice":"Donut","floor":2.0,"damage_taken":0.0},{"event_name":"Living Wall","player_choice":"Grow","floor":7.0,"damage_taken":0.0},{"event_name":"The Mausoleum","player_choice":"No","floor":19,"damage_taken":0},{"event_name":"Transmorgrifier","player_choice":"Transform","floor":20,"damage_taken":0},{"event_name":"The Joust","player_choice":"Bet on Murderer","floor":24,"damage_taken":0},{"event_name":"Vampires","player_choice":"Ignored","floor":29,"damage_taken":0}],"is_beta":false,"boss_relics":[{"not_picked":["Runic Pyramid","Astrolabe"],"picked":"Nuclear Battery"}],"items_purged_floors":[21],"is_endless":false,"potions_floor_spawned":[10,14,16,22,28,31],"killed_by":"Automaton","ascension_level":15}