{"gold_per_floor":[118,118,138,63,79,79,94,44,44,44,60,85,104,132,144,156],"floor_reached":16,"playtime":680,"items_purged":["Strike_B"],"score":137,"play_id":"83f90b98-19b4-4a8b-9239-fd88f02429d4","local_time":"20181011225143","is_ascension_mode":false,"campfire_choices":[{"data":"Chaos","floor":6,"key":"SMITH"},{"data":"Static Discharge","floor":10,"key":"SMITH"},{"data":"Genetic Algorithm","floor":15,"key":"SMITH"}],"neow_cost":"NONE","seed_source_timestamp":361113462097,"circlet_count":0,"master_deck":["Strike_B","Strike_B","Defend_B","Defend_B","Defend_B","Defend_B","Zap","Dualcast","Chaos+1","Consume","Loop","Static Discharge+1","Decay","Conserve Battery","Genetic Algorithm+1"],"relics":["Cursed Key","Bird Faced Urn","Pocketwatch","Bag of Preparation","MawBank"],"potions_floor_usage":[11],"damage_taken":[{"damage":0,"enemies":"2 Louse","floor":1,"turns":2},{"damage":1,"enemies":"Cultist","floor":3,"turns":3},{"damage":10,"enemies":"Small Slimes","floor":5,"turns":4},{"damage":11,"enemies":"Exordium Thugs","floor":7,"turns":5},{"damage":8,"enemies":"Lots of Slimes","floor":11,"turns":4},{"damage":0,"enemies":"Lagavulin","floor":12,"turns":4},{"damage":7,"enemies":"3 Louse","floor":13,"turns":2},{"damage":18,"enemies":"3 Sentries","floor":14,"turns":4},{"damage":39,"enemies":"Slime Boss","floor":16,"turns":9}],"seed_played":"770992380005556736","potions_obtained":[{"floor":5,"key":"LiquidBronze"},{"floor":7,"key":"AttackPotion"},{"floor":14,"key":"EssenceOfSteel"}],"is_trial":false,"path_per_floor":["M","?","M","$","M","R","M","?","T","R","M","E","M","E","R"],"character_chosen":"DEFECT","items_purchased":[],"campfire_rested":0,"item_purchase_floors":[],"current_hp_per_floor":[75,72,71,71,61,61,52,52,52,52,48,52,49,35,35,0],"gold":156,"neow_bonus":"BOSS_RELIC","is_prod":false,"is_daily":false,"chose_seed":false,"campfire_upgraded":3,"win_rate":0,"timestamp":1539323503,"path_taken":["M","?","M","$","?","R","M","?","T","R","?","E","M","E","R","BOSS"],"build_version":"2018-10-11","purchased_purges":1,"victory":false,"max_hp_per_floor":[75,75,75,75,75,75,75,75,75,75,75,75,75,75,75,75],"card_choices":[{"not_picked":["Coolheaded","Leap"],"picked":"Chaos","floor":1},{"not_picked":["Turbo","Steam"],"picked":"Consume","floor":3},{"not_picked":["Steam","Aggregate"],"picked":"Loop","floor":5},{"not_picked":["Go for the Eyes","Skim"],"picked":"Static Discharge","floor":7},{"not_picked":["Stack","Skim","Go for the Eyes"],"picked":"SKIP","floor":11},{"not_picked":["Cold Snap","Glacier","Scrape"],"picked":"SKIP","floor":12},{"not_picked":["Go for the Eyes","Scrape"],"picked":"Conserve Battery","floor":13},{"not_picked":["Leap","Sunder"],"picked":"Genetic Algorithm","floor":14}],"player_experience":357581,"relics_obtained":[{"floor":9,"key":"Pocketwatch"},{"floor":12,"key":"Bag of Preparation"},{"floor":14,"key":"MawBank"}],"event_choices":[{"event_name":"Scrap Ooze","player_choice":"success","floor":2,"damage_taken":3},{"event_name":"The Cleric","player_choice":"Card Removal","floor":8,"damage_taken":0}],"is_beta":false,"boss_relics":[],"items_purged_floors":[4],"is_endless":false,"potions_floor_spawned":[5,7,14],"killed_by":"Slime Boss","ascension_level":0}