{"gold_per_floor":[119,134,134,8,19,47,47,60,133,133,161,161,191,216,216,313,313,327,18,35,35,51,51,82,82,82,82,111,122,139,168,168,271,271,282,282,319,62,80,134,134,184,211,211,211,263,338,34,34,54,54,54,54,88,108],"floor_reached":56,"playtime":3116,"items_purged":["Strike_G","Strike_G"],"score":1489,"play_id":"0f78bd77-712c-46d2-a2d5-69dcf6de4419","local_time":"20190705210852","is_ascension_mode":true,"campfire_choices":[{"data":"Noxious Fumes","floor":7.0,"key":"SMITH"},{"data":"Deflect","floor":10.0,"key":"SMITH"},{"data":"Cloak And Dagger","floor":12.0,"key":"SMITH"},{"floor":15.0,"key":"REST"},{"data":"Footwork","floor":23.0,"key":"SMITH"},{"data":"Crippling Poison","floor":25.0,"key":"SMITH"},{"data":"Well Laid Plans","floor":27.0,"key":"SMITH"},{"data":"Footwork","floor":32.0,"key":"SMITH"},{"data":"A Thousand Cuts","floor":41.0,"key":"SMITH"},{"data":"Backflip","floor":44.0,"key":"SMITH"},{"floor":49.0,"key":"RECALL"},{"data":"Well Laid Plans","floor":52.0,"key":"SMITH"}],"neow_cost":"NONE","seed_source_timestamp":40958625957173,"circlet_count":0,"master_deck":["Defend_G","Defend_G","Defend_G","Defend_G","Defend_G","Survivor","Neutralize+1","Poisoned Stab","Backflip+1","Noxious Fumes+1","Poisoned Stab","Deflect+1","Crippling Poison+1","Cloak And Dagger+1","Leg Sweep+1","Die Die Die","Bane","A Thousand Cuts+1","Footwork+1","Footwork+1","PiercingWail","PiercingWail+1","Well Laid Plans+1","Backstab+1","Quick Slash+1","Malaise+1","Escape Plan+1","Footwork+1","Escape Plan+1","Dodge and Roll+1","Thinking Ahead","Finesse","HandOfGreed","Terror","Well Laid Plans+1","Dash","Caltrops+1","Writhe","Backflip","Predator+1"],"special_seed":0,"relics":["Ring of the Snake","Ginger","Regal Pillow","Odd Mushroom","Sundial","Sozu","Oddly Smooth Stone","Gambling Chip","Art of War","Blue Candle","Dream Catcher","Meat on the Bone","Astrolabe","Orichalcum","Anchor","Happy Flower","War Paint","Pocketwatch","Bottled Tornado","Tough Bandages"],"potions_floor_usage":[55],"damage_taken":[{"damage":0.0,"enemies":"Jaw Worm","floor":1.0,"turns":5.0},{"damage":0.0,"enemies":"Cultist","floor":2.0,"turns":3.0},{"damage":5.0,"enemies":"Small Slimes","floor":5.0,"turns":4.0},{"damage":28.0,"enemies":"Gremlin Nob","floor":6.0,"turns":5.0},{"damage":0.0,"enemies":"3 Louse","floor":8.0,"turns":3.0},{"damage":10.0,"enemies":"3 Sentries","floor":11.0,"turns":6.0},{"damage":8.0,"enemies":"The Mushroom Lair","floor":13.0,"turns":3.0},{"damage":1.0,"enemies":"Gremlin Nob","floor":14.0,"turns":4.0},{"damage":29.0,"enemies":"Slime Boss","floor":16.0,"turns":11.0},{"damage":0.0,"enemies":"Shell Parasite","floor":18.0,"turns":6.0},{"damage":0.0,"enemies":"2 Thieves","floor":20.0,"turns":4.0},{"damage":6.0,"enemies":"Snecko","floor":22.0,"turns":5.0},{"damage":0.0,"enemies":"Gremlin Leader","floor":24.0,"turns":7.0},{"damage":28.0,"enemies":"Slavers","floor":28.0,"turns":5.0},{"damage":3.0,"enemies":"Cultist and Chosen","floor":29.0,"turns":5.0},{"damage":0.0,"enemies":"Chosen and Byrds","floor":30.0,"turns":4.0},{"damage":0.0,"enemies":"Gremlin Leader","floor":31.0,"turns":6.0},{"damage":2.0,"enemies":"Champ","floor":33.0,"turns":11.0},{"damage":2.0,"enemies":"Orb Walker","floor":35.0,"turns":5.0},{"damage":0.0,"enemies":"3 Darklings","floor":37.0,"turns":6.0},{"damage":9.0,"enemies":"Transient","floor":39.0,"turns":5.0},{"damage":0.0,"enemies":"Nemesis","floor":40.0,"turns":11.0},{"damage":0.0,"enemies":"Giant Head","floor":42.0,"turns":9.0},{"damage":0.0,"enemies":"Reptomancer","floor":46.0,"turns":8.0},{"damage":10.0,"enemies":"2 Orb Walkers","floor":47.0,"turns":6.0},{"damage":2.0,"enemies":"Donu and Deca","floor":50.0,"turns":13.0},{"damage":6,"enemies":"Shield and Spear","floor":54,"turns":10},{"damage":46,"enemies":"The Heart","floor":55,"turns":13}],"seed_played":"7061042763904508103","potions_obtained":[{"floor":8.0,"key":"SteroidPotion"},{"floor":11.0,"key":"FearPotion"},{"floor":13.0,"key":"EssenceOfSteel"},{"floor":14.0,"key":"SkillPotion"}],"is_trial":false,"path_per_floor":["M","M","?","$","M","E","R","M","T","R","E","R","?","E","R","B",null,"M","$","M","?","M","R","E","R","T","R","E","M","M","E","R","B",null,"M","?","M","$","M","E","R","E","T","R","?","E","?","$","R","B",null,"R","$","E","B",null],"character_chosen":"THE_SILENT","items_purchased":["Noxious Fumes","Poisoned Stab","Footwork","Oddly Smooth Stone","Well Laid Plans","Dash","Bottled Tornado","Backflip"],"campfire_rested":1,"item_purchase_floors":[4,4,19,19,38,38,48,48],"current_hp_per_floor":[70,70,70,70,65,37,37,37,37,37,27,27,19,18,54,25,70,70,70,70,70,64,64,64,64,64,64,36,33,33,33,33,43,70,68,58,58,58,49,49,49,49,49,49,67,67,57,57,57,55,70,70,70,64,30],"gold":108,"neow_bonus":"UPGRADE_CARD","is_prod":false,"is_daily":false,"chose_seed":false,"campfire_upgraded":10,"win_rate":0,"timestamp":1562350132,"path_taken":["M","M","?","?","M","E","R","?","T","R","E","R","?","E","R","BOSS","M","$","M","?","M","R","E","R","T","R","E","M","M","E","R","BOSS","M","?","M","$","M","E","R","E","T","R","?","E","?","$","R","BOSS","R","$","E","BOSS"],"build_version":"2019-07-01","purchased_purges":2,"victory":true,"max_hp_per_floor":[70,70,70,70,70,70,70,70,70,70,70,70,70,70,70,70,70,70,70,70,70,70,70,70,70,70,70,70,70,70,70,70,70,70,70,70,70,70,70,70,70,70,70,70,70,70,70,70,70,70,70,70,70,70,70],"card_choices":[{"not_picked":["Finisher","Backflip"],"picked":"Poisoned Stab","floor":1.0},{"not_picked":["Poisoned Stab","Dagger Throw"],"picked":"Backflip","floor":2.0},{"not_picked":["Eviscerate","Backflip"],"picked":"Deflect","floor":5.0},{"not_picked":["Choke","Deadly Poison"],"picked":"Crippling Poison","floor":6.0},{"not_picked":["Tactician","Acrobatics"],"picked":"Cloak And Dagger","floor":8.0},{"not_picked":["Concentrate","Sucker Punch"],"picked":"Leg Sweep","floor":11.0},{"not_picked":["PiercingWail","Prepared"],"picked":"Die Die Die","floor":13.0},{"not_picked":["Flying Knee","Underhanded Strike"],"picked":"Bane","floor":14.0},{"not_picked":["Burst","Storm of Steel"],"picked":"A Thousand Cuts","floor":16.0},{"not_picked":["Dodge and Roll+1","Poisoned Stab"],"picked":"Footwork","floor":18.0},{"not_picked":["Deflect","Skewer"],"picked":"PiercingWail","floor":20.0},{"not_picked":["Slice","Backflip"],"picked":"PiercingWail+1","floor":22.0},{"not_picked":["Flying Knee","Sucker Punch"],"picked":"Well Laid Plans","floor":24.0},{"not_picked":["Wraith Form v2","Heel Hook"],"picked":"Backstab+1","floor":28.0},{"not_picked":["Acrobatics+1","Slice+1"],"picked":"Quick Slash+1","floor":29.0},{"not_picked":["Acrobatics","Poisoned Stab","Deflect"],"picked":"SKIP","floor":30.0},{"not_picked":["Prepared","Underhanded Strike+1","Dagger Spray"],"picked":"SKIP","floor":31.0},{"not_picked":["Venomology","Phantasmal Killer"],"picked":"Malaise","floor":33.0},{"not_picked":["Dagger Throw+1","Eviscerate+1"],"picked":"Dodge and Roll+1","floor":35.0},{"not_picked":["Finesse","Swift Strike"],"picked":"Thinking Ahead","floor":36.0},{"not_picked":["Forethought","Blind"],"picked":"Finesse","floor":36.0},{"not_picked":["Finesse","Enlightenment"],"picked":"HandOfGreed","floor":36.0},{"not_picked":["Cloak And Dagger+1","Tactician"],"picked":"Terror","floor":37.0},{"not_picked":["Acrobatics","Underhanded Strike","Dagger Throw+1"],"picked":"SKIP","floor":39.0},{"not_picked":["Dash+1","After Image"],"picked":"Caltrops+1","floor":40.0},{"not_picked":["Deflect","Blade Dance+1","Deadly Poison"],"picked":"SKIP","floor":42.0},{"not_picked":["Backstab","Sucker Punch+1","Dagger Throw"],"picked":"SKIP","floor":46.0},{"not_picked":["Poisoned Stab+1","Expertise+1"],"picked":"Predator+1","floor":54}],"player_experience":1046875,"relics_obtained":[{"floor":6.0,"key":"Ginger"},{"floor":11.0,"key":"Regal Pillow"},{"floor":13.0,"key":"Odd Mushroom"},{"floor":14.0,"key":"Sundial"},{"floor":24.0,"key":"Art of War"},{"floor":26.0,"key":"Blue Candle"},{"floor":28.0,"key":"Dream Catcher"},{"floor":31.0,"key":"Meat on the Bone"},{"floor":40.0,"key":"Orichalcum"},{"floor":42.0,"key":"Anchor"},{"floor":43.0,"key":"Happy Flower"},{"floor":46.0,"key":"War Paint"},{"floor":47.0,"key":"Pocketwatch"},{"floor":54,"key":"Tough Bandages"}],"event_choices":[{"damage_healed":0.0,"max_hp_gain":0.0,"max_hp_loss":0.0,"gold_gain":0.0,"event_name":"The Cleric","player_choice":"Leave","floor":3.0,"gold_loss":0.0,"damage_taken":0.0},{"damage_healed":0.0,"max_hp_gain":0.0,"max_hp_loss":0.0,"gold_gain":0.0,"event_name":"Mushrooms","player_choice":"Fought Mushrooms","floor":13.0,"gold_loss":0.0,"damage_taken":0.0},{"damage_healed":0.0,"max_hp_gain":0.0,"max_hp_loss":0.0,"gold_gain":0.0,"event_name":"WeMeetAgain","player_choice":"Gave Potion","floor":21.0,"gold_loss":0.0,"damage_taken":0.0,"relics_obtained":["Gambling Chip"]},{"damage_healed":0.0,"max_hp_gain":0.0,"max_hp_loss":0.0,"gold_gain":0.0,"event_name":"SensoryStone","player_choice":"Memory 3","floor":36.0,"gold_loss":0.0,"damage_taken":10.0},{"damage_healed":18.0,"max_hp_gain":0.0,"max_hp_loss":0.0,"gold_gain":0.0,"event_name":"Winding Halls","player_choice":"Writhe","floor":45.0,"gold_loss":0.0,"damage_taken":0.0,"cards_obtained":["Writhe"]},{"damage_healed":0.0,"max_hp_gain":0.0,"max_hp_loss":0.0,"gold_gain":0.0,"event_name":"Mysterious Sphere","player_choice":"Fight","floor":47.0,"gold_loss":0.0,"damage_taken":0.0}],"is_beta":false,"boss_relics":[{"not_picked":["Runic Pyramid","Ectoplasm"],"picked":"Sozu"},{"not_picked":["Coffee Dripper","White Beast Statue"],"picked":"Astrolabe"}],"items_purged_floors":[19,38],"is_endless":false,"potions_floor_spawned":[8,11,13,14,18,22,24,33,40,46,47],"ascension_level":1}