{"gold_per_floor":[112,40,40,52,227,227,261,275,275,28,28,61,61,71,71,172,172,139,167,217,234,234,234,247,267,267,267,281,293,293,309,309,413,413,426,49,60,80,80,80,114,114,114,114,114,214,15,25,25,25],"floor_reached":51,"playtime":2618,"items_purged":["Defend_G","Doubt"],"score":971,"play_id":"fb876c2b-d174-4c8f-9858-e679a9da793b","local_time":"20181106031506","is_ascension_mode":true,"campfire_choices":[{"data":"Footwork","floor":6.0,"key":"SMITH"},{"floor":11.0,"key":"REST"},{"floor":13.0,"key":"REST"},{"data":"1","floor":15.0,"key":"LIFT"},{"data":"Noxious Fumes","floor":23.0,"key":"SMITH"},{"data":"2","floor":27.0,"key":"LIFT"},{"floor":30.0,"key":"REST"},{"data":"3","floor":32.0,"key":"LIFT"},{"floor":40,"key":"REST"},{"floor":42,"key":"REST"},{"data":"Leg Sweep","floor":44,"key":"SMITH"},{"data":"Survivor","floor":45,"key":"SMITH"},{"data":"Blur","floor":49,"key":"SMITH"}],"neow_cost":"NONE","seed_source_timestamp":53590803138571,"circlet_count":0,"master_deck":["Defend_G","Defend_G","Strike_G","Strike_G","Strike_G","Strike_G","Survivor+1","Neutralize","Deflect","Footwork+1","Dagger Spray","PiercingWail","Noxious Fumes+1","Backflip","Leg Sweep+1","Adrenaline","PiercingWail+1","Underhanded Strike+1","Sucker Punch+1","After Image","Quick Slash+1","Unload+1","Flechettes+1","Footwork+1","Noxious Fumes","Dagger Spray+1","Flying Knee+1","Blur+1","Dagger Throw+1"],"special_seed":0,"relics":["Ring of the Snake","Potion Belt","FossilizedHelix","Girya","Bag of Marbles","Busted Crown","Red Mask","CultistMask","Molten Egg 2","Astrolabe","DollysMirror","Centennial Puzzle","WingedGreaves","Du-Vu Doll"],"potions_floor_usage":[50,50,50],"damage_taken":[{"damage":5.0,"enemies":"Jaw Worm","floor":1.0,"turns":7.0},{"damage":0.0,"enemies":"Cultist","floor":4.0,"turns":6.0},{"damage":48.0,"enemies":"Gremlin Nob","floor":7.0,"turns":6.0},{"damage":0.0,"enemies":"2 Louse","floor":8.0,"turns":3.0},{"damage":30.0,"enemies":"Lagavulin","floor":12.0,"turns":11.0},{"damage":1.0,"enemies":"Exordium Wildlife","floor":14.0,"turns":9.0},{"damage":13.0,"enemies":"The Guardian","floor":16.0,"turns":16.0},{"damage":0.0,"enemies":"2 Thieves","floor":18.0,"turns":5.0},{"damage":8.0,"enemies":"Masked Bandits","floor":19.0,"turns":6.0},{"damage":1.0,"enemies":"Shell Parasite","floor":21.0,"turns":7.0},{"damage":0.0,"enemies":"Cultist and Chosen","floor":24.0,"turns":9.0},{"damage":0.0,"enemies":"Shelled Parasite and Fungi","floor":25.0,"turns":10.0},{"damage":13.0,"enemies":"Snecko","floor":28.0,"turns":10.0},{"damage":4.0,"enemies":"Snake Plant","floor":29.0,"turns":7.0},{"damage":0.0,"enemies":"3 Cultists","floor":31.0,"turns":6.0},{"damage":34,"enemies":"Automaton","floor":33,"turns":13},{"damage":1,"enemies":"Orb Walker","floor":35,"turns":5},{"damage":4,"enemies":"3 Shapes","floor":37,"turns":6},{"damage":14,"enemies":"Transient","floor":38,"turns":5},{"damage":22,"enemies":"Reptomancer","floor":41,"turns":7},{"damage":0,"enemies":"Mind Bloom Boss Battle","floor":46,"turns":7},{"damage":0,"enemies":"Jaw Worm Horde","floor":48,"turns":2},{"damage":78,"enemies":"Awakened One","floor":50,"turns":24}],"seed_played":"6974152447259911025","potions_obtained":[{"floor":3.0,"key":"Poison Potion"},{"floor":3.0,"key":"Regen Potion"},{"floor":3.0,"key":"Swift Potion"},{"floor":8.0,"key":"SteroidPotion"},{"floor":12.0,"key":"GamblersBrew"},{"floor":14.0,"key":"Block Potion"},{"floor":21.0,"key":"Block Potion"},{"floor":24.0,"key":"FairyPotion"},{"floor":29.0,"key":"AttackPotion"},{"floor":31.0,"key":"Explosive Potion"},{"floor":33,"key":"GamblersBrew"},{"floor":35,"key":"Block Potion"},{"floor":37,"key":"FairyPotion"}],"is_trial":false,"path_per_floor":["M","$","?","M","?","R","E","M","T","$","R","E","R","M","R","B",null,"M","?","?","M","?","R","M","M","T","R","M","M","R","M","R","B",null,"M","$","M","M","?","R","E","R","T","R","R","?","$","M","R","B",null],"character_chosen":"THE_SILENT","items_purchased":["Footwork","Noxious Fumes","Backflip","Fire Potion","DollysMirror","Noxious Fumes","Blur","GhostInAJar","Dagger Throw+1"],"campfire_rested":5,"item_purchase_floors":[2,10,10,10,36,36,47,47,47],"current_hp_per_floor":[58,58,58,58,58,58,25,25,25,25,46,16,37,36,36,23,58,58,50,50,49,49,49,49,49,49,49,36,32,53,53,53,19,57,56,56,52,38,38,59,37,58,58,58,58,58,58,58,58,7],"gold":25,"neow_bonus":"RANDOM_COMMON_RELIC","is_prod":false,"is_daily":false,"chose_seed":false,"campfire_upgraded":5,"win_rate":0,"timestamp":1541463306,"path_taken":["M","$","?","?","?","R","E","M","T","$","R","E","R","M","R","BOSS","M","?","?","?","?","R","?","M","T","R","M","M","R","M","R","BOSS","M","$","M","M","?","R","E","R","T","R","R","?","$","M","R","BOSS"],"build_version":"2018-11-01","purchased_purges":2,"victory":true,"max_hp_per_floor":[70,70,70,70,70,70,70,70,70,70,70,70,70,70,70,70,70,70,70,70,70,70,70,70,70,70,70,70,70,70,70,70,70,70,70,70,70,70,70,70,70,70,70,70,70,70,70,70,70,70],"card_choices":[{"not_picked":["Well Laid Plans","Slice"],"picked":"Deflect","floor":1.0},{"not_picked":["Bane","Eviscerate","Slice"],"picked":"SKIP","floor":4.0},{"not_picked":["Flechettes","Backflip"],"picked":"Dagger Spray","floor":7.0},{"not_picked":["Blade Dance","Slice"],"picked":"PiercingWail","floor":8.0},{"not_picked":["Blade Dance","Corpse Explosion"],"picked":"Leg Sweep","floor":12.0},{"not_picked":["Cloak And Dagger","Blade Dance","All Out Attack"],"picked":"SKIP","floor":14.0},{"not_picked":["Storm of Steel","Envenom"],"picked":"Adrenaline","floor":16.0},{"not_picked":["Concentrate"],"picked":"SKIP","floor":18.0},{"not_picked":[],"picked":"PiercingWail+1","floor":21.0},{"not_picked":["Acrobatics"],"picked":"SKIP","floor":24.0},{"not_picked":["Endless Agony+1"],"picked":"SKIP","floor":25.0},{"not_picked":[],"picked":"Underhanded Strike+1","floor":28.0},{"not_picked":["Expertise"],"picked":"SKIP","floor":29.0},{"not_picked":[],"picked":"Sucker Punch+1","floor":31.0},{"not_picked":[],"picked":"After Image","floor":33},{"not_picked":["Quick Slash+1"],"picked":"SKIP","floor":35},{"not_picked":["Cloak And Dagger+1"],"picked":"SKIP","floor":37},{"not_picked":[],"picked":"Dagger Spray+1","floor":38},{"not_picked":[],"picked":"Flying Knee+1","floor":41},{"not_picked":["Masterful Stab+1"],"picked":"SKIP","floor":48}],"player_experience":497337,"relics_obtained":[{"floor":7.0,"key":"FossilizedHelix"},{"floor":9.0,"key":"Girya"},{"floor":12.0,"key":"Bag of Marbles"},{"floor":19.0,"key":"Red Mask"},{"floor":26.0,"key":"Molten Egg 2"},{"floor":41,"key":"Centennial Puzzle"},{"floor":43,"key":"WingedGreaves"},{"floor":46,"key":"Du-Vu Doll"}],"event_choices":[{"damage_healed":0.0,"max_hp_gain":0.0,"max_hp_loss":0.0,"gold_gain":0.0,"event_name":"Lab","player_choice":"Got Potions","floor":3.0,"gold_loss":0.0,"damage_taken":0.0},{"damage_healed":0.0,"max_hp_gain":0.0,"max_hp_loss":0.0,"gold_gain":175.0,"event_name":"Liars Game","player_choice":"AGREE","floor":5.0,"gold_loss":0.0,"damage_taken":0.0,"cards_obtained":["Doubt"]},{"damage_healed":0.0,"max_hp_gain":0.0,"max_hp_loss":0.0,"gold_gain":0.0,"event_name":"Masked Bandits","player_choice":"Fought Bandits","floor":19.0,"gold_loss":0.0,"damage_taken":0.0},{"damage_healed":0.0,"max_hp_gain":0.0,"max_hp_loss":0.0,"gold_gain":100.0,"event_name":"The Joust","player_choice":"Bet on Murderer","floor":20.0,"gold_loss":50.0,"damage_taken":0.0},{"damage_healed":0.0,"max_hp_gain":0.0,"max_hp_loss":0.0,"gold_gain":0.0,"event_name":"FaceTrader","player_choice":"Trade","floor":22.0,"gold_loss":0.0,"damage_taken":0.0,"relics_obtained":["CultistMask"]},{"damage_healed":0,"gold_gain":0,"player_choice":"Ignored","damage_taken":0,"max_hp_gain":0,"max_hp_loss":0,"event_name":"Mysterious Sphere","floor":39,"gold_loss":0},{"damage_healed":0,"gold_gain":0,"player_choice":"Fight","damage_taken":0,"max_hp_gain":0,"max_hp_loss":0,"event_name":"MindBloom","floor":46,"gold_loss":0}],"is_beta":false,"boss_relics":[{"not_picked":["Ring of the Serpent","Philosopher\u0027s Stone"],"picked":"Busted Crown"},{"not_picked":["Empty Cage","Runic Pyramid"],"picked":"Astrolabe"}],"items_purged_floors":[10,36],"is_endless":false,"potions_floor_spawned":[8,12,14,21,24,29,31,33,35,37,46,48],"ascension_level":9}