{"gold_per_floor":[117,117,117,130,149,149,176,190,245,295,470,470,481,510,510,606,606,617,617,7,21,21,49,49,81,81,99,133,144,144,158,158,254,254,264,264,38,51,99,99,115,127,151,167,192,1,1,1,1,1],"floor_reached":51,"playtime":4198,"items_purged":["Doubt"],"score":870,"play_id":"7604ee5c-a929-48ae-9f95-63539e637366","local_time":"20180726143349","is_ascension_mode":false,"campfire_choices":[{"data":"Venomology","floor":6,"key":"SMITH"},{"floor":12,"key":"REST"},{"floor":15,"key":"REST"},{"floor":24,"key":"REST"},{"floor":30,"key":"REST"},{"floor":32,"key":"REST"},{"floor":40,"key":"REST"},{"floor":47,"key":"REST"},{"floor":49,"key":"REST"}],"neow_cost":"NONE","seed_source_timestamp":32171647318929,"circlet_count":0,"master_deck":["Defend_G","Defend_G","Defend_G","Defend_G","Defend_G","Strike_G","Strike_G","Strike_G+1","Survivor","Neutralize","Venomology+1","Bane+1","Eviscerate","Blade Dance","Burst","Heel Hook","Cloak And Dagger","Catalyst","Underhanded Strike","Deadly Poison","Storm of Steel","Deadly Poison+1","Dagger Spray","Noxious Fumes","Underhanded Strike","Deadly Poison","Ghostly","Ghostly","Ghostly","Ghostly","Ghostly","Deadly Poison","Catalyst+1","All Out Attack+1","Injury","Dash+1","Catalyst+1","Backflip","Calculated Gamble","Backflip","Flechettes","Phantasmal Killer","Cloak And Dagger+1","Envenom","PiercingWail","Cloak And Dagger","Accuracy+1","Heel Hook+1","Acrobatics+1","Poisoned Stab","Cloak And Dagger+1","Pain","Flechettes+1","Catalyst+1","Catalyst+1","Madness+1","Madness+1","Prepared+1"],"relics":["Ring of the Snake","Pen Nib","Tiny Chest","Dream Catcher","Whetstone","Cursed Key","Mercury Hourglass","Blood Vial","Gremlin Horn","Letter Opener","Happy Flower","Meat on the Bone","Bag of Preparation","Fusion Hammer","Calipers","Vajra","Toxic Egg 2","Toy Ornithopter"],"potions_floor_usage":[4,7,7,7,7,14,16,16,16,16,23,23,25,25,28,29,31,33,33,39,39,41,41,45,50,50,50,50],"damage_taken":[{"damage":2,"enemies":"Jaw Worm","floor":1,"turns":4},{"damage":2,"enemies":"Cultist","floor":4,"turns":5},{"damage":0,"enemies":"2 Louse","floor":5,"turns":4},{"damage":26,"enemies":"Lagavulin","floor":7,"turns":9},{"damage":22,"enemies":"Exordium Thugs","floor":8,"turns":7},{"damage":5,"enemies":"Looter","floor":13,"turns":3},{"damage":19,"enemies":"3 Sentries","floor":14,"turns":9},{"damage":33,"enemies":"Slime Boss","floor":16,"turns":12},{"damage":19,"enemies":"3 Byrds","floor":18,"turns":9},{"damage":19,"enemies":"Spheric Guardian","floor":21,"turns":4},{"damage":27,"enemies":"Slavers","floor":23,"turns":6},{"damage":26,"enemies":"Gremlin Leader","floor":25,"turns":4},{"damage":2,"enemies":"Centurion and Healer","floor":27,"turns":5},{"damage":12,"enemies":"Slavers","floor":28,"turns":4},{"damage":1,"enemies":"Snecko","floor":29,"turns":4},{"damage":7,"enemies":"Chosen and Byrds","floor":31,"turns":3},{"damage":2,"enemies":"Collector","floor":33,"turns":6},{"damage":0,"enemies":"Orb Walker","floor":35,"turns":1},{"damage":0,"enemies":"Flame Bruiser 1 Orb","floor":38,"turns":4},{"damage":5,"floor":39,"turns":4},{"damage":15,"enemies":"Sphere and 2 Shapes","floor":41,"turns":4},{"damage":5,"enemies":"4 Shapes","floor":42,"turns":1},{"damage":1,"enemies":"Transient","floor":44,"turns":5},{"damage":6,"enemies":"Nemesis","floor":45,"turns":5},{"damage":20,"enemies":"Time Eater","floor":50,"turns":8}],"seed_played":"-115120132973496186","potions_obtained":[{"floor":1,"key":"Fire Potion"},{"floor":2,"key":"PowerPotion"},{"floor":2,"key":"Fruit Juice"},{"floor":2,"key":"LiquidBronze"},{"floor":5,"key":"EssenceOfSteel"},{"floor":8,"key":"SpeedPotion"},{"floor":21,"key":"Regen Potion"},{"floor":25,"key":"GamblersBrew"},{"floor":27,"key":"Block Potion"},{"floor":29,"key":"LiquidBronze"},{"floor":31,"key":"GhostInAJar"},{"floor":39,"key":"Fire Potion"},{"floor":44,"key":"GhostInAJar"}],"is_trial":false,"path_per_floor":["M","?","?","M","M","R","E","M","T","T","?","R","M","E","R","B",null,"M","?","$","M","?","E","R","E","T","M","E","M","R","M","R","B",null,"M","?","$","M","?","R","M","M","T","M","E","$","R","?","R","B"],"character_chosen":"THE_SILENT","items_purchased":["Blood Vial","Gremlin Horn","Dagger Spray","Noxious Fumes","Underhanded Strike","Envenom","PiercingWail","Cloak And Dagger","Toy Ornithopter"],"campfire_rested":8,"item_purchase_floors":[20,20,20,20,20,37,37,37,46],"current_hp_per_floor":[68,68,68,71,71,71,45,23,23,23,23,45,40,21,43,10,75,56,56,56,39,37,22,33,9,9,21,20,21,32,27,37,35,37,37,37,37,37,32,37,22,19,19,20,31,31,37,32,37,26],"gold":1,"neow_bonus":"ONE_RANDOM_RARE_CARD","is_prod":false,"is_daily":false,"chose_seed":false,"campfire_upgraded":1,"win_rate":0,"timestamp":1532608429,"path_taken":["M","?","?","?","M","R","E","M","T","?","?","R","M","E","R","BOSS","M","?","$","M","?","E","R","E","T","M","E","M","R","M","R","BOSS","M","?","$","M","?","R","M","M","T","M","E","$","R","?","R","BOSS"],"build_version":"2018-07-19v2","purchased_purges":1,"victory":true,"max_hp_per_floor":[70,70,70,75,75,75,75,75,75,75,75,75,75,75,75,75,75,75,75,75,75,37,37,37,37,37,37,37,37,37,37,37,37,37,37,37,37,37,37,37,37,37,37,37,37,37,37,37,37,37],"card_choices":[{"not_picked":["Sucker Punch","Well Laid Plans"],"picked":"Bane","floor":1},{"not_picked":["Distraction","Dodge and Roll"],"picked":"Eviscerate","floor":4},{"not_picked":["Outmaneuver","Backflip"],"picked":"Blade Dance","floor":5},{"not_picked":["Backstab","Prepared"],"picked":"Burst","floor":7},{"not_picked":["PiercingWail","Flying Knee"],"picked":"Heel Hook","floor":8},{"not_picked":["Sucker Punch","Glass Knife"],"picked":"Cloak And Dagger","floor":12},{"not_picked":["Crippling Poison","Reflex"],"picked":"Catalyst","floor":13},{"not_picked":["Slice","Night Terror"],"picked":"Underhanded Strike","floor":14},{"not_picked":["Outmaneuver","Choke"],"picked":"Deadly Poison","floor":15},{"not_picked":["Wraith Form v2","Corpse Explosion"],"picked":"Storm of Steel","floor":16},{"not_picked":["Outmaneuver","Flechettes"],"picked":"Deadly Poison+1","floor":18},{"not_picked":["Heel Hook","Acrobatics"],"picked":"Deadly Poison","floor":21},{"not_picked":["Cloak And Dagger","Quick Slash"],"picked":"Deadly Poison","floor":23},{"not_picked":["Dash","Underhanded Strike"],"picked":"Catalyst+1","floor":24},{"not_picked":["Escape Plan","Masterful Stab"],"picked":"All Out Attack+1","floor":25},{"not_picked":["Blur","Reflex"],"picked":"Dash+1","floor":27},{"not_picked":["Dash+1","Storm of Steel"],"picked":"Catalyst+1","floor":28},{"not_picked":["Expertise","Underhanded Strike"],"picked":"Backflip","floor":29},{"not_picked":["PiercingWail","Backflip"],"picked":"Calculated Gamble","floor":30},{"not_picked":["Terror","Expertise"],"picked":"Backflip","floor":31},{"not_picked":["Predator","Dash"],"picked":"Flechettes","floor":32},{"not_picked":["Storm of Steel","Doppelganger"],"picked":"Phantasmal Killer","floor":33},{"not_picked":["Infinite Blades","Deadly Poison+1"],"picked":"Cloak And Dagger+1","floor":35},{"not_picked":["Sucker Punch+1","Dodge and Roll+1"],"picked":"Accuracy+1","floor":38},{"not_picked":["Backflip","Footwork+1"],"picked":"Heel Hook+1","floor":39},{"not_picked":["Flying Knee","Terror"],"picked":"Acrobatics+1","floor":40},{"not_picked":["Slice","Sucker Punch"],"picked":"Poisoned Stab","floor":41},{"not_picked":["Tools of the Trade","PiercingWail"],"picked":"Cloak And Dagger+1","floor":42},{"not_picked":["Dagger Spray","Slice+1"],"picked":"Flechettes+1","floor":44},{"not_picked":["Backstab","Deadly Poison"],"picked":"Catalyst","floor":45},{"not_picked":["Slice+1","Dagger Spray+1"],"picked":"Catalyst+1","floor":47},{"not_picked":["Heel Hook","Bane"],"picked":"Prepared+1","floor":49}],"player_experience":59359,"relics_obtained":[{"floor":7,"key":"Pen Nib"},{"floor":9,"key":"Tiny Chest"},{"floor":10,"key":"Dream Catcher"},{"floor":14,"key":"Whetstone"},{"floor":23,"key":"Letter Opener"},{"floor":25,"key":"Happy Flower"},{"floor":26,"key":"Meat on the Bone"},{"floor":28,"key":"Bag of Preparation"},{"floor":39,"key":"Calipers"},{"floor":43,"key":"Vajra"},{"floor":45,"key":"Toxic Egg 2"}],"event_choices":[{"event_name":"The Lab","player_choice":"Got Potions","floor":2,"damage_taken":0},{"event_name":"Purifier","player_choice":"One Purge","floor":3,"damage_taken":0},{"event_name":"Liars Game","player_choice":"agreed","floor":11,"damage_taken":0},{"event_name":"The Mausoleum","player_choice":"Yes","floor":19,"damage_taken":0},{"event_name":"Ghosts","player_choice":"Became a Ghost","floor":22,"damage_taken":0},{"event_name":"Falling","player_choice":"Removed Attack","floor":36,"damage_taken":0},{"event_name":"Mysterious Sphere","player_choice":"Fight","floor":39,"damage_taken":0},{"event_name":"Winding Halls","player_choice":"Embrace Madness","floor":48,"damage_taken":0}],"is_beta":false,"boss_relics":[{"not_picked":["HoveringKite","Velvet Choker"],"picked":"Cursed Key"},{"not_picked":["Eternal Feather","Tiny House"],"picked":"Fusion Hammer"}],"items_purged_floors":[20],"is_endless":false,"potions_floor_spawned":[1,5,8,21,25,27,29,31,39,44],"ascension_level":0}