{"gold_per_floor":[115,115,127,127,127,161,161,173,199,219,234,234,249,276,276,371,371,385,400,413,413,413,413,432,11,11,11,11,11,28,39,39,142,142,153,173,190,190,203,203,238,254,279,203,217,235,251,251],"floor_reached":48,"playtime":8413,"items_purged":[],"score":505,"play_id":"69f62d18-a560-446c-9ade-e3abc29a961e","local_time":"20190409191350","is_ascension_mode":false,"campfire_choices":[{"data":"Anger","floor":7.0,"key":"SMITH"},{"data":"Metallicize","floor":12.0,"key":"SMITH"},{"data":"Anger","floor":15.0,"key":"SMITH"},{"data":"Flame Barrier","floor":23.0,"key":"SMITH"},{"data":"Infernal Blade","floor":27.0,"key":"SMITH"},{"data":"Metallicize","floor":32.0,"key":"SMITH"},{"data":"Dual Wield","floor":40.0,"key":"SMITH"}],"neow_cost":"NONE","seed_source_timestamp":0,"circlet_count":0,"master_deck":["Strike_R+1","Strike_R+1","Strike_R+1","Defend_R+1","Defend_R+1","Defend_R+1","Defend_R+1","Iron Wave","Metallicize+1","Anger+1","Infernal Blade+1","Headbutt","Iron Wave","Anger+1","Reaper","Power Through","Headbutt","Flame Barrier+1","Metallicize+1","Blind","Warcry+1","Dual Wield+1","Impervious","Fire Breathing+1","Burning Pact","Iron Wave+1","Inflame+1","Parasite","Anger+1"],"special_seed":0,"relics":["Black Blood","NeowsBlessing","Red Skull","Boot","Ornamental Fan","Meat on the Bone","Peace Pipe","MutagenicStrength","Runic Pyramid","Paper Frog","Lantern"],"potions_floor_usage":[47,48,48],"damage_taken":[{"damage":0.0,"enemies":"Jaw Worm","floor":1.0,"turns":1.0},{"damage":0.0,"enemies":"2 Louse","floor":3.0,"turns":1.0},{"damage":0.0,"enemies":"Lagavulin","floor":6.0,"turns":1.0},{"damage":0.0,"enemies":"Cultist","floor":8.0,"turns":4.0},{"damage":2.0,"enemies":"Looter","floor":10.0,"turns":3.0},{"damage":10.0,"enemies":"2 Fungi Beasts","floor":11.0,"turns":3.0},{"damage":1.0,"enemies":"3 Louse","floor":13.0,"turns":4.0},{"damage":9.0,"enemies":"3 Sentries","floor":14.0,"turns":9.0},{"damage":29.0,"enemies":"The Guardian","floor":16.0,"turns":8.0},{"damage":12.0,"enemies":"3 Byrds","floor":18.0,"turns":6.0},{"damage":10.0,"enemies":"Spheric Guardian","floor":19.0,"turns":5.0},{"damage":46.0,"enemies":"Cultist and Chosen","floor":20.0,"turns":9.0},{"damage":14.0,"enemies":"Sentry and Sphere","floor":24.0,"turns":10.0},{"damage":9.0,"enemies":"Centurion and Healer","floor":30.0,"turns":7.0},{"damage":9.0,"enemies":"Snake Plant","floor":31.0,"turns":6.0},{"damage":53.0,"enemies":"Automaton","floor":33.0,"turns":14.0},{"damage":26.0,"enemies":"3 Darklings","floor":35.0,"turns":12.0},{"damage":23.0,"enemies":"Orb Walker","floor":36.0,"turns":7.0},{"damage":27.0,"enemies":"Jaw Worm Horde","floor":37.0,"turns":8.0},{"damage":25.0,"enemies":"4 Shapes","floor":39.0,"turns":5.0},{"damage":19.0,"enemies":"Nemesis","floor":41.0,"turns":13.0},{"damage":46.0,"enemies":"Transient","floor":42.0,"turns":5.0},{"damage":9.0,"enemies":"Sphere and 2 Shapes","floor":45.0,"turns":9.0},{"damage":9.0,"enemies":"Writhing Mass","floor":46.0,"turns":7.0},{"damage":26,"enemies":"4 Shapes","floor":47,"turns":4},{"damage":98,"enemies":"Giant Head","floor":48,"turns":10}],"seed_played":"738786378139640064","potions_obtained":[{"floor":3.0,"key":"Fire Potion"},{"floor":6.0,"key":"SkillPotion"},{"floor":10.0,"key":"FearPotion"},{"floor":11.0,"key":"AttackPotion"},{"floor":16.0,"key":"Strength Potion"},{"floor":20.0,"key":"Block Potion"},{"floor":24.0,"key":"Swift Potion"},{"floor":35.0,"key":"SpeedPotion"},{"floor":36.0,"key":"FearPotion"},{"floor":37.0,"key":"Explosive Potion"},{"floor":46,"key":"SkillPotion"},{"floor":47,"key":"Poison Potion"}],"is_trial":false,"path_per_floor":["M","?","M","?","?","E","R","M","T","M","M","R","M","E","R","B",null,"M","M","M","?","?","R","M","$","T","R","?","?","M","M","R","B",null,"M","M","M","?","M","R","E","M","T","$","M","M","M","E"],"character_chosen":"IRONCLAD","items_purchased":["Meat on the Bone","Metallicize","Blind","Regen Potion"],"campfire_rested":0,"item_purchase_floors":[25,25,25,44],"current_hp_per_floor":[80,80,80,80,80,80,80,80,80,80,76,76,80,77,77,54,80,78,80,54,54,54,54,55,55,55,55,55,55,56,62,62,38,80,80,67,60,60,56,56,57,33,33,33,55,56,62,0],"gold":251,"neow_bonus":"THREE_ENEMY_KILL","is_prod":false,"is_daily":false,"chose_seed":false,"campfire_upgraded":7,"win_rate":0.0,"timestamp":1554830030,"path_taken":["M","?","M","?","?","E","R","M","T","M","M","R","M","E","R","BOSS","M","M","M","?","?","R","M","$","T","R","?","?","M","M","R","BOSS","M","M","M","?","M","R","E","?","T","?","M","M","M","E"],"build_version":"2019-01-23","purchased_purges":0,"victory":false,"max_hp_per_floor":[80,80,80,80,80,80,80,80,80,80,80,80,80,80,80,80,80,80,80,80,80,80,80,80,80,80,80,80,80,80,80,80,80,80,80,80,80,80,80,80,80,80,80,80,80,80,80,80],"card_choices":[{"not_picked":["Flex","Rupture"],"picked":"Iron Wave","floor":1.0},{"not_picked":["Rupture","True Grit"],"picked":"Metallicize","floor":3.0},{"not_picked":["Warcry","Entrench"],"picked":"Anger","floor":6.0},{"not_picked":["Twin Strike","Hemokinesis"],"picked":"Infernal Blade","floor":8.0},{"not_picked":["Feel No Pain","Limit Break","Clothesline"],"picked":"SKIP","floor":10.0},{"not_picked":["Heavy Blade","Pommel Strike"],"picked":"Headbutt","floor":11.0},{"not_picked":["Armaments","Clash"],"picked":"Iron Wave","floor":13.0},{"not_picked":["Battle Trance","Dual Wield"],"picked":"Anger","floor":14.0},{"not_picked":["Fiend Fire","Brutality"],"picked":"Reaper","floor":16.0},{"not_picked":["Clothesline+1","Shrug It Off"],"picked":"Power Through","floor":18.0},{"not_picked":["Warcry","Sword Boomerang"],"picked":"Headbutt","floor":19.0},{"not_picked":["Twin Strike","Sword Boomerang"],"picked":"Flame Barrier","floor":20.0},{"not_picked":["Pommel Strike","True Grit","Burning Pact"],"picked":"SKIP","floor":24.0},{"not_picked":["Headbutt","Thunderclap"],"picked":"Warcry+1","floor":30.0},{"not_picked":["Perfected Strike","Flex"],"picked":"Dual Wield","floor":31.0},{"not_picked":["Limit Break","Fiend Fire"],"picked":"Impervious","floor":33.0},{"not_picked":["Heavy Blade+1","Battle Trance+1","Clothesline+1"],"picked":"SKIP","floor":35.0},{"not_picked":["Inflame","Combust+1"],"picked":"Fire Breathing+1","floor":36.0},{"not_picked":["Sword Boomerang","Spot Weakness","Corruption+1"],"picked":"SKIP","floor":37.0},{"not_picked":["Pommel Strike","Burning Pact+1"],"picked":"Iron Wave+1","floor":39.0},{"not_picked":["Second Wind","Berserk"],"picked":"Inflame+1","floor":41.0},{"not_picked":["Hemokinesis+1","Clash","Pummel+1"],"picked":"SKIP","floor":42.0},{"not_picked":["Thunderclap","Sword Boomerang+1","Pommel Strike+1"],"picked":"SKIP","floor":45.0},{"not_picked":["True Grit","Warcry+1","Armaments"],"picked":"SKIP","floor":46},{"not_picked":["Twin Strike+1","Flex+1"],"picked":"Anger+1","floor":47}],"player_experience":15962,"relics_obtained":[{"floor":6.0,"key":"Red Skull"},{"floor":9.0,"key":"Boot"},{"floor":14.0,"key":"Ornamental Fan"},{"floor":26.0,"key":"Peace Pipe"},{"floor":41.0,"key":"Paper Frog"},{"floor":43.0,"key":"Lantern"}],"event_choices":[{"cards_removed":["Strike_R"],"damage_healed":0.0,"max_hp_gain":0.0,"max_hp_loss":0.0,"gold_gain":0.0,"event_name":"Living Wall","player_choice":"Forget","floor":2.0,"gold_loss":0.0,"damage_taken":0.0},{"damage_healed":0.0,"max_hp_gain":0.0,"max_hp_loss":0.0,"gold_gain":0.0,"event_name":"Liars Game","player_choice":"Ignored","floor":4.0,"gold_loss":0.0,"damage_taken":0.0},{"cards_removed":["Strike_R"],"damage_healed":0.0,"max_hp_gain":0.0,"max_hp_loss":0.0,"gold_gain":0.0,"event_name":"Purifier","player_choice":"Purged","floor":5.0,"gold_loss":0.0,"damage_taken":0.0},{"damage_healed":0.0,"max_hp_gain":0.0,"max_hp_loss":0.0,"gold_gain":0.0,"event_name":"The Mausoleum","player_choice":"Ignored","floor":21.0,"gold_loss":0.0,"damage_taken":0.0},{"damage_healed":0.0,"max_hp_gain":0.0,"max_hp_loss":0.0,"gold_gain":0.0,"event_name":"Back to Basics","player_choice":"Simplicity","floor":22.0,"gold_loss":0.0,"damage_taken":0.0,"cards_upgraded":["Strike_R","Strike_R","Strike_R","Defend_R","Defend_R","Defend_R","Defend_R"]},{"damage_healed":0.0,"max_hp_gain":0.0,"max_hp_loss":0.0,"gold_gain":0.0,"event_name":"Vampires","player_choice":"Ignored","floor":28.0,"gold_loss":0.0,"damage_taken":0.0},{"damage_healed":0.0,"max_hp_gain":0.0,"max_hp_loss":0.0,"gold_gain":0.0,"event_name":"Drug Dealer","player_choice":"Inject Mutagens","floor":29.0,"gold_loss":0.0,"damage_taken":0.0,"relics_obtained":["MutagenicStrength"]},{"damage_healed":0.0,"max_hp_gain":0.0,"max_hp_loss":0.0,"gold_gain":0.0,"cards_transformed":["Bash"],"event_name":"Transmorgrifier","player_choice":"Transformed","floor":38.0,"gold_loss":0.0,"damage_taken":0.0,"cards_obtained":["Burning Pact"]}],"is_beta":false,"boss_relics":[{"not_picked":["Cursed Key","Busted Crown"],"picked":"Black Blood"},{"not_picked":["Snecko Eye","Empty Cage"],"picked":"Runic Pyramid"}],"items_purged_floors":[],"is_endless":false,"potions_floor_spawned":[3,6,10,11,16,20,24,35,36,37,46,47],"killed_by":"Giant Head","ascension_level":0}