{"gold_per_floor":[114,189,139,155,168,168,186,186,240,272,272,282,282,298,298,298],"floor_reached":16,"playtime":891,"items_purged":[],"score":102,"play_id":"d5c6d9fb-cc79-4f2b-9d57-3b3a88bba584","local_time":"20180725170259","is_ascension_mode":false,"campfire_choices":[{"data":"Poisoned Stab","floor":6,"key":"SMITH"},{"data":"Tactician","floor":8,"key":"SMITH"},{"floor":15,"key":"REST"}],"neow_cost":"CURSE","seed_source_timestamp":96345657893,"circlet_count":0,"master_deck":["Defend_G","Defend_G","Defend_G","Defend_G+1","Strike_G","Strike_G+1","Strike_G","Strike_G","Survivor","Neutralize","Doppelganger","Tactician+1","Deadly Poison","Dagger Throw","Poisoned Stab+1","Bane","Crippling Poison","Regret","Outmaneuver","Catalyst"],"relics":["Ring of the Snake","Boot","Bronze Scales","Kunai"],"potions_floor_usage":[10,14,14],"damage_taken":[{"damage":3,"enemies":"2 Louse","floor":1,"turns":3},{"damage":6,"enemies":"Jaw Worm","floor":4,"turns":4},{"damage":5,"enemies":"Small Slimes","floor":5,"turns":3},{"damage":2,"enemies":"Blue Slaver","floor":7,"turns":3},{"damage":11,"enemies":"Gremlin Nob","floor":10,"turns":3},{"damage":10,"enemies":"Looter","floor":12,"turns":2},{"damage":1,"enemies":"Exordium Wildlife","floor":14,"turns":4},{"damage":28,"enemies":"Slime Boss","floor":16,"turns":6}],"seed_played":"6388126994029754755","potions_obtained":[{"floor":4,"key":"Poison Potion"},{"floor":5,"key":"Explosive Potion"},{"floor":10,"key":"SkillPotion"}],"is_trial":false,"path_per_floor":["M","?","?","M","M","R","M","R","T","E","?","M","?","M","R"],"character_chosen":"THE_SILENT","items_purchased":[],"campfire_rested":1,"item_purchase_floors":[],"current_hp_per_floor":[67,56,56,50,45,45,43,43,43,32,32,22,8,7,28,0],"gold":298,"neow_bonus":"TRANSFORM_TWO_CARDS","is_prod":false,"is_daily":false,"chose_seed":false,"campfire_upgraded":2,"win_rate":0.0,"timestamp":1532534579,"path_taken":["M","?","?","M","M","R","M","R","T","E","?","?","?","M","R","BOSS"],"build_version":"2018-07-19v2","purchased_purges":0,"victory":false,"max_hp_per_floor":[70,70,70,70,70,70,70,70,70,70,70,70,70,70,70,70],"card_choices":[{"not_picked":["Flying Knee","Slice"],"picked":"Deadly Poison","floor":1},{"not_picked":["Dagger Spray","Sucker Punch"],"picked":"Dagger Throw","floor":4},{"not_picked":["Distraction","Dagger Throw"],"picked":"Poisoned Stab","floor":5},{"not_picked":["Dagger Throw","Backflip"],"picked":"Bane","floor":7},{"not_picked":["Catalyst","Endless Agony"],"picked":"Crippling Poison","floor":10},{"not_picked":["Sucker Punch","Leg Sweep"],"picked":"Outmaneuver","floor":12},{"not_picked":["Backstab","Underhanded Strike"],"picked":"Catalyst","floor":14}],"player_experience":50440,"relics_obtained":[{"floor":9,"key":"Boot"},{"floor":10,"key":"Bronze Scales"}],"event_choices":[{"event_name":"World of Goop","player_choice":"Gather Gold","floor":2,"damage_taken":0},{"event_name":"The Cleric","player_choice":"Card Removal","floor":3,"damage_taken":0},{"event_name":"Big Fish","player_choice":"Box","floor":11,"damage_taken":0},{"event_name":"Shining Light","player_choice":"Entered Light","floor":13,"damage_taken":0}],"is_beta":false,"boss_relics":[],"items_purged_floors":[],"is_endless":false,"potions_floor_spawned":[4,5,10],"killed_by":"Slime Boss","ascension_level":0}