{"gold_per_floor":[115,115,20,20,20,47,47,47,73,89,114,37,37,51,51,125,125,140,65,65,83,8,8,19,35,35,35,51,86,30,30],"floor_reached":31,"playtime":750,"items_purged":["True Grit"],"score":591,"play_id":"7d838a06-25b3-4be0-aac8-476c4d61aee1","local_time":"20181019162901","is_ascension_mode":true,"campfire_choices":[{"data":"Carnage","floor":7.0,"key":"SMITH"},{"data":"Uppercut","floor":13.0,"key":"SMITH"},{"data":"Shrug It Off","floor":15.0,"key":"SMITH"},{"floor":23,"key":"REST"},{"floor":27,"key":"REST"}],"neow_cost":"NONE","seed_source_timestamp":103327960047887,"circlet_count":0,"master_deck":["Bash","AscendersBane","Uppercut+1","Carnage+1","Shrug It Off+1","Battle Trance","Offering","Warcry","Feel No Pain","Flex","Heavy Blade","Flex","True Grit","Perfected Strike","Inflame","Immolate"],"special_seed":0,"relics":["Burning Blood","NeowsBlessing","Bag of Marbles","Pen Nib","Singing Bowl","Happy Flower","Kunai","Pandora\u0027s Box","Paper Frog","Potion Belt"],"potions_floor_usage":[16,29,29,31],"damage_taken":[{"damage":0.0,"enemies":"Small Slimes","floor":1.0,"turns":2.0},{"damage":0.0,"enemies":"Gremlin Nob","floor":6.0,"turns":1.0},{"damage":0.0,"enemies":"2 Louse","floor":10.0,"turns":1.0},{"damage":35.0,"enemies":"Lagavulin","floor":11.0,"turns":5.0},{"damage":2.0,"enemies":"Jaw Worm","floor":14.0,"turns":3.0},{"damage":43,"enemies":"The Guardian","floor":16,"turns":9},{"damage":15,"enemies":"Shell Parasite","floor":18,"turns":3},{"damage":35,"enemies":"3 Byrds","floor":21,"turns":6},{"damage":6,"enemies":"Snake Plant","floor":24,"turns":1},{"damage":38,"enemies":"3 Cultists","floor":25,"turns":6},{"damage":6,"enemies":"Snecko","floor":28,"turns":2},{"damage":51,"enemies":"Slavers","floor":29,"turns":8},{"damage":13,"enemies":"Book of Stabbing","floor":31,"turns":2}],"seed_played":"7756437445219795527","potions_obtained":[{"floor":6.0,"key":"Swift Potion"},{"floor":11.0,"key":"EssenceOfSteel"},{"floor":18,"key":"EssenceOfSteel"}],"is_trial":false,"path_per_floor":["M","?","$","?","?","E","R","T","T","M","E","$","R","M","R","B",null,"M","$","?","M","?","R","M","M","T","R","M","E","$"],"character_chosen":"IRONCLAD","items_purchased":["Carnage","Shrug It Off","Battle Trance","Block Potion"],"campfire_rested":2,"item_purchase_floors":[3,3,12,30],"current_hp_per_floor":[74,79,79,68,68,74,74,74,74,82,55,55,55,61,61,24,71,64,64,59,32,32,59,59,29,29,56,58,13,13,0],"gold":30,"neow_bonus":"THREE_ENEMY_KILL","is_prod":false,"is_daily":false,"chose_seed":false,"campfire_upgraded":3,"win_rate":0,"timestamp":1539955741,"path_taken":["M","?","$","?","?","E","R","?","T","M","E","?","R","?","R","BOSS","M","$","?","M","?","R","M","M","T","R","?","E","$","E"],"build_version":"2018-10-18","purchased_purges":1,"victory":false,"max_hp_per_floor":[75,80,80,80,80,80,80,80,80,82,84,84,84,86,86,86,86,88,88,88,90,90,90,90,92,92,92,94,94,94,94],"card_choices":[{"not_picked":["Shrug It Off","Pommel Strike"],"picked":"Uppercut","floor":1.0},{"not_picked":["Power Through","Combust","Uppercut"],"picked":"SKIP","floor":6.0},{"not_picked":["Pommel Strike","Body Slam","Clothesline"],"picked":"Singing Bowl","floor":10.0},{"not_picked":["Armaments","Shockwave","Cleave"],"picked":"Singing Bowl","floor":11.0},{"not_picked":["Body Slam","Thunderclap","Twin Strike"],"picked":"Singing Bowl","floor":14.0},{"not_picked":["Reaper","Limit Break"],"picked":"Offering","floor":16},{"not_picked":["Armaments","Headbutt","Bloodletting"],"picked":"Singing Bowl","floor":18},{"not_picked":["Wild Strike","Thunderclap+1","Hemokinesis"],"picked":"Singing Bowl","floor":21},{"not_picked":["Warcry","Pommel Strike"],"picked":"Inflame","floor":24},{"not_picked":["Perfected Strike","Sword Boomerang","Reckless Charge"],"picked":"Singing Bowl","floor":25},{"not_picked":["Rupture+1","Seeing Red","True Grit"],"picked":"Singing Bowl","floor":28},{"not_picked":["Clothesline","Wild Strike"],"picked":"Immolate","floor":29}],"player_experience":483757,"relics_obtained":[{"floor":6.0,"key":"Pen Nib"},{"floor":8.0,"key":"Singing Bowl"},{"floor":9.0,"key":"Happy Flower"},{"floor":11.0,"key":"Kunai"},{"floor":26,"key":"Paper Frog"},{"floor":29,"key":"Potion Belt"}],"event_choices":[{"damage_healed":0.0,"max_hp_gain":5.0,"max_hp_loss":0.0,"gold_gain":0.0,"event_name":"Big Fish","player_choice":"Donut","floor":2.0,"gold_loss":0.0,"damage_taken":0.0},{"damage_healed":0.0,"max_hp_gain":0.0,"max_hp_loss":0.0,"gold_gain":0.0,"event_name":"Scrap Ooze","player_choice":"Success","floor":4.0,"gold_loss":0.0,"damage_taken":11.0,"relics_obtained":["Bag of Marbles"]},{"damage_healed":0.0,"max_hp_gain":0.0,"max_hp_loss":0.0,"gold_gain":0.0,"event_name":"Liars Game","player_choice":"Ignored","floor":5.0,"gold_loss":0.0,"damage_taken":0.0},{"damage_healed":0,"gold_gain":0,"player_choice":"Bought 0 Potions","damage_taken":0,"max_hp_gain":0,"max_hp_loss":0,"event_name":"The Woman in Blue","floor":20,"gold_loss":0},{"cards_removed":["Infernal Blade"],"damage_healed":0,"gold_gain":0,"player_choice":"Gave Gold","damage_taken":0,"max_hp_gain":0,"max_hp_loss":0,"event_name":"Beggar","floor":22,"gold_loss":75}],"is_beta":false,"boss_relics":[{"not_picked":["Eternal Feather","Philosopher\u0027s Stone"],"picked":"Pandora\u0027s Box"}],"items_purged_floors":[19],"is_endless":false,"potions_floor_spawned":[6,11,18],"killed_by":"Book of Stabbing","ascension_level":18}