{"gold_per_floor":[365,365,208,158,176,176,206,381,381,411,160,174,203,203,203,322,322,337,355,355,371,83,83,111,111,111,111,128,154,154],"floor_reached":30,"playtime":1859,"items_purged":["Regret","Doubt","Strike_B"],"score":356,"play_id":"874486bb-ff15-403c-9238-3a5b3da88da5","local_time":"20190802105533","is_ascension_mode":true,"campfire_choices":[{"data":"Dualcast","floor":6,"key":"SMITH"},{"floor":15,"key":"REST"},{"data":"Creative AI","floor":23,"key":"SMITH"}],"neow_cost":"TEN_PERCENT_HP_LOSS","seed_source_timestamp":42073740086436,"circlet_count":0,"master_deck":["Strike_B","Strike_B","Defend_B","Defend_B","Defend_B","Defend_B","Zap","Dualcast+1","Self Repair","Ball Lightning","Leap","Cold Snap","Electrodynamics","Conserve Battery","Creative AI+1","Decay","Tempest","Seek"],"relics":["Cracked Core","Blue Candle","Mummified Hand","Gremlin Horn","Oddly Smooth Stone","Pocketwatch","Bloody Idol","Cursed Key","Bag of Marbles","MutagenicStrength","Pear","Calipers"],"potions_floor_usage":[7,18,28],"damage_taken":[{"damage":3,"enemies":"Jaw Worm","floor":1,"turns":4},{"damage":1,"enemies":"Small Slimes","floor":5,"turns":4},{"damage":25,"enemies":"3 Sentries","floor":7,"turns":8},{"damage":0,"enemies":"2 Louse","floor":12,"turns":2},{"damage":2,"enemies":"Lagavulin","floor":13,"turns":6},{"damage":1,"enemies":"Slime Boss","floor":16,"turns":9},{"damage":2,"enemies":"Shell Parasite","floor":18,"turns":5},{"damage":5,"enemies":"Spheric Guardian","floor":19,"turns":4},{"damage":4,"enemies":"Cultist and Chosen","floor":21,"turns":5},{"damage":13,"enemies":"Gremlin Leader","floor":24,"turns":7},{"damage":16,"enemies":"Chosen and Byrds","floor":28,"turns":6},{"damage":65,"enemies":"Book of Stabbing","floor":29,"turns":6},{"damage":23,"enemies":"Shelled Parasite and Fungi","floor":30,"turns":5}],"seed_played":"-5764404213393766938","potions_obtained":[{"floor":1,"key":"EssenceOfSteel"},{"floor":13,"key":"Ancient Potion"},{"floor":16,"key":"Dexterity Potion"},{"floor":21,"key":"SkillPotion"},{"floor":28,"key":"FearPotion"}],"is_trial":false,"path_per_floor":["M","?","$","?","M","R","E","?","T","?","$","M","E","?","R","B",null,"M","M","?","M","$","R","E","?","T","$","M","E","M"],"character_chosen":"DEFECT","items_purchased":["Self Repair","Oddly Smooth Stone","Creative AI"],"campfire_rested":1,"item_purchase_floors":[3,11,22],"current_hp_per_floor":[65,65,65,65,68,68,50,50,50,50,50,50,55,38,58,64,67,68,68,68,68,68,68,67,67,77,77,73,20,0],"gold":154,"neow_bonus":"TWO_FIFTY_GOLD","is_prod":false,"is_daily":false,"chose_seed":false,"campfire_upgraded":2,"win_rate":0,"timestamp":1564761333,"path_taken":["M","?","$","?","M","R","E","?","T","?","$","M","E","?","R","BOSS","M","M","?","M","$","R","E","?","T","?","?","E","M"],"build_version":"2019-07-17","purchased_purges":3,"victory":false,"max_hp_per_floor":[68,68,68,68,68,68,68,68,68,68,68,68,68,68,68,68,68,68,68,68,68,68,68,68,68,78,78,78,78,78],"card_choices":[{"not_picked":["Undo","Turbo","Stack"],"picked":"SKIP","floor":1},{"not_picked":["Sunder","Fusion"],"picked":"Ball Lightning","floor":5},{"not_picked":["Double Energy","Steam"],"picked":"Leap","floor":7},{"not_picked":["Ball Lightning","Go for the Eyes"],"picked":"Cold Snap","floor":12},{"not_picked":["Fusion","Recycle","Scrape"],"picked":"SKIP","floor":13},{"not_picked":["Fission","Machine Learning"],"picked":"Electrodynamics","floor":16},{"not_picked":["Turbo","Streamline"],"picked":"Conserve Battery","floor":18},{"not_picked":["Rip and Tear+1","Consume","Coolheaded"],"picked":"SKIP","floor":19},{"not_picked":["Cold Snap","Fusion","Double Energy+1"],"picked":"SKIP","floor":21},{"not_picked":["Blizzard+1","Stack+1","Coolheaded"],"picked":"SKIP","floor":24},{"not_picked":["Darkness","Leap"],"picked":"Tempest","floor":28},{"not_picked":["Skim","Redo"],"picked":"Seek","floor":29}],"player_experience":574135,"relics_obtained":[{"floor":7,"key":"Mummified Hand"},{"floor":9,"key":"Gremlin Horn"},{"floor":13,"key":"Pocketwatch"},{"floor":24,"key":"Bag of Marbles"},{"floor":26,"key":"Pear"},{"floor":29,"key":"Calipers"}],"event_choices":[{"damage_healed":0,"gold_gain":0,"player_choice":"Box","damage_taken":0,"relics_obtained":["Blue Candle"],"max_hp_gain":0,"max_hp_loss":0,"event_name":"Big Fish","floor":2,"gold_loss":0,"cards_obtained":["Regret"]},{"cards_removed":["Strike_B"],"damage_healed":0,"gold_gain":0,"player_choice":"Card Removal","damage_taken":0,"max_hp_gain":0,"max_hp_loss":0,"event_name":"The Cleric","floor":4,"gold_loss":50},{"damage_healed":0,"gold_gain":175,"player_choice":"AGREE","damage_taken":0,"max_hp_gain":0,"max_hp_loss":0,"event_name":"Liars Game","floor":8,"gold_loss":0,"cards_obtained":["Doubt"]},{"damage_healed":0,"gold_gain":30,"player_choice":"Searched \u00271\u0027 times","damage_taken":0,"max_hp_gain":0,"max_hp_loss":0,"event_name":"Dead Adventurer","floor":10,"gold_loss":0},{"damage_healed":0,"gold_gain":0,"player_choice":"Take Damage","damage_taken":17,"relics_obtained":["Golden Idol"],"max_hp_gain":0,"max_hp_loss":0,"event_name":"Golden Idol","floor":14,"gold_loss":0},{"damage_healed":0,"gold_gain":0,"player_choice":"Gave Idol","damage_taken":0,"relics_obtained":["Bloody Idol"],"max_hp_gain":0,"max_hp_loss":0,"event_name":"Forgotten Altar","floor":20,"relics_lost":["Golden Idol"],"gold_loss":0},{"damage_healed":0,"gold_gain":0,"player_choice":"Inject Mutagens","damage_taken":0,"relics_obtained":["MutagenicStrength"],"max_hp_gain":0,"max_hp_loss":0,"event_name":"Drug Dealer","floor":25,"gold_loss":0}],"is_beta":false,"boss_relics":[{"not_picked":["Ectoplasm","Lizard Tail"],"picked":"Cursed Key"}],"items_purged_floors":[3,11,22],"is_endless":false,"potions_floor_spawned":[1,13,16,21,28],"killed_by":"Shelled Parasite and Fungi","ascension_level":6}