{"gold_per_floor":[213,229,40,40,54,54,86,86,143,170,190,190],"floor_reached":12,"playtime":469,"items_purged":[],"score":150,"play_id":"5f12ae97-8af8-432e-a0b8-a8c631f8b91f","local_time":"20190807130016","is_ascension_mode":true,"campfire_choices":[{"data":"Neutralize","floor":6,"key":"SMITH"},{"floor":8,"key":"REST"}],"neow_cost":"NONE","seed_source_timestamp":14302209836187,"circlet_count":0,"master_deck":["AscendersBane","Strike_G","Strike_G","Strike_G","Strike_G","Strike_G","Defend_G","Defend_G","Defend_G","Defend_G","Defend_G","Survivor","Neutralize+1","Caltrops","Dagger Throw","Endless Agony","Poisoned Stab","Glass Knife","Dagger Spray","Footwork"],"relics":["Ring of the Snake","Oddly Smooth Stone","Anchor","Tiny Chest","Potion Belt"],"potions_floor_usage":[7,10],"damage_taken":[{"damage":0,"enemies":"2 Louse","floor":1,"turns":3},{"damage":15,"enemies":"Jaw Worm","floor":2,"turns":6},{"damage":0,"enemies":"Cultist","floor":5,"turns":4},{"damage":34,"enemies":"Lagavulin","floor":7,"turns":10},{"damage":28,"enemies":"Gremlin Nob","floor":10,"turns":4},{"damage":0,"enemies":"Blue Slaver","floor":11,"turns":3},{"damage":5,"enemies":"3 Sentries","floor":12,"turns":2}],"seed_played":"-3541148521566371328","potions_obtained":[{"floor":1,"key":"Fire Potion"},{"floor":7,"key":"Swift Potion"}],"is_trial":false,"path_per_floor":["M","M","$","?","M","R","E","R","T","E","M","E"],"character_chosen":"THE_SILENT","items_purchased":["Endless Agony","Oddly Smooth Stone"],"campfire_rested":1,"item_purchase_floors":[3,3],"current_hp_per_floor":[59,44,44,44,44,44,10,29,29,1,1,0],"gold":190,"neow_bonus":"HUNDRED_GOLD","is_prod":false,"is_daily":false,"chose_seed":false,"campfire_upgraded":1,"win_rate":0,"timestamp":1565175616,"path_taken":["M","M","$","?","M","R","E","R","T","E","M","E"],"build_version":"2019-07-17","purchased_purges":0,"victory":false,"max_hp_per_floor":[66,66,66,66,66,66,66,66,66,66,66,66],"card_choices":[{"not_picked":["Acrobatics","Calculated Gamble"],"picked":"Caltrops","floor":1},{"not_picked":["Tactician","Underhanded Strike"],"picked":"Dagger Throw","floor":2},{"not_picked":["Prepared","Escape Plan"],"picked":"Poisoned Stab","floor":5},{"not_picked":["Dodge and Roll","Cloak And Dagger"],"picked":"Glass Knife","floor":7},{"not_picked":["Burst","Prepared"],"picked":"Dagger Spray","floor":10},{"not_picked":["Caltrops","Backflip"],"picked":"Footwork","floor":11}],"player_experience":743427,"relics_obtained":[{"floor":7,"key":"Anchor"},{"floor":9,"key":"Tiny Chest"},{"floor":10,"key":"Potion Belt"}],"event_choices":[{"damage_healed":0,"gold_gain":0,"player_choice":"Ignored","damage_taken":0,"max_hp_gain":0,"max_hp_loss":0,"event_name":"Golden Wing","floor":4,"gold_loss":0}],"is_beta":false,"boss_relics":[],"items_purged_floors":[],"is_endless":false,"potions_floor_spawned":[1,7],"killed_by":"3 Sentries","ascension_level":14}