{"gold_per_floor":[114,14,29,46,57,57,67,95,167,167,167,182,182,197,197,273,273,283,95,185,104,104,104,121,131,131,131,150,150,150,166,166,166],"floor_reached":33,"playtime":2852,"items_purged":[],"score":411,"play_id":"319faa55-36d3-4f80-a1df-4c0d2ea87a70","local_time":"20190727163438","is_ascension_mode":true,"campfire_choices":[{"data":"True Grit","floor":6.0,"key":"SMITH"},{"data":"Corruption","floor":11.0,"key":"SMITH"},{"data":"Dark Embrace","floor":13.0,"key":"SMITH"},{"data":"Flame Barrier","floor":15.0,"key":"SMITH"},{"data":"Flash of Steel","floor":23.0,"key":"SMITH"},{"data":"Seeing Red","floor":27.0,"key":"SMITH"},{"data":"Metallicize","floor":30.0,"key":"SMITH"},{"floor":32.0,"key":"REST"}],"neow_cost":"NONE","seed_source_timestamp":15803162215249,"circlet_count":0,"master_deck":["AscendersBane","Strike_R","Strike_R","Strike_R","Strike_R","Strike_R","Defend_R","Defend_R","Defend_R","Defend_R","Bash+1","Corruption+1","Battle Trance","True Grit+1","Flame Barrier+1","Shrug It Off","Dark Embrace+1","Seeing Red+1","Feel No Pain","Demon Form","Shrug It Off","Metallicize+1","Panacea","Flash of Steel+1","Shockwave","Whirlwind","Reckless Charge"],"special_seed":0,"relics":["Burning Blood","Lantern","Torii","Pantograph","Mark of Pain","PreservedInsect","Pear"],"potions_floor_usage":[],"damage_taken":[{"damage":9.0,"enemies":"Jaw Worm","floor":1.0,"turns":5.0},{"damage":10.0,"enemies":"Cultist","floor":3.0,"turns":5.0},{"damage":5.0,"enemies":"2 Louse","floor":4.0,"turns":3.0},{"damage":10.0,"enemies":"Looter","floor":5.0,"turns":3.0},{"damage":6.0,"enemies":"Blue Slaver","floor":7.0,"turns":4.0},{"damage":28.0,"enemies":"Gremlin Nob","floor":8.0,"turns":5.0},{"damage":8.0,"enemies":"Exordium Wildlife","floor":12.0,"turns":4.0},{"damage":2.0,"enemies":"Looter","floor":14.0,"turns":4.0},{"damage":77.0,"enemies":"The Guardian","floor":16.0,"turns":19.0},{"damage":29.0,"enemies":"Spheric Guardian","floor":18.0,"turns":7.0},{"damage":13.0,"enemies":"3 Byrds","floor":24.0,"turns":3.0},{"damage":2.0,"enemies":"Centurion and Healer","floor":25.0,"turns":9.0},{"damage":23.0,"enemies":"Sentry and Sphere","floor":28.0,"turns":8.0},{"damage":35.0,"enemies":"Snake Plant","floor":31.0,"turns":4.0},{"damage":87,"enemies":"Automaton","floor":33,"turns":8}],"seed_played":"-5923915647073006322","potions_obtained":[{"floor":1.0,"key":"FairyPotion"},{"floor":3.0,"key":"FearPotion"},{"floor":12.0,"key":"Regen Potion"},{"floor":16.0,"key":"SteroidPotion"},{"floor":18.0,"key":"BloodPotion"},{"floor":25.0,"key":"Poison Potion"}],"is_trial":false,"path_per_floor":["M","?","M","M","M","R","M","E","T","?","R","M","R","M","R","B",null,"M","$","?","$","T","R","M","M","T","R","M","?","R","M","R","B"],"character_chosen":"IRONCLAD","items_purchased":["Shrug It Off","Metallicize","Panacea","Flash of Steel"],"campfire_rested":1,"item_purchase_floors":[19,19,19,21],"current_hp_per_floor":[69,69,65,66,62,62,62,40,40,66,66,64,64,68,68,21,65,42,42,26,26,26,26,39,43,53,53,36,36,36,7,34,0],"gold":166,"neow_bonus":"UPGRADE_CARD","is_prod":false,"is_daily":false,"chose_seed":false,"campfire_upgraded":7,"win_rate":0,"timestamp":1564238078,"path_taken":["M","?","?","M","M","R","M","E","T","?","R","M","R","M","R","BOSS","M","$","?","$","?","R","M","M","T","R","M","?","R","M","R","BOSS"],"build_version":"2019-07-05","purchased_purges":0,"victory":false,"max_hp_per_floor":[80,80,80,80,80,80,80,80,80,80,80,80,80,80,80,80,80,80,80,80,80,80,80,80,80,90,90,90,90,90,90,90,90],"card_choices":[{"not_picked":["Burning Pact","Clothesline"],"picked":"Corruption","floor":1.0},{"not_picked":["Blood for Blood","Clothesline"],"picked":"Battle Trance","floor":3.0},{"not_picked":["Pommel Strike","Flex"],"picked":"True Grit","floor":4.0},{"not_picked":["True Grit","Anger"],"picked":"Flame Barrier","floor":5.0},{"not_picked":["Wild Strike","Armaments"],"picked":"Shrug It Off","floor":7.0},{"not_picked":["Fire Breathing","Rampage"],"picked":"Dark Embrace","floor":8.0},{"not_picked":["Havoc","True Grit"],"picked":"Seeing Red","floor":12.0},{"not_picked":["Sword Boomerang","Havoc"],"picked":"Feel No Pain","floor":14.0},{"not_picked":["Bludgeon","Reaper"],"picked":"Demon Form","floor":16.0},{"not_picked":["Clothesline","Twin Strike","Perfected Strike"],"picked":"SKIP","floor":18.0},{"not_picked":["Warcry","Sword Boomerang"],"picked":"Shockwave","floor":24.0},{"not_picked":["Pommel Strike","Armaments","Sword Boomerang"],"picked":"SKIP","floor":25.0},{"not_picked":["Cleave","Clothesline"],"picked":"Whirlwind","floor":28.0},{"not_picked":["Anger","Power Through","Twin Strike"],"picked":"SKIP","floor":31.0}],"player_experience":369331,"relics_obtained":[{"floor":8.0,"key":"Torii"},{"floor":9.0,"key":"Pantograph"},{"floor":22.0,"key":"PreservedInsect"},{"floor":26.0,"key":"Pear"}],"event_choices":[{"damage_healed":0.0,"max_hp_gain":0.0,"max_hp_loss":0.0,"gold_gain":0.0,"event_name":"WeMeetAgain","player_choice":"Paid Gold","floor":2.0,"gold_loss":100.0,"damage_taken":0.0,"relics_obtained":["Lantern"]},{"damage_healed":26.0,"max_hp_gain":0.0,"max_hp_loss":0.0,"gold_gain":0.0,"event_name":"Big Fish","player_choice":"Banana","floor":10.0,"gold_loss":0.0,"damage_taken":0.0},{"damage_healed":0.0,"max_hp_gain":0.0,"max_hp_loss":0.0,"gold_gain":90.0,"event_name":"Knowing Skull","player_choice":"GOLD ","floor":20.0,"potions_obtained":[],"gold_loss":0.0,"damage_taken":16.0,"cards_obtained":[]},{"damage_healed":0.0,"max_hp_gain":0.0,"max_hp_loss":0.0,"gold_gain":0.0,"event_name":"The Library","player_choice":"Read","floor":29.0,"gold_loss":0.0,"damage_taken":0.0,"cards_obtained":["Reckless Charge"]}],"is_beta":false,"boss_relics":[{"not_picked":["Velvet Choker","Calling Bell"],"picked":"Mark of Pain"}],"items_purged_floors":[],"is_endless":false,"potions_floor_spawned":[1,3,12,16,18,25,28],"killed_by":"Automaton","ascension_level":13}