{"gold_per_floor":[118,118,118,131,54,85,100,156,181,194,144,144,168,201,201,331,331,345,345,345,525,597,597],"floor_reached":23,"playtime":751,"items_purged":[],"score":197,"play_id":"f3970885-e860-4065-b0f3-35b6c84e19b7","local_time":"20181221201603","is_ascension_mode":false,"campfire_choices":[{"data":"Whirlwind","floor":15.0,"key":"SMITH"}],"neow_cost":"NONE","seed_source_timestamp":55714125077840,"circlet_count":0,"master_deck":["Strike_R","Strike_R","Strike_R","Strike_R","Defend_R+1","Defend_R+1","Defend_R","Bash","Whirlwind+1","Dropkick","Barricade","Clumsy","Decay","Doubt","Dropkick","Dramatic Entrance"],"special_seed":0,"relics":["Burning Blood","Orichalcum","Golden Idol","Boot","Tiny Chest","GremlinMask","War Paint","Calling Bell","Juzu Bracelet","Dodecahedron","Thread and Needle","Enchiridion","Self Forming Clay"],"potions_floor_usage":[23],"damage_taken":[{"damage":8.0,"enemies":"2 Louse","floor":1.0,"turns":3.0},{"damage":5.0,"enemies":"Jaw Worm","floor":4.0,"turns":3.0},{"damage":24.0,"enemies":"Lagavulin","floor":6.0,"turns":6.0},{"damage":0.0,"enemies":"Cultist","floor":7.0,"turns":3.0},{"damage":12.0,"enemies":"2 Fungi Beasts","floor":10.0,"turns":3.0},{"damage":4.0,"enemies":"Blue Slaver","floor":13.0,"turns":4.0},{"damage":12.0,"enemies":"Gremlin Nob","floor":14.0,"turns":4.0},{"damage":29.0,"enemies":"Slime Boss","floor":16.0,"turns":6.0},{"damage":14.0,"enemies":"Chosen","floor":18.0,"turns":6.0},{"damage":28,"enemies":"Book of Stabbing","floor":23,"turns":4}],"seed_played":"1264239594415651851","potions_obtained":[{"floor":4.0,"key":"Dexterity Potion"},{"floor":6.0,"key":"FearPotion"},{"floor":7.0,"key":"PowerPotion"},{"floor":13.0,"key":"Fire Potion"},{"floor":18.0,"key":"FearPotion"}],"is_trial":false,"path_per_floor":["M","?","?","M","$","E","M","T","T","M","?","?","M","E","R","B",null,"M","?","?","?","T","E"],"character_chosen":"IRONCLAD","items_purchased":["Dropkick"],"campfire_rested":0,"item_purchase_floors":[5],"current_hp_per_floor":[78,58,51,52,52,34,40,40,40,34,34,34,36,30,30,7,80,72,56,56,24,24,0],"gold":597,"neow_bonus":"RANDOM_COMMON_RELIC","is_prod":false,"is_daily":false,"chose_seed":false,"campfire_upgraded":1,"win_rate":0,"timestamp":1545452163,"path_taken":["M","?","?","M","?","E","M","?","T","?","?","?","?","E","R","BOSS","M","?","?","?","?","E"],"build_version":"2018-12-20","purchased_purges":0,"victory":false,"max_hp_per_floor":[80,80,80,80,80,80,80,80,80,80,80,80,80,80,80,80,80,80,80,80,80,80,80],"card_choices":[{"not_picked":["Cleave","Power Through","Combust"],"picked":"SKIP","floor":1.0},{"not_picked":["Havoc","Blood for Blood"],"picked":"Whirlwind","floor":4.0},{"not_picked":["Hemokinesis","Corruption","Intimidate"],"picked":"SKIP","floor":6.0},{"not_picked":["Clothesline","Disarm","Sever Soul"],"picked":"SKIP","floor":7.0},{"not_picked":["Dual Wield","Headbutt","Pommel Strike"],"picked":"SKIP","floor":10.0},{"not_picked":["Berserk","True Grit","Anger"],"picked":"SKIP","floor":13.0},{"not_picked":["Wild Strike","Spot Weakness","Carnage"],"picked":"SKIP","floor":14.0},{"not_picked":["Limit Break","Berserk"],"picked":"Barricade","floor":16.0},{"not_picked":["Metallicize","Flex","Iron Wave"],"picked":"SKIP","floor":18.0}],"player_experience":525203,"relics_obtained":[{"floor":6.0,"key":"Boot"},{"floor":8.0,"key":"Tiny Chest"},{"floor":14.0,"key":"War Paint"},{"floor":17.0,"key":"Juzu Bracelet"},{"floor":17.0,"key":"Dodecahedron"},{"floor":17.0,"key":"Thread and Needle"},{"floor":19.0,"key":"Enchiridion"},{"floor":22.0,"key":"Self Forming Clay"}],"event_choices":[{"damage_healed":0.0,"max_hp_gain":0.0,"max_hp_loss":0.0,"gold_gain":0.0,"event_name":"Golden Idol","player_choice":"Take Damage","floor":2.0,"gold_loss":0.0,"damage_taken":20.0,"relics_obtained":["Golden Idol"]},{"cards_removed":["Defend_R"],"damage_healed":0.0,"max_hp_gain":0.0,"max_hp_loss":0.0,"gold_gain":0.0,"event_name":"Golden Wing","player_choice":"Card Removal","floor":3.0,"gold_loss":0.0,"damage_taken":7.0},{"cards_removed":["Strike_R"],"damage_healed":0.0,"max_hp_gain":0.0,"max_hp_loss":0.0,"gold_gain":0.0,"event_name":"The Cleric","player_choice":"Card Removal","floor":11.0,"gold_loss":50.0,"damage_taken":0.0},{"damage_healed":0.0,"max_hp_gain":0.0,"max_hp_loss":0.0,"gold_gain":0.0,"event_name":"FaceTrader","player_choice":"Trade","floor":12.0,"gold_loss":0.0,"damage_taken":0.0,"relics_obtained":["GremlinMask"]},{"damage_healed":0.0,"max_hp_gain":0.0,"max_hp_loss":0.0,"gold_gain":0.0,"event_name":"Cursed Tome","player_choice":"Obtained Book","floor":19.0,"gold_loss":0.0,"damage_taken":16.0},{"damage_healed":0.0,"max_hp_gain":0.0,"max_hp_loss":0.0,"gold_gain":0.0,"event_name":"Duplicator","player_choice":"Copied","floor":20.0,"gold_loss":0.0,"damage_taken":0.0,"cards_obtained":["Dropkick"]},{"damage_healed":0.0,"max_hp_gain":0.0,"max_hp_loss":0.0,"gold_gain":180.0,"event_name":"Knowing Skull","player_choice":"GOLD GOLD CARD ","floor":21.0,"potions_obtained":[],"gold_loss":0.0,"damage_taken":32.0,"cards_obtained":["Dramatic Entrance"]}],"is_beta":false,"boss_relics":[{"not_picked":["Runic Dome","Lizard Tail"],"picked":"Calling Bell"}],"items_purged_floors":[],"is_endless":false,"potions_floor_spawned":[4,6,7,13,18],"killed_by":"Book of Stabbing","ascension_level":0}