{"gold_per_floor":[418,593,605,24,39,39,51,51,75,88,88,98,133,94,94,94],"floor_reached":16,"playtime":760,"items_purged":["Doubt"],"score":133,"play_id":"a4caff0b-c6ac-4a6d-a201-bf2e2c942330","local_time":"20180912005426","is_ascension_mode":true,"campfire_choices":[{"data":"Dualcast","floor":6.0,"key":"SMITH"},{"data":"Storm","floor":11.0,"key":"SMITH"},{"data":"Scrape","floor":15.0,"key":"SMITH"}],"neow_cost":"PERCENT_DAMAGE","seed_source_timestamp":0,"circlet_count":0,"master_deck":["Strike_B","Strike_B","Strike_B","Strike_B","Defend_B","Defend_B","Defend_B","Defend_B","Zap","Dualcast+1","Go for the Eyes","Turbo","Steam","Storm+1","Self Repair","Genetic Algorithm","Regret","Loop","Scrape+1","Chaos","FTL"],"special_seed":0,"relics":["Cracked Core","Old Coin","Toy Ornithopter","Bronze Scales","Ancient Tea Set","Boot","Oddly Smooth Stone"],"potions_floor_usage":[16],"damage_taken":[{"damage":4.0,"enemies":"Jaw Worm","floor":1.0,"turns":4.0},{"damage":6.0,"enemies":"2 Louse","floor":3.0,"turns":2.0},{"damage":1.0,"enemies":"Cultist","floor":5.0,"turns":3.0},{"damage":2.0,"enemies":"3 Louse","floor":7.0,"turns":2.0},{"damage":6.0,"enemies":"Looter","floor":10.0,"turns":3.0},{"damage":0.0,"enemies":"Exordium Wildlife","floor":12.0,"turns":3.0},{"damage":18.0,"enemies":"3 Sentries","floor":13.0,"turns":5.0},{"damage":61,"enemies":"Slime Boss","floor":16,"turns":9}],"seed_played":"821493396510473289","potions_obtained":[{"floor":3.0,"key":"Strength Potion"},{"floor":7.0,"key":"Dexterity Potion"},{"floor":12.0,"key":"Energy Potion"}],"is_trial":false,"path_per_floor":["M","?","M","$","M","R","M","?","T","M","R","M","E","$","R"],"character_chosen":"DEFECT","items_purchased":["Steam","Storm","Toy Ornithopter","Bronze Scales","Fire Potion","FTL"],"campfire_rested":0,"item_purchase_floors":[4,4,4,4,4,14],"current_hp_per_floor":[46,46,40,40,39,39,49,49,49,50,50,57,56,56,56,0],"gold":94,"neow_bonus":"ONE_RARE_RELIC","is_prod":false,"is_daily":false,"chose_seed":false,"campfire_upgraded":3,"win_rate":0,"timestamp":1536738866,"path_taken":["M","?","?","$","M","R","M","?","T","M","R","M","E","?","R","BOSS"],"build_version":"2018-09-06","purchased_purges":1,"victory":false,"max_hp_per_floor":[75,75,75,75,75,75,75,75,75,75,75,75,75,75,75,75],"card_choices":[{"not_picked":["Loop","Lockon"],"picked":"Go for the Eyes","floor":1.0},{"not_picked":["Hologram","Beam Cell"],"picked":"Turbo","floor":3.0},{"not_picked":["Reprogram","Cold Snap"],"picked":"Self Repair","floor":5.0},{"not_picked":["Sweeping Beam","Barrage"],"picked":"Genetic Algorithm","floor":7.0},{"not_picked":["Rebound","Stack"],"picked":"Loop","floor":10.0},{"not_picked":["Leap","Reboot"],"picked":"Scrape","floor":12.0},{"not_picked":["Go for the Eyes","Steam Power"],"picked":"Chaos","floor":13.0}],"player_experience":286656,"relics_obtained":[{"floor":9.0,"key":"Boot"},{"floor":13.0,"key":"Oddly Smooth Stone"}],"event_choices":[{"event_name":"Liars Game","player_choice":"agreed","floor":2.0,"damage_taken":0.0},{"event_name":"Big Fish","player_choice":"Box","floor":8.0,"damage_taken":0.0}],"is_beta":false,"boss_relics":[],"items_purged_floors":[4],"is_endless":false,"potions_floor_spawned":[3,7,12],"killed_by":"Slime Boss","ascension_level":6}