{"gold_per_floor":[366,366,27,27,47,72,72,72,72,72,92,92,103,116,116,214,214,232,249,115,115,91,91,101,116,169,199,199,199,199,199],"floor_reached":31,"playtime":1565,"items_purged":[],"score":255,"play_id":"d89f7931-cc48-4a96-81f5-325c2b22887f","local_time":"20180828170502","is_ascension_mode":false,"campfire_choices":[{"data":"Infinite Blades","floor":8,"key":"SMITH"},{"floor":12,"key":"REST"},{"floor":15,"key":"REST"},{"floor":23,"key":"REST"}],"neow_cost":"TEN_PERCENT_HP_LOSS","seed_source_timestamp":35451999918867,"circlet_count":0,"master_deck":["Defend_G+1","Defend_G+1","Defend_G+1","Defend_G+1","Defend_G+1","Strike_G+1","Strike_G+1","Strike_G+1","Strike_G+1","Survivor","Neutralize","Cloak And Dagger","Bouncing Flask","Apotheosis","Endless Agony","Prepared","Infinite Blades+1","Skewer","Backstab","Bane","Distraction","Envenom","Caltrops+1","Outmaneuver","Noxious Fumes","Deadly Poison","Slice","Footwork","Infinite Blades","Choke"],"relics":["Ring of the Snake","Kunai","Omamori","Letter Opener","Bag of Preparation","Smiling Mask","Runic Pyramid","Paper Crane","Bag of Marbles","Orichalcum"],"potions_floor_usage":[16,16,25,27,29],"damage_taken":[{"damage":2,"enemies":"2 Louse","floor":1,"turns":3},{"damage":0,"enemies":"Cultist","floor":5,"turns":3},{"damage":11,"enemies":"3 Sentries","floor":6,"turns":7},{"damage":10,"enemies":"Small Slimes","floor":11,"turns":3},{"damage":2,"enemies":"Red Slaver","floor":13,"turns":3},{"damage":15,"enemies":"Large Slime","floor":14,"turns":5},{"damage":13,"enemies":"Slime Boss","floor":16,"turns":12},{"damage":4,"enemies":"Chosen","floor":18,"turns":5},{"damage":11,"enemies":"Shell Parasite","floor":19,"turns":5},{"damage":40,"enemies":"Sentry and Sphere","floor":24,"turns":7},{"damage":22,"enemies":"Snake Plant","floor":25,"turns":5},{"damage":14,"enemies":"Gremlin Leader","floor":27,"turns":8},{"damage":0,"enemies":"Cultist and Chosen","floor":29,"turns":6},{"damage":7,"enemies":"Centurion and Healer","floor":31,"turns":3}],"seed_played":"6237380063056078593","potions_obtained":[{"floor":6,"key":"Weak Potion"},{"floor":11,"key":"SpeedPotion"},{"floor":13,"key":"Weak Potion"},{"floor":19,"key":"SmokeBomb"},{"floor":24,"key":"Regen Potion"}],"is_trial":false,"path_per_floor":["M","?","$","?","M","E","?","R","T","T","M","R","M","M","R","B",null,"M","M","$","T","$","R","M","M","T","E","?","M","?"],"character_chosen":"THE_SILENT","items_purchased":["Bouncing Flask","Apotheosis","Endless Agony","Prepared","Noxious Fumes","Deadly Poison","Slice"],"campfire_rested":3,"item_purchase_floors":[3,3,3,3,20,20,22],"current_hp_per_floor":[61,54,54,42,42,31,31,31,31,31,21,39,37,22,40,27,63,59,48,48,48,48,63,23,16,16,2,2,2,2,0],"gold":199,"neow_bonus":"TWO_FIFTY_GOLD","is_prod":false,"is_daily":false,"chose_seed":false,"campfire_upgraded":1,"win_rate":0,"timestamp":1535501102,"path_taken":["M","?","$","?","?","E","?","R","T","?","M","R","M","?","R","BOSS","M","M","$","?","?","R","?","M","T","E","?","?","?","M"],"build_version":"2018-08-23v2","purchased_purges":0,"victory":false,"max_hp_per_floor":[63,63,63,63,63,63,63,63,63,63,63,63,63,63,63,63,63,63,63,63,63,63,63,63,63,63,63,63,63,63,63],"card_choices":[{"not_picked":["Deflect","Tactician"],"picked":"Cloak And Dagger","floor":1},{"not_picked":["Predator","Dagger Throw"],"picked":"Infinite Blades","floor":5},{"not_picked":["Dodge and Roll","Calculated Gamble"],"picked":"Skewer","floor":6},{"not_picked":["Endless Agony","Dagger Spray"],"picked":"Backstab","floor":11},{"not_picked":["Dagger Throw","Flying Knee"],"picked":"Bane","floor":13},{"not_picked":["PiercingWail","Deflect"],"picked":"Distraction","floor":14},{"not_picked":["Wraith Form v2","Burst"],"picked":"Envenom","floor":16},{"not_picked":["Well Laid Plans","Outmaneuver"],"picked":"Caltrops+1","floor":18},{"not_picked":["Dash","Quick Slash"],"picked":"Outmaneuver","floor":19},{"not_picked":["PiercingWail","Quick Slash"],"picked":"Footwork","floor":24},{"not_picked":["Sucker Punch","Quick Slash"],"picked":"Infinite Blades","floor":25},{"not_picked":["Sucker Punch+1","Deflect"],"picked":"Choke","floor":27}],"player_experience":216987,"relics_obtained":[{"floor":6,"key":"Omamori"},{"floor":9,"key":"Bag of Preparation"},{"floor":10,"key":"Smiling Mask"},{"floor":21,"key":"Paper Crane"},{"floor":26,"key":"Bag of Marbles"},{"floor":27,"key":"Orichalcum"}],"event_choices":[{"event_name":"Golden Wing","player_choice":"Card Removal","floor":2,"damage_taken":0},{"event_name":"Scrap Ooze","player_choice":"success","floor":4,"damage_taken":12},{"event_name":"Big Fish","player_choice":"Box","floor":7,"damage_taken":0},{"event_name":"Beggar","player_choice":"Ignored","floor":28,"damage_taken":0},{"event_name":"Back to Basics","player_choice":"Simplicity","floor":30,"damage_taken":0}],"is_beta":false,"boss_relics":[{"not_picked":["Coffee Dripper","Busted Crown"],"picked":"Runic Pyramid"}],"items_purged_floors":[],"is_endless":false,"potions_floor_spawned":[6,11,13,19,24],"killed_by":"Centurion and Healer","ascension_level":0}