{"gold_per_floor":[118,6,6,21,21,52,70,245,245,259,269,269],"floor_reached":12,"playtime":453,"items_purged":["Normality"],"score":96,"play_id":"97615855-10ff-49e1-aede-3c75374bcf48","local_time":"20180909180519","is_ascension_mode":true,"campfire_choices":[],"neow_cost":"CURSE","seed_source_timestamp":84674489393693,"circlet_count":0,"master_deck":["Strike_B","Strike_B","Strike_B","Defend_B+1","Defend_B","Defend_B","Defend_B","Zap","Dualcast","Echo Form","Sweeping Beam","Loop+1","Doom and Gloom","Gash","Doubt","Rainbow"],"relics":["Cracked Core","Shuriken","Omamori"],"potions_floor_usage":[12],"damage_taken":[{"damage":11,"enemies":"Small Slimes","floor":1,"turns":3},{"damage":2,"enemies":"Jaw Worm","floor":4,"turns":3},{"damage":16,"enemies":"Gremlin Nob","floor":6,"turns":4},{"damage":1,"enemies":"2 Louse","floor":7,"turns":2},{"damage":16,"enemies":"Blue Slaver","floor":10,"turns":4},{"damage":11,"enemies":"Looter","floor":11,"turns":3},{"damage":8,"enemies":"3 Sentries","floor":12,"turns":2}],"seed_played":"-6424856156568968545","potions_obtained":[{"floor":10,"key":"Poison Potion"},{"floor":11,"key":"EssenceOfSteel"}],"is_trial":false,"path_per_floor":["M","$","?","M","?","E","M","?","T","M","M"],"character_chosen":"DEFECT","items_purchased":["Loop"],"campfire_rested":0,"item_purchase_floors":[2],"current_hp_per_floor":[64,64,64,62,47,31,30,30,30,14,3,0],"gold":269,"neow_bonus":"THREE_RARE_CARDS","is_prod":false,"is_daily":false,"chose_seed":false,"campfire_upgraded":0,"win_rate":0,"timestamp":1536541519,"path_taken":["M","$","?","M","?","E","?","?","T","M","?","E"],"build_version":"2018-09-06","purchased_purges":1,"victory":false,"max_hp_per_floor":[75,75,75,75,75,75,75,75,75,75,75,75],"card_choices":[{"not_picked":["Core Surge","Meteor Strike"],"picked":"Echo Form","floor":0},{"not_picked":["Reprogram","Coolheaded"],"picked":"Sweeping Beam","floor":1},{"not_picked":["Turbo","Steam Power"],"picked":"Doom and Gloom","floor":4},{"not_picked":["Cold Snap","Coolheaded","Aggregate"],"picked":"SKIP","floor":6},{"not_picked":["Beam Cell","Reinforced Body"],"picked":"Gash","floor":7},{"not_picked":["Skim","Double Energy"],"picked":"Rainbow","floor":10},{"not_picked":["Coolheaded","Rebound","Consume"],"picked":"SKIP","floor":11}],"player_experience":275501,"relics_obtained":[{"floor":6,"key":"Shuriken"},{"floor":9,"key":"Omamori"}],"event_choices":[{"event_name":"Living Wall","player_choice":"Forget","floor":3,"damage_taken":0},{"event_name":"Shining Light","player_choice":"Entered Light","floor":5,"damage_taken":0},{"event_name":"Liars Game","player_choice":"agreed","floor":8,"damage_taken":0}],"is_beta":false,"boss_relics":[],"items_purged_floors":[2],"is_endless":false,"potions_floor_spawned":[10,11],"killed_by":"3 Sentries","ascension_level":4}