{"gold_per_floor":[112,112,112,124,137,170,170,189,189,189,199,199,199,228,228,305,305,321,11,30,43,58,58,88,88,88,88,105,41,41,60,60,60],"floor_reached":33,"playtime":1339,"items_purged":["Strike_G"],"score":604,"play_id":"c7aaab5c-2fdd-4950-b8e1-efecd1a32ab7","local_time":"20190803135107","is_ascension_mode":true,"campfire_choices":[{"data":"Neutralize","floor":7.0,"key":"SMITH"},{"data":"Bouncing Flask","floor":10.0,"key":"SMITH"},{"data":"Survivor","floor":12.0,"key":"SMITH"},{"floor":15.0,"key":"REST"},{"data":"Malaise","floor":23.0,"key":"SMITH"},{"floor":25.0,"key":"REST"},{"data":"Well Laid Plans","floor":27.0,"key":"SMITH"},{"floor":32.0,"key":"REST"}],"neow_cost":"NONE","seed_source_timestamp":7352532401389,"circlet_count":0,"master_deck":["AscendersBane","Strike_G","Strike_G","Strike_G","Defend_G","Defend_G","Defend_G","Defend_G","Survivor+1","Neutralize+1","Bouncing Flask+1","Well Laid Plans+1","Dagger Spray","Escape Plan","Quick Slash","Flying Knee","Malaise+1","Glass Knife","Terror","Noxious Fumes","Backflip","Deflect","Noxious Fumes+1","Crippling Poison","Catalyst","Leg Sweep"],"special_seed":0,"relics":["Ring of the Snake","NeowsBlessing","Oddly Smooth Stone","Bottled Flame","Anchor","Bottled Tornado","Lizard Tail","Membership Card","Darkstone Periapt","Bag of Marbles"],"potions_floor_usage":[33],"damage_taken":[{"damage":0.0,"enemies":"Cultist","floor":1.0,"turns":1.0},{"damage":0.0,"enemies":"Jaw Worm","floor":4.0,"turns":1.0},{"damage":0.0,"enemies":"Small Slimes","floor":5.0,"turns":1.0},{"damage":5.0,"enemies":"Gremlin Nob","floor":6.0,"turns":3.0},{"damage":16.0,"enemies":"Exordium Wildlife","floor":8.0,"turns":6.0},{"damage":0.0,"enemies":"2 Fungi Beasts","floor":11.0,"turns":2.0},{"damage":15.0,"enemies":"3 Sentries","floor":14.0,"turns":8.0},{"damage":32.0,"enemies":"Slime Boss","floor":16.0,"turns":10.0},{"damage":6.0,"enemies":"Shell Parasite","floor":18.0,"turns":6.0},{"damage":2.0,"enemies":"Spheric Guardian","floor":20.0,"turns":5.0},{"damage":0.0,"enemies":"Snake Plant","floor":21.0,"turns":4.0},{"damage":8.0,"enemies":"Chosen and Byrds","floor":22.0,"turns":7.0},{"damage":24.0,"enemies":"Book of Stabbing","floor":24.0,"turns":7.0},{"damage":35.0,"enemies":"3 Cultists","floor":28.0,"turns":7.0},{"damage":13.0,"enemies":"Snake Plant","floor":31.0,"turns":6.0},{"damage":36,"enemies":"Champ","floor":33,"turns":10}],"seed_played":"-656280720845195689","potions_obtained":[{"floor":1.0,"key":"SteroidPotion"},{"floor":5.0,"key":"Poison Potion"},{"floor":11.0,"key":"GamblersBrew"},{"floor":16.0,"key":"Strength Potion"},{"floor":21.0,"key":"GhostInAJar"},{"floor":28.0,"key":"Poison Potion"}],"is_trial":false,"path_per_floor":["M","?","?","M","M","E","R","M","T","R","M","R","?","E","R","B",null,"M","$","M","M","M","R","E","R","T","R","M","$","?","M","R","B"],"character_chosen":"THE_SILENT","items_purchased":["Membership Card","Noxious Fumes","Backflip","Catalyst","Leg Sweep"],"campfire_rested":3,"item_purchase_floors":[19,19,19,29,29],"current_hp_per_floor":[59,54,54,54,54,49,49,33,33,33,33,33,33,18,37,5,51,45,45,43,43,35,35,11,30,30,30,28,28,28,15,34,0],"gold":60,"neow_bonus":"THREE_ENEMY_KILL","is_prod":false,"is_daily":false,"chose_seed":false,"campfire_upgraded":5,"win_rate":0,"timestamp":1564829467,"path_taken":["M","?","?","M","M","E","R","M","T","R","?","R","?","E","R","BOSS","M","$","M","M","M","R","E","R","T","R","M","?","?","M","R","BOSS"],"build_version":"2019-07-17","purchased_purges":1,"victory":false,"max_hp_per_floor":[66,66,66,66,66,66,66,66,66,66,66,66,66,66,66,66,66,66,66,66,66,66,66,66,66,66,66,66,66,66,66,66,66],"card_choices":[{"not_picked":["Deadly Poison","Well Laid Plans"],"picked":"Bouncing Flask","floor":1.0},{"not_picked":["Acrobatics","Slice"],"picked":"Dagger Spray","floor":4.0},{"not_picked":["Slice","Deadly Poison"],"picked":"Escape Plan","floor":5.0},{"not_picked":["Calculated Gamble","Dagger Spray"],"picked":"Quick Slash","floor":6.0},{"not_picked":["Deadly Poison","Quick Slash"],"picked":"Flying Knee","floor":8.0},{"not_picked":["Outmaneuver","Skewer","Dagger Throw"],"picked":"SKIP","floor":11.0},{"not_picked":["Concentrate","Doppelganger"],"picked":"Malaise","floor":14.0},{"not_picked":["Grand Finale","Tools of the Trade"],"picked":"Glass Knife","floor":16.0},{"not_picked":["Deflect","Concentrate"],"picked":"Terror","floor":18.0},{"not_picked":["Distraction+1","Prepared","Cloak And Dagger"],"picked":"SKIP","floor":20.0},{"not_picked":["Endless Agony","Sucker Punch"],"picked":"Deflect","floor":21.0},{"not_picked":["Slice+1","Deadly Poison"],"picked":"Noxious Fumes+1","floor":22.0},{"not_picked":["Doppelganger","A Thousand Cuts","Backflip"],"picked":"SKIP","floor":24.0},{"not_picked":["Poisoned Stab+1","Endless Agony"],"picked":"Crippling Poison","floor":28.0},{"not_picked":["Tactician","Underhanded Strike","Dagger Spray"],"picked":"SKIP","floor":31.0}],"player_experience":1118421,"relics_obtained":[{"floor":6.0,"key":"Bottled Flame"},{"floor":9.0,"key":"Anchor"},{"floor":14.0,"key":"Bottled Tornado"},{"floor":24.0,"key":"Darkstone Periapt"},{"floor":26.0,"key":"Bag of Marbles"}],"event_choices":[{"damage_healed":0.0,"max_hp_gain":0.0,"max_hp_loss":0.0,"gold_gain":0.0,"event_name":"Scrap Ooze","player_choice":"Success","floor":2.0,"gold_loss":0.0,"damage_taken":5.0,"relics_obtained":["Oddly Smooth Stone"]},{"damage_healed":0.0,"max_hp_gain":0.0,"max_hp_loss":0.0,"gold_gain":0.0,"cards_transformed":["Defend_G"],"event_name":"Transmorgrifier","player_choice":"Transformed","floor":3.0,"gold_loss":0.0,"damage_taken":0.0,"cards_obtained":["Well Laid Plans"]},{"cards_removed":["Strike_G"],"damage_healed":0.0,"max_hp_gain":0.0,"max_hp_loss":0.0,"gold_gain":0.0,"event_name":"Wheel of Change","player_choice":"Card Removal","floor":13.0,"gold_loss":0.0,"damage_taken":0.0}],"is_beta":false,"boss_relics":[{"not_picked":["HoveringKite","WristBlade"],"picked":"Lizard Tail"}],"items_purged_floors":[19],"is_endless":false,"potions_floor_spawned":[1,5,11,16,21,28],"killed_by":"Champ","ascension_level":20}