{"gold_per_floor":[110,123,123,13,13,13,28,46,46,46,78,2,12,22,22,101,101,111,111,126,136,22,22,22,22,49,66,66,91,122,134,134,208,208,221,92,109,124,124,124,144,144],"floor_reached":42,"playtime":1672,"items_purged":["Strike_G","Strike_G"],"score":917,"play_id":"f1f495b3-37e1-4be8-a6ec-8d78a6fd37e9","local_time":"20190127152210","is_ascension_mode":true,"campfire_choices":[{"data":"Dash","floor":6.0,"key":"SMITH"},{"data":"Noxious Fumes","floor":10.0,"key":"SMITH"},{"data":"Noxious Fumes","floor":15.0,"key":"SMITH"},{"data":"After Image","floor":23.0,"key":"SMITH"},{"floor":28.0,"key":"REST"},{"data":"Backflip","floor":32,"key":"SMITH"},{"floor":40,"key":"REST"}],"neow_cost":"NONE","seed_source_timestamp":14972540645723,"circlet_count":0,"master_deck":["AscendersBane","Defend_G","Defend_G","Defend_G","Defend_G","Defend_G","Strike_G+1","Strike_G+1","Strike_G","Survivor","Neutralize+1","Dagger Throw","Deadly Poison","Dash+1","Backflip+1","Noxious Fumes+1","Dash","Dodge and Roll","Noxious Fumes+1","Leg Sweep+1","After Image+1","Terror","Tools of the Trade","PiercingWail","Deflect"],"special_seed":0,"relics":["Ring of the Snake","Gremlin Horn","Sundial","Sozu","PreservedInsect","Bag of Preparation","Centennial Puzzle","Lizard Tail","SsserpentHead"],"potions_floor_usage":[31],"damage_taken":[{"damage":0.0,"enemies":"Cultist","floor":1.0,"turns":3.0},{"damage":3.0,"enemies":"2 Louse","floor":2.0,"turns":3.0},{"damage":2.0,"enemies":"Jaw Worm","floor":7.0,"turns":4.0},{"damage":1.0,"enemies":"Red Slaver","floor":8.0,"turns":3.0},{"damage":0.0,"enemies":"Lagavulin","floor":11.0,"turns":6.0},{"damage":9.0,"enemies":"Large Slime","floor":13.0,"turns":6.0},{"damage":0.0,"enemies":"Lots of Slimes","floor":14.0,"turns":4.0},{"damage":16.0,"enemies":"The Guardian","floor":16.0,"turns":11.0},{"damage":2.0,"enemies":"Chosen","floor":18.0,"turns":5.0},{"damage":3.0,"enemies":"Spheric Guardian","floor":20.0,"turns":5.0},{"damage":15.0,"enemies":"Chosen and Byrds","floor":21.0,"turns":7.0},{"damage":8.0,"enemies":"Snake Plant","floor":27.0,"turns":5.0},{"damage":0,"enemies":"Gremlin Leader","floor":30,"turns":6},{"damage":2,"enemies":"Cultist and Chosen","floor":31,"turns":8},{"damage":27,"enemies":"Automaton","floor":33,"turns":11},{"damage":15,"enemies":"3 Darklings","floor":35,"turns":6},{"damage":7,"enemies":"Orb Walker","floor":37,"turns":5},{"damage":34,"enemies":"3 Darklings","floor":38,"turns":6},{"damage":7,"enemies":"Writhing Mass","floor":41,"turns":8},{"damage":42,"enemies":"Giant Head","floor":42,"turns":8}],"seed_played":"-1914696222041517805","potions_obtained":[{"floor":7.0,"key":"Explosive Potion"},{"floor":8.0,"key":"Block Potion"}],"is_trial":false,"path_per_floor":["M","M","?","$","?","R","M","M","T","R","E","$","M","M","R","B",null,"M","?","M","M","$","R","$","?","T","M","R","T","E","M","R","B",null,"M","$","M","M","?","R","M","E"],"character_chosen":"THE_SILENT","items_purchased":["Dash","Backflip","Noxious Fumes","Terror","Deflect"],"campfire_rested":2,"item_purchase_floors":[4,4,12,22,36],"current_hp_per_floor":[59,56,36,36,36,36,34,33,33,33,33,33,24,24,24,8,52,50,50,47,32,32,32,32,32,32,24,43,43,43,41,41,14,53,38,38,31,30,30,49,42,0],"gold":144,"neow_bonus":"UPGRADE_CARD","is_prod":false,"is_daily":false,"chose_seed":false,"campfire_upgraded":5,"win_rate":0,"timestamp":1548591730,"path_taken":["M","M","?","$","?","R","M","M","T","R","E","?","?","M","R","BOSS","M","?","M","?","$","R","$","?","T","M","R","?","E","M","R","BOSS","M","$","M","M","?","R","M","E"],"build_version":"2019-01-23","purchased_purges":2,"victory":false,"max_hp_per_floor":[66,66,66,66,66,66,66,66,66,66,66,66,66,66,66,66,66,66,66,66,66,66,66,66,66,66,66,66,66,66,66,66,66,66,66,66,66,66,66,66,66,66],"card_choices":[{"not_picked":["Setup","Blade Dance"],"picked":"Dagger Throw","floor":1.0},{"not_picked":["Predator","Reflex"],"picked":"Deadly Poison","floor":2.0},{"not_picked":["Deflect","Dagger Spray"],"picked":"Noxious Fumes","floor":7.0},{"not_picked":["Sucker Punch","Bouncing Flask"],"picked":"Dash","floor":8.0},{"not_picked":["Die Die Die","Poisoned Stab"],"picked":"Dodge and Roll","floor":11.0},{"not_picked":["Distraction","Flying Knee","Backflip"],"picked":"SKIP","floor":13.0},{"not_picked":["Backflip","Flechettes"],"picked":"Leg Sweep","floor":14.0},{"not_picked":["Burst","A Thousand Cuts"],"picked":"After Image","floor":16.0},{"not_picked":["Flying Knee","Underhanded Strike","Backflip"],"picked":"SKIP","floor":18.0},{"not_picked":["Infinite Blades","Poisoned Stab","Deflect"],"picked":"SKIP","floor":20.0},{"not_picked":["Finisher","Deflect","Sucker Punch"],"picked":"SKIP","floor":21.0},{"not_picked":["Deflect","Blade Dance","Outmaneuver"],"picked":"SKIP","floor":27.0},{"not_picked":["Eviscerate","Prepared","Sucker Punch"],"picked":"SKIP","floor":30},{"not_picked":["Underhanded Strike","Poisoned Stab","Terror"],"picked":"SKIP","floor":31},{"not_picked":["Envenom","Wraith Form v2"],"picked":"Tools of the Trade","floor":33},{"not_picked":["Choke","Flying Knee"],"picked":"PiercingWail","floor":35},{"not_picked":["Caltrops","Deadly Poison+1","Slice"],"picked":"SKIP","floor":37},{"not_picked":["Quick Slash+1","Heel Hook+1","Backflip"],"picked":"SKIP","floor":38},{"not_picked":["Riddle With Holes","Slice","Deflect"],"picked":"SKIP","floor":41}],"player_experience":717578,"relics_obtained":[{"floor":9.0,"key":"Gremlin Horn"},{"floor":11.0,"key":"Sundial"},{"floor":26.0,"key":"PreservedInsect"},{"floor":29.0,"key":"Bag of Preparation"},{"floor":30,"key":"Centennial Puzzle"}],"event_choices":[{"damage_healed":0.0,"max_hp_gain":0.0,"max_hp_loss":0.0,"gold_gain":0.0,"event_name":"Shining Light","player_choice":"Entered Light","floor":3.0,"gold_loss":0.0,"damage_taken":20.0,"cards_upgraded":["Strike_G","Strike_G"]},{"damage_healed":0.0,"max_hp_gain":0.0,"max_hp_loss":0.0,"gold_gain":0.0,"event_name":"The Cleric","player_choice":"Leave","floor":5.0,"gold_loss":0.0,"damage_taken":0.0},{"damage_healed":0.0,"max_hp_gain":0.0,"max_hp_loss":0.0,"gold_gain":0.0,"event_name":"Upgrade Shrine","player_choice":"Upgraded","floor":19.0,"gold_loss":0.0,"damage_taken":0.0,"cards_upgraded":["Leg Sweep"]},{"damage_healed":0.0,"max_hp_gain":0.0,"max_hp_loss":0.0,"gold_gain":0.0,"event_name":"The Mausoleum","player_choice":"Ignored","floor":25.0,"gold_loss":0.0,"damage_taken":0.0},{"damage_healed":0,"gold_gain":0,"player_choice":"Trade","damage_taken":0,"relics_obtained":["SsserpentHead"],"max_hp_gain":0,"max_hp_loss":0,"event_name":"FaceTrader","floor":39,"gold_loss":0}],"is_beta":false,"boss_relics":[{"not_picked":["Philosopher\u0027s Stone","Empty Cage"],"picked":"Sozu"},{"not_picked":["Runic Dome","Tiny House"],"picked":"Lizard Tail"}],"items_purged_floors":[22,36],"is_endless":false,"potions_floor_spawned":[7,8,14,16,20,21,27,33,35,41],"killed_by":"Giant Head","ascension_level":19}