{"gold_per_floor":[113,129,94,166,166,166,10,26,26,26,55,29,29,47,47,147,147,166,193,193,5,19,19,52,52,52,70,70,85,104,119,119,119],"floor_reached":33,"playtime":1601,"items_purged":[],"score":395,"play_id":"de38117c-33dc-4962-bfc3-a33359c849cd","local_time":"20181120153659","is_ascension_mode":true,"campfire_choices":[{"data":"Combust","floor":6.0,"key":"SMITH"},{"data":"Mind Blast","floor":10.0,"key":"SMITH"},{"data":"Entrench","floor":15.0,"key":"SMITH"},{"data":"Barricade","floor":23.0,"key":"SMITH"},{"data":"Rage","floor":25.0,"key":"SMITH"},{"data":"Demon Form","floor":32.0,"key":"SMITH"}],"neow_cost":"PERCENT_DAMAGE","seed_source_timestamp":50746150335920,"circlet_count":0,"master_deck":["Strike_R+1","Strike_R","Strike_R","Strike_R","Strike_R","Defend_R","Defend_R","Defend_R","Defend_R","Bash","Good Instincts","Mind Blast+1","Combust+1","Heavy Blade","Reckless Charge+1","Bash","Heavy Blade","Entrench+1","Havoc","Rampage","Demon Form+1","Sentinel","Corruption","Flame Barrier","Armaments","Shrug It Off","Barricade+1","Thunderclap","Ghostly","Ghostly","Ghostly","Ghostly","Ghostly","Inflame","Seeing Red","Rage+1","Warcry+1","Seeing Red+1","Flame Barrier","Pommel Strike+1"],"special_seed":0,"relics":["Burning Blood","Whetstone","Letter Opener","Red Skull","Pear","Orrery","Red Mask","Vajra","Blood Vial","Sundial","The Courier"],"potions_floor_usage":[33],"damage_taken":[{"damage":5.0,"enemies":"Jaw Worm","floor":1.0,"turns":5.0},{"damage":6.0,"enemies":"Small Slimes","floor":2.0,"turns":3.0},{"damage":4.0,"enemies":"2 Louse","floor":8.0,"turns":3.0},{"damage":26.0,"enemies":"Lagavulin","floor":11.0,"turns":5.0},{"damage":10.0,"enemies":"Gremlin Gang","floor":14.0,"turns":5.0},{"damage":33.0,"enemies":"Slime Boss","floor":16.0,"turns":8.0},{"damage":20.0,"enemies":"Spheric Guardian","floor":18.0,"turns":4.0},{"damage":42.0,"enemies":"Masked Bandits","floor":19.0,"turns":5.0},{"damage":4.0,"enemies":"Chosen","floor":22.0,"turns":5.0},{"damage":10.0,"enemies":"Gremlin Leader","floor":24.0,"turns":7.0},{"damage":4.0,"enemies":"Centurion and Healer","floor":27.0,"turns":7.0},{"damage":4.0,"enemies":"Snake Plant","floor":29.0,"turns":5.0},{"damage":7.0,"enemies":"Shelled Parasite and Fungi","floor":30.0,"turns":5.0},{"damage":20.0,"enemies":"3 Cultists","floor":31.0,"turns":5.0},{"damage":64,"enemies":"Collector","floor":33,"turns":6}],"seed_played":"8526904130032878023","potions_obtained":[{"floor":1.0,"key":"Regen Potion"},{"floor":2.0,"key":"Poison Potion"},{"floor":14.0,"key":"Fire Potion"},{"floor":19.0,"key":"Explosive Potion"},{"floor":22.0,"key":"PowerPotion"},{"floor":24.0,"key":"Fire Potion"},{"floor":31.0,"key":"BloodPotion"}],"is_trial":false,"path_per_floor":["M","M","?","?","?","R","$","M","T","R","E","$","?","M","R","B",null,"M","?","?","$","M","R","E","R","T","M","T","M","M","M","R","B"],"character_chosen":"IRONCLAD","items_purchased":["Whetstone","Havoc","Vajra","Inflame"],"campfire_rested":0,"item_purchase_floors":[7,12,21,21],"current_hp_per_floor":[52,52,72,72,72,72,72,74,74,74,54,54,64,72,72,45,79,65,29,29,29,31,31,27,27,27,31,31,35,36,24,24,0],"gold":119,"neow_bonus":"RANDOM_COLORLESS_2","is_prod":false,"is_daily":false,"chose_seed":false,"campfire_upgraded":6,"win_rate":0,"timestamp":1542757019,"path_taken":["M","M","?","?","?","R","$","?","T","R","E","$","?","M","R","BOSS","M","?","?","$","M","R","E","R","T","M","?","M","?","M","R","BOSS"],"build_version":"2018-11-15","purchased_purges":0,"victory":false,"max_hp_per_floor":[80,80,80,80,80,80,80,80,80,80,80,80,90,90,90,90,90,90,90,45,45,45,45,45,45,45,45,45,45,45,45,45,45],"card_choices":[{"not_picked":["Iron Wave","Headbutt"],"picked":"Combust","floor":1.0},{"not_picked":["Cleave","Havoc"],"picked":"Heavy Blade","floor":2.0},{"not_picked":["Perfected Strike","Clothesline"],"picked":"Heavy Blade","floor":8.0},{"not_picked":["Armaments","Uppercut"],"picked":"Entrench","floor":11.0},{"not_picked":["Exhume","True Grit"],"picked":"Rampage","floor":14.0},{"not_picked":["Exhume","Double Tap"],"picked":"Demon Form","floor":16.0},{"not_picked":["Rampage","Flex"],"picked":"Sentinel","floor":17.0},{"not_picked":["True Grit","Perfected Strike"],"picked":"Corruption","floor":17.0},{"not_picked":["Perfected Strike","Heavy Blade"],"picked":"Flame Barrier","floor":17.0},{"not_picked":["True Grit","Headbutt"],"picked":"Armaments","floor":17.0},{"not_picked":["Evolve","Heavy Blade"],"picked":"Shrug It Off","floor":17.0},{"not_picked":["True Grit","Power Through+1"],"picked":"Barricade","floor":18.0},{"not_picked":["Headbutt","Anger"],"picked":"Thunderclap","floor":19.0},{"not_picked":["Thunderclap","Anger+1"],"picked":"Seeing Red","floor":22.0},{"not_picked":["Uppercut","Headbutt"],"picked":"Rage","floor":24.0},{"not_picked":["Iron Wave","Bludgeon"],"picked":"Warcry+1","floor":27.0},{"not_picked":["Headbutt+1","Dropkick"],"picked":"Seeing Red+1","floor":29.0},{"not_picked":["Clash","Thunderclap"],"picked":"Flame Barrier","floor":30.0},{"not_picked":["Flex","Sword Boomerang"],"picked":"Pommel Strike+1","floor":31.0}],"player_experience":448789,"relics_obtained":[{"floor":9.0,"key":"Letter Opener"},{"floor":11.0,"key":"Red Skull"},{"floor":19.0,"key":"Red Mask"},{"floor":24.0,"key":"Blood Vial"},{"floor":26.0,"key":"Sundial"},{"floor":28.0,"key":"The Courier"}],"event_choices":[{"damage_healed":20.0,"max_hp_gain":0.0,"max_hp_loss":0.0,"gold_gain":0.0,"event_name":"The Cleric","player_choice":"Healed","floor":3.0,"gold_loss":35.0,"damage_taken":0.0},{"damage_healed":0.0,"max_hp_gain":0.0,"max_hp_loss":0.0,"gold_gain":72.0,"event_name":"Golden Wing","player_choice":"Gained Gold","floor":4.0,"gold_loss":0.0,"damage_taken":0.0},{"damage_healed":0.0,"max_hp_gain":0.0,"max_hp_loss":0.0,"gold_gain":0.0,"event_name":"Match and Keep!","player_choice":"2 cards matched","floor":5.0,"gold_loss":0.0,"damage_taken":0.0,"cards_obtained":["Reckless Charge","Bash"]},{"damage_healed":0.0,"max_hp_gain":0.0,"max_hp_loss":0.0,"gold_gain":0.0,"event_name":"Dead Adventurer","player_choice":"Searched \u00272\u0027 times","floor":13.0,"gold_loss":0.0,"damage_taken":0.0,"relics_obtained":["Pear"]},{"damage_healed":0.0,"max_hp_gain":0.0,"max_hp_loss":0.0,"gold_gain":0.0,"event_name":"Masked Bandits","player_choice":"Fought Bandits","floor":19.0,"gold_loss":0.0,"damage_taken":0.0},{"damage_healed":0.0,"max_hp_gain":0.0,"max_hp_loss":45.0,"gold_gain":0.0,"event_name":"Ghosts","player_choice":"Became a Ghost","floor":20.0,"gold_loss":0.0,"damage_taken":0.0,"cards_obtained":["Ghostly","Ghostly","Ghostly","Ghostly","Ghostly"]}],"is_beta":false,"boss_relics":[{"not_picked":["Black Blood","Philosopher\u0027s Stone"],"picked":"Orrery"}],"items_purged_floors":[],"is_endless":false,"potions_floor_spawned":[1,2,14,19,22,24,31],"killed_by":"Collector","ascension_level":6}