{"gold_per_floor":[114,114,114,189,114,142,155,155,155,155,174,188,204,236,236,311,311,328,328,346,58,38,65,75,85,85,97,126,126,136,147,147,221,221,232,232,250,302,302,302,334,334],"floor_reached":42,"playtime":2236,"items_purged":["Writhe"],"score":1127,"play_id":"bcb6951f-90c1-4ca1-be8e-0f0c5258801f","local_time":"20190723011216","is_ascension_mode":true,"campfire_choices":[{"data":"Terror","floor":8.0,"key":"SMITH"},{"data":"Neutralize","floor":10.0,"key":"SMITH"},{"data":"A Thousand Cuts","floor":15.0,"key":"SMITH"},{"data":"Backflip","floor":29.0,"key":"SMITH"},{"data":"Accuracy","floor":32.0,"key":"SMITH"},{"data":"Phantasmal Killer","floor":40,"key":"SMITH"}],"neow_cost":"NONE","seed_source_timestamp":26096268170834,"circlet_count":0,"master_deck":["AscendersBane","Strike_G","Strike_G","Strike_G","Strike_G","Defend_G","Defend_G","Defend_G","Defend_G","Survivor","Neutralize+1","Terror+1","PiercingWail","Endless Agony","Well Laid Plans","Cloak And Dagger","A Thousand Cuts+1","Bullet Time","Accuracy+1","Prepared+1","Backflip+1","Infinite Blades","Cloak And Dagger","Acrobatics","Blade Dance","Backflip+1","Storm of Steel","A Thousand Cuts+1","Blade Dance+1","Cloak And Dagger+1","Phantasmal Killer+1","Neutralize"],"special_seed":0,"relics":["Ring of the Snake","NeowsBlessing","Anchor","Shuriken","Ninja Scroll","Pocketwatch","Coffee Dripper","Ancient Tea Set","TheAbacus","Mercury Hourglass","Lantern","Paper Crane","Black Star","Incense Burner","Dream Catcher","Letter Opener"],"potions_floor_usage":[],"damage_taken":[{"damage":0.0,"enemies":"Small Slimes","floor":1.0,"turns":1.0},{"damage":0.0,"enemies":"Lagavulin","floor":6.0,"turns":1.0},{"damage":0.0,"enemies":"Jaw Worm","floor":7.0,"turns":1.0},{"damage":0.0,"enemies":"Cultist","floor":11.0,"turns":2.0},{"damage":2.0,"enemies":"Gremlin Gang","floor":12.0,"turns":4.0},{"damage":0.0,"enemies":"Blue Slaver","floor":13.0,"turns":3.0},{"damage":3.0,"enemies":"Gremlin Nob","floor":14.0,"turns":3.0},{"damage":12.0,"enemies":"Slime Boss","floor":16.0,"turns":8.0},{"damage":1.0,"enemies":"2 Thieves","floor":18.0,"turns":4.0},{"damage":8.0,"enemies":"3 Byrds","floor":20.0,"turns":5.0},{"damage":3.0,"enemies":"Gremlin Leader","floor":23.0,"turns":5.0},{"damage":13.0,"enemies":"Centurion and Healer","floor":24.0,"turns":4.0},{"damage":15.0,"enemies":"Snake Plant","floor":25.0,"turns":4.0},{"damage":0.0,"enemies":"Chosen and Byrds","floor":27.0,"turns":3.0},{"damage":0.0,"enemies":"Book of Stabbing","floor":28.0,"turns":4.0},{"damage":2.0,"enemies":"3 Cultists","floor":30.0,"turns":4.0},{"damage":0.0,"enemies":"Cultist and Chosen","floor":31.0,"turns":3.0},{"damage":0.0,"enemies":"Champ","floor":33.0,"turns":7.0},{"damage":0.0,"enemies":"3 Shapes","floor":35.0,"turns":3.0},{"damage":0.0,"enemies":"3 Darklings","floor":37.0,"turns":2.0},{"damage":15.0,"enemies":"2 Orb Walkers","floor":38.0,"turns":4.0},{"damage":34,"enemies":"Nemesis","floor":41,"turns":7},{"damage":7,"enemies":"Spire Growth","floor":42,"turns":2}],"seed_played":"-3551885431238282828","potions_obtained":[{"floor":1.0,"key":"Dexterity Potion"},{"floor":6.0,"key":"Ancient Potion"},{"floor":13.0,"key":"SkillPotion"},{"floor":16.0,"key":"Energy Potion"},{"floor":22.0,"key":"SteroidPotion"},{"floor":27.0,"key":"Swift Potion"},{"floor":28.0,"key":"Poison Potion"},{"floor":30.0,"key":"FearPotion"},{"floor":33.0,"key":"AttackPotion"},{"floor":35.0,"key":"SpeedPotion"}],"is_trial":false,"path_per_floor":["M","?","?","?","?","E","M","R","T","R","M","M","M","E","R","B",null,"M","?","M","$","?","E","M","M","T","M","E","R","M","M","R","B",null,"M","?","M","?","?","R","E","M"],"character_chosen":"THE_SILENT","items_purchased":["TheAbacus"],"campfire_rested":0,"item_purchase_floors":[21],"current_hp_per_floor":[59,59,33,22,22,22,22,22,22,22,22,20,20,17,17,5,51,50,50,42,42,42,39,26,11,11,11,11,11,9,9,9,9,52,52,52,52,37,37,37,3,0],"gold":334,"neow_bonus":"THREE_ENEMY_KILL","is_prod":false,"is_daily":false,"chose_seed":false,"campfire_upgraded":6,"win_rate":0,"timestamp":1563869536,"path_taken":["M","?","?","?","?","E","M","R","T","R","M","M","M","E","R","BOSS","M","?","M","$","?","E","M","?","T","M","E","R","M","?","R","BOSS","M","?","?","?","?","R","E","M"],"build_version":"2019-07-17","purchased_purges":1,"victory":false,"max_hp_per_floor":[66,66,66,66,66,66,66,66,66,66,66,66,66,66,66,66,66,66,66,66,66,66,66,66,66,66,66,66,66,66,66,66,66,66,66,66,66,66,66,66,66,66],"card_choices":[{"not_picked":["Concentrate","Dodge and Roll","Bane"],"picked":"SKIP","floor":1.0},{"not_picked":["Backflip","Skewer"],"picked":"Terror","floor":6.0},{"not_picked":["Dodge and Roll","Bane"],"picked":"PiercingWail","floor":7.0},{"not_picked":["Deadly Poison","Underhanded Strike"],"picked":"Endless Agony","floor":11.0},{"not_picked":["Underhanded Strike","Dagger Throw"],"picked":"Well Laid Plans","floor":12.0},{"not_picked":["Outmaneuver","Acrobatics"],"picked":"Cloak And Dagger","floor":13.0},{"not_picked":["Flying Knee","Prepared"],"picked":"A Thousand Cuts","floor":14.0},{"not_picked":["Malaise","A Thousand Cuts"],"picked":"Bullet Time","floor":16.0},{"not_picked":["Outmaneuver","Dagger Spray"],"picked":"Accuracy","floor":18.0},{"not_picked":["Quick Slash","Underhanded Strike"],"picked":"Prepared+1","floor":20.0},{"not_picked":["Outmaneuver","Eviscerate"],"picked":"Backflip","floor":23.0},{"not_picked":["Endless Agony","Acrobatics"],"picked":"Infinite Blades","floor":24.0},{"not_picked":["Terror","Dagger Spray"],"picked":"Cloak And Dagger","floor":25.0},{"not_picked":["Poisoned Stab","Reflex"],"picked":"Acrobatics","floor":27.0},{"not_picked":["Outmaneuver","Deadly Poison"],"picked":"Blade Dance","floor":28.0},{"not_picked":["Sucker Punch","Flechettes","Expertise"],"picked":"SKIP","floor":30.0},{"not_picked":["Cloak And Dagger","Underhanded Strike"],"picked":"Backflip+1","floor":31.0},{"not_picked":["Bullet Time","Die Die Die"],"picked":"Storm of Steel","floor":33.0},{"not_picked":["Setup","Crippling Poison","Underhanded Strike"],"picked":"SKIP","floor":35.0},{"not_picked":["Deadly Poison","Tactician+1"],"picked":"Blade Dance+1","floor":37.0},{"not_picked":["Terror+1","Dagger Throw+1"],"picked":"Cloak And Dagger+1","floor":38.0},{"not_picked":["Cloak And Dagger","Setup","Acrobatics"],"picked":"SKIP","floor":41}],"player_experience":669396,"relics_obtained":[{"floor":6.0,"key":"Shuriken"},{"floor":9.0,"key":"Ninja Scroll"},{"floor":14.0,"key":"Pocketwatch"},{"floor":23.0,"key":"Mercury Hourglass"},{"floor":26.0,"key":"Lantern"},{"floor":28.0,"key":"Paper Crane"},{"floor":38.0,"key":"Incense Burner"},{"floor":41,"key":"Dream Catcher"},{"floor":41,"key":"Letter Opener"}],"event_choices":[{"cards_removed":["Strike_G"],"damage_healed":0.0,"max_hp_gain":0.0,"max_hp_loss":0.0,"gold_gain":0.0,"event_name":"Living Wall","player_choice":"Forget","floor":2.0,"gold_loss":0.0,"damage_taken":0.0},{"damage_healed":0.0,"max_hp_gain":0.0,"max_hp_loss":0.0,"gold_gain":0.0,"event_name":"Scrap Ooze","player_choice":"Success","floor":3.0,"gold_loss":0.0,"damage_taken":26.0,"relics_obtained":["Anchor"]},{"damage_healed":0.0,"max_hp_gain":0.0,"max_hp_loss":0.0,"gold_gain":75.0,"event_name":"World of Goop","player_choice":"Gather Gold","floor":4.0,"gold_loss":0.0,"damage_taken":11.0},{"cards_removed":["Defend_G"],"damage_healed":0.0,"max_hp_gain":0.0,"max_hp_loss":0.0,"gold_gain":0.0,"event_name":"The Cleric","player_choice":"Card Removal","floor":5.0,"gold_loss":75.0,"damage_taken":0.0},{"damage_healed":0.0,"max_hp_gain":0.0,"max_hp_loss":0.0,"gold_gain":0.0,"event_name":"The Mausoleum","player_choice":"Opened","floor":19.0,"gold_loss":0.0,"damage_taken":0.0,"relics_obtained":["Ancient Tea Set"],"cards_obtained":["Writhe"]},{"damage_healed":0.0,"max_hp_gain":0.0,"max_hp_loss":0.0,"gold_gain":0.0,"event_name":"The Woman in Blue","player_choice":"Bought 1 Potion","floor":22.0,"gold_loss":0.0,"damage_taken":0.0},{"damage_healed":0.0,"max_hp_gain":0.0,"max_hp_loss":0.0,"gold_gain":0.0,"event_name":"Duplicator","player_choice":"Copied","floor":36.0,"gold_loss":0.0,"damage_taken":0.0,"cards_obtained":["A Thousand Cuts"]},{"damage_healed":0.0,"max_hp_gain":0.0,"max_hp_loss":0.0,"gold_gain":0.0,"event_name":"Mysterious Sphere","player_choice":"Fight","floor":38.0,"gold_loss":0.0,"damage_taken":0.0},{"damage_healed":0,"gold_gain":0,"player_choice":"2 cards matched","damage_taken":0,"max_hp_gain":0,"max_hp_loss":0,"event_name":"Match and Keep!","floor":39,"gold_loss":0,"cards_obtained":["Phantasmal Killer","Neutralize"]}],"is_beta":false,"boss_relics":[{"not_picked":["Ectoplasm","Lizard Tail"],"picked":"Coffee Dripper"},{"not_picked":["Fusion Hammer","Runic Dome"],"picked":"Black Star"}],"items_purged_floors":[21],"is_endless":false,"potions_floor_spawned":[1,6,13,16,27,28,30,33,35],"killed_by":"Spire Growth","ascension_level":19}