{"gold_per_floor":[111,111,36,86,103,134,134,134,134,134,149,224,264,264,264,363,363,386,409,459,73,96,96],"floor_reached":23,"playtime":813,"items_purged":[],"score":345,"play_id":"d491448b-2d24-4ff9-9c0a-8bb3ea3124ec","local_time":"20190621215241","is_ascension_mode":true,"campfire_choices":[{"floor":7,"key":"REST"},{"data":"Neutralize","floor":10,"key":"SMITH"},{"floor":15,"key":"REST"}],"neow_cost":"NONE","seed_source_timestamp":43097941469400,"circlet_count":0,"master_deck":["AscendersBane","Defend_G","Defend_G","Defend_G","Defend_G","Strike_G","Strike_G","Strike_G","Strike_G","Survivor","Neutralize+1","Deadly Poison","Quick Slash","Poisoned Stab","Predator+1","Flying Knee+1","PiercingWail","After Image","Footwork","Escape Plan","Flechettes+1"],"relics":["Ring of the Snake","Molten Egg 2","Golden Idol","Gremlin Horn","Singing Bowl","FossilizedHelix","Sozu","Lantern","Shuriken"],"potions_floor_usage":[13,13],"damage_taken":[{"damage":1,"enemies":"Cultist","floor":1,"turns":4},{"damage":7,"enemies":"2 Louse","floor":5,"turns":3},{"damage":33,"enemies":"3 Sentries","floor":6,"turns":11},{"damage":6,"enemies":"Small Slimes","floor":11,"turns":2},{"damage":7,"enemies":"Lagavulin","floor":13,"turns":5},{"damage":7,"enemies":"Hexaghost","floor":16,"turns":10},{"damage":0,"enemies":"Spheric Guardian","floor":18,"turns":3},{"damage":5,"enemies":"3 Byrds","floor":19,"turns":5},{"damage":15,"enemies":"Shelled Parasite and Fungi","floor":22,"turns":7},{"damage":33,"enemies":"Slavers","floor":23,"turns":3}],"seed_played":"-7504838764281657492","potions_obtained":[{"floor":1,"key":"Weak Potion"},{"floor":11,"key":"Swift Potion"}],"is_trial":false,"path_per_floor":["M","?","?","?","M","E","R","?","T","R","M","?","E","?","R","B",null,"M","M","?","$","M","E"],"character_chosen":"THE_SILENT","items_purchased":["Lantern","Shuriken"],"campfire_rested":2,"item_purchase_floors":[21,21],"current_hp_per_floor":[58,51,51,51,44,11,30,30,30,30,24,13,6,1,19,12,48,48,43,43,43,28,0],"gold":96,"neow_bonus":"THREE_CARDS","is_prod":false,"is_daily":false,"chose_seed":false,"campfire_upgraded":1,"win_rate":0,"timestamp":1561143161,"path_taken":["M","?","?","?","?","E","R","?","T","R","M","?","E","?","R","BOSS","M","M","?","$","M","E"],"build_version":"2019-01-23","purchased_purges":0,"victory":false,"max_hp_per_floor":[66,66,66,66,66,66,66,60,60,60,60,60,60,60,60,60,60,60,60,60,60,60,60],"card_choices":[{"not_picked":["Backflip","Dodge and Roll"],"picked":"Deadly Poison","floor":0},{"not_picked":["Blur","Underhanded Strike"],"picked":"Quick Slash","floor":1},{"not_picked":["Backflip","Masterful Stab"],"picked":"Poisoned Stab","floor":5},{"not_picked":["Blur","Catalyst"],"picked":"Predator","floor":6},{"not_picked":["Outmaneuver","Dagger Throw+1"],"picked":"Flying Knee+1","floor":11},{"not_picked":["Quick Slash+1","Cloak And Dagger"],"picked":"PiercingWail","floor":13},{"not_picked":["Grand Finale+1","Night Terror"],"picked":"After Image","floor":16},{"not_picked":["Flying Knee+1","All Out Attack+1"],"picked":"Footwork","floor":18},{"not_picked":["Dodge and Roll","Acrobatics"],"picked":"Escape Plan","floor":19},{"not_picked":["Poisoned Stab+1","Slice+1"],"picked":"Flechettes+1","floor":22}],"player_experience":992807,"relics_obtained":[{"floor":6,"key":"Molten Egg 2"},{"floor":9,"key":"Gremlin Horn"},{"floor":13,"key":"Singing Bowl"}],"event_choices":[{"cards_removed":["Strike_G"],"damage_healed":0,"gold_gain":0,"player_choice":"Card Removal","damage_taken":7,"max_hp_gain":0,"max_hp_loss":0,"event_name":"Golden Wing","floor":2,"gold_loss":0},{"cards_removed":["Defend_G"],"damage_healed":0,"gold_gain":0,"player_choice":"Card Removal","damage_taken":0,"max_hp_gain":0,"max_hp_loss":0,"event_name":"The Cleric","floor":3,"gold_loss":75},{"damage_healed":0,"gold_gain":50,"player_choice":"Pray","damage_taken":0,"max_hp_gain":0,"max_hp_loss":0,"event_name":"Golden Shrine","floor":4,"gold_loss":0},{"damage_healed":0,"gold_gain":0,"player_choice":"Lose Max HP","damage_taken":0,"relics_obtained":["Golden Idol"],"max_hp_gain":0,"max_hp_loss":6,"event_name":"Golden Idol","floor":8,"gold_loss":0},{"damage_healed":0,"gold_gain":75,"player_choice":"Gather Gold","damage_taken":11,"max_hp_gain":0,"max_hp_loss":0,"event_name":"World of Goop","floor":12,"gold_loss":0},{"damage_healed":0,"gold_gain":0,"player_choice":"Success","damage_taken":5,"relics_obtained":["FossilizedHelix"],"max_hp_gain":0,"max_hp_loss":0,"event_name":"Scrap Ooze","floor":14,"gold_loss":0},{"damage_healed":0,"gold_gain":50,"player_choice":"Stole From Cult","damage_taken":0,"max_hp_gain":0,"max_hp_loss":0,"event_name":"Nest","floor":20,"gold_loss":0}],"is_beta":false,"boss_relics":[{"not_picked":["Lizard Tail","Tiny House"],"picked":"Sozu"}],"items_purged_floors":[],"is_endless":false,"potions_floor_spawned":[1,11,19],"killed_by":"Slavers","ascension_level":15}