{"gold_per_floor":[112,112,287,300,300,300,334,334,381,394,409,31,47,57,57,152,152,171,96,22,22,37,37,37,37,37,54,64,64],"floor_reached":29,"playtime":1778,"items_purged":["Doubt"],"score":315,"play_id":"f92fa373-787f-4028-af53-3849dfe0f4ae","local_time":"20180918115837","is_ascension_mode":true,"campfire_choices":[{"floor":6.0,"key":"REST"},{"data":"Footwork","floor":8.0,"key":"SMITH"},{"floor":15.0,"key":"REST"},{"floor":23,"key":"REST"},{"data":"Burst","floor":25,"key":"SMITH"}],"neow_cost":"PERCENT_DAMAGE","seed_source_timestamp":0,"circlet_count":0,"master_deck":["Defend_G","Defend_G","Defend_G","Defend_G","Strike_G","Strike_G","Strike_G","Strike_G","Survivor","Neutralize","Tactician","Footwork+1","Deflect","Prepared","Well Laid Plans+1","Grand Finale","Envenom+1","Pain","Clumsy","Caltrops+1","Burst+1"],"special_seed":0,"relics":["Ring of the Snake","Happy Flower","Frozen Egg 2","Oddly Smooth Stone","Bronze Scales","Calling Bell","Art of War","Blue Candle","Tingsha","Enchiridion","Pantograph"],"potions_floor_usage":[28,28,28,29],"damage_taken":[{"damage":0.0,"enemies":"2 Louse","floor":1.0,"turns":3.0},{"damage":5.0,"enemies":"Small Slimes","floor":4.0,"turns":4.0},{"damage":24.0,"enemies":"Gremlin Nob","floor":7.0,"turns":5.0},{"damage":8.0,"enemies":"Jaw Worm","floor":10.0,"turns":7.0},{"damage":13.0,"enemies":"Exordium Thugs","floor":11.0,"turns":12.0},{"damage":0.0,"enemies":"Looter","floor":13.0,"turns":4.0},{"damage":0.0,"enemies":"Lots of Slimes","floor":14.0,"turns":5.0},{"damage":3.0,"enemies":"Hexaghost","floor":16.0,"turns":13.0},{"damage":10,"enemies":"3 Byrds","floor":18,"turns":3},{"damage":3,"enemies":"Chosen","floor":22,"turns":5},{"damage":34,"enemies":"Snake Plant","floor":27,"turns":4},{"damage":3,"enemies":"Centurion and Healer","floor":28,"turns":5},{"damage":16,"enemies":"Shelled Parasite and Fungi","floor":29,"turns":2}],"seed_played":"-3700752680944438726","potions_obtained":[{"floor":1.0,"key":"PowerPotion"},{"floor":5.0,"key":"EntropicBrew"},{"floor":5.0,"key":"LiquidBronze"},{"floor":11.0,"key":"Block Potion"},{"floor":14.0,"key":"Block Potion"},{"floor":27,"key":"EntropicBrew"},{"floor":28,"key":"SneckoOil"}],"is_trial":false,"path_per_floor":["M","?","?","M","?","R","E","R","T","M","M","$","M","M","R","B",null,"M","?","$","?","M","R","$","R","T","M","M"],"character_chosen":"THE_SILENT","items_purchased":["Well Laid Plans+1","Grand Finale","Bronze Scales","Caltrops+1"],"campfire_rested":3,"item_purchase_floors":[12,12,12,20],"current_hp_per_floor":[45,33,33,28,28,49,25,25,25,17,4,4,4,4,25,22,58,48,48,48,32,29,50,50,50,50,16,13,0],"gold":64,"neow_bonus":"REMOVE_TWO","is_prod":false,"is_daily":false,"chose_seed":false,"campfire_upgraded":2,"win_rate":0,"timestamp":1537297117,"path_taken":["M","?","?","M","?","R","E","R","T","M","?","?","M","M","R","BOSS","M","?","$","?","?","R","$","R","T","M","?","M"],"build_version":"2018-09-06","purchased_purges":1,"victory":false,"max_hp_per_floor":[70,70,70,70,70,70,70,70,70,70,70,70,70,70,70,70,70,70,70,70,70,70,70,70,70,70,70,70,70],"card_choices":[{"not_picked":["Dagger Spray","Reflex"],"picked":"Tactician","floor":1.0},{"not_picked":["Endless Agony","Deflect"],"picked":"Footwork","floor":4.0},{"not_picked":["Finisher","Underhanded Strike"],"picked":"Deflect","floor":7.0},{"not_picked":["Reflex","Dodge and Roll"],"picked":"Prepared","floor":10.0},{"not_picked":["Prepared","Dagger Throw","Poisoned Stab"],"picked":"SKIP","floor":11.0},{"not_picked":["Dagger Throw","Deadly Poison","Dagger Spray"],"picked":"SKIP","floor":13.0},{"not_picked":["Prepared","Outmaneuver","Deadly Poison"],"picked":"SKIP","floor":14.0},{"not_picked":["Grand Finale","Die Die Die"],"picked":"Envenom+1","floor":16.0},{"not_picked":["Cloak And Dagger","Underhanded Strike","Dodge and Roll"],"picked":"SKIP","floor":18},{"not_picked":["Predator","Blade Dance"],"picked":"Burst","floor":22},{"not_picked":["Underhanded Strike+1","Flechettes+1","Accuracy+1"],"picked":"SKIP","floor":27},{"not_picked":["Dagger Throw","Deadly Poison","Slice+1"],"picked":"SKIP","floor":28}],"player_experience":311684,"relics_obtained":[{"floor":7.0,"key":"Frozen Egg 2"},{"floor":9.0,"key":"Oddly Smooth Stone"},{"floor":17,"key":"Art of War"},{"floor":17,"key":"Blue Candle"},{"floor":17,"key":"Tingsha"},{"floor":21,"key":"Enchiridion"},{"floor":26,"key":"Pantograph"}],"event_choices":[{"event_name":"Scrap Ooze","player_choice":"success","floor":2.0,"damage_taken":12.0},{"event_name":"Liars Game","player_choice":"agreed","floor":3.0,"damage_taken":0.0},{"event_name":"The Lab","player_choice":"Got Potions","floor":5.0,"damage_taken":0.0},{"event_name":"Beggar","player_choice":"Gave Gold","floor":19,"damage_taken":0},{"event_name":"Cursed Tome","player_choice":"Obtained Book","floor":21,"damage_taken":0}],"is_beta":false,"boss_relics":[{"not_picked":["Pandora\u0027s Box","Lizard Tail"],"picked":"Calling Bell"}],"items_purged_floors":[12],"is_endless":false,"potions_floor_spawned":[1,11,14,27,28],"killed_by":"Shelled Parasite and Fungi","ascension_level":8}