{"gold_per_floor":[112,125,125,145,145,145,145,145,171,202,214,164,194,265,265,365,365,385,395,395,88,88,88,118,132,159,192,192,292,308,327,327,424,424,437,537,547,547,105,105,131,143,143,0,0,13,33,81,81,81],"floor_reached":50,"playtime":4468,"items_purged":["Cleave"],"score":835,"play_id":"cbabc8b2-90ad-4a02-b4f4-72a25f0377d3","local_time":"20190805003404","is_ascension_mode":true,"campfire_choices":[{"data":"Armaments","floor":6,"key":"SMITH"},{"data":"True Grit","floor":8,"key":"SMITH"},{"floor":15,"key":"REST"},{"data":"Body Slam","floor":23,"key":"SMITH"},{"data":"Dark Embrace","floor":28,"key":"SMITH"},{"data":"Combust","floor":32,"key":"SMITH"},{"data":"Demon Form","floor":40,"key":"SMITH"},{"data":"Bandage Up","floor":49,"key":"SMITH"}],"neow_cost":"NONE","seed_source_timestamp":37969665745463,"circlet_count":0,"master_deck":["Defend_R+1","Defend_R","Defend_R","Defend_R","Bash","Armaments+1","True Grit+1","Uppercut","Feed","Dark Embrace+1","Dropkick","Body Slam+1","Bite","Bite","Bite","Bite","Whirlwind","Combust+1","Heavy Blade","Demon Form+1","Body Slam+1","Parasite","Ghostly Armor","Bandage Up+1","Ghostly Armor+1"],"relics":["Burning Blood","Ancient Tea Set","Bag of Marbles","Matryoshka","Pen Nib","Shuriken","Velvet Choker","Kunai","StoneCalendar","Smiling Mask","Centennial Puzzle","Pear","Ginger","Self Forming Clay","Coffee Dripper","Du-Vu Doll","Medical Kit","PreservedInsect","Question Card","Boot","Happy Flower","Pocketwatch"],"potions_floor_usage":[10,10,16,16,29,29,41,46,47,50,50],"damage_taken":[{"damage":7,"enemies":"Jaw Worm","floor":1,"turns":3},{"damage":1,"enemies":"Cultist","floor":2,"turns":4},{"damage":7,"enemies":"2 Louse","floor":4,"turns":4},{"damage":8,"enemies":"3 Sentries","floor":10,"turns":13},{"damage":0,"enemies":"Large Slime","floor":11,"turns":4},{"damage":30,"enemies":"Lagavulin","floor":13,"turns":8},{"damage":69,"enemies":"Hexaghost","floor":16,"turns":17},{"damage":7,"enemies":"Shell Parasite","floor":18,"turns":11},{"damage":12,"enemies":"2 Thieves","floor":19,"turns":4},{"damage":23,"enemies":"Slavers","floor":24,"turns":6},{"damage":10,"enemies":"Centurion and Healer","floor":25,"turns":6},{"damage":25,"enemies":"Book of Stabbing","floor":27,"turns":6},{"damage":7,"enemies":"Colosseum Slavers","floor":29,"turns":3},{"damage":0,"enemies":"Colosseum Nobs","floor":29,"turns":2},{"damage":13,"enemies":"Chosen and Byrds","floor":30,"turns":5},{"damage":3,"enemies":"Snecko","floor":31,"turns":3},{"damage":69,"enemies":"Collector","floor":33,"turns":7},{"damage":28,"enemies":"3 Darklings","floor":35,"turns":4},{"damage":44,"enemies":"Mind Bloom Boss Battle","floor":36,"turns":5},{"damage":3,"enemies":"3 Shapes","floor":37,"turns":7},{"damage":22,"enemies":"Giant Head","floor":41,"turns":6},{"damage":32,"enemies":"Writhing Mass","floor":42,"turns":4},{"damage":4,"enemies":"3 Darklings","floor":46,"turns":7},{"damage":13,"enemies":"Spire Growth","floor":47,"turns":5},{"damage":55,"enemies":"2 Orb Walkers","floor":48,"turns":6},{"damage":62,"enemies":"Awakened One","floor":50,"turns":5}],"seed_played":"-3975552498534420686","potions_obtained":[{"floor":2,"key":"EssenceOfSteel"},{"floor":3,"key":"GamblersBrew"},{"floor":3,"key":"Dexterity Potion"},{"floor":13,"key":"Regen Potion"},{"floor":16,"key":"Strength Potion"},{"floor":19,"key":"Ancient Potion"},{"floor":27,"key":"SteroidPotion"},{"floor":30,"key":"Weak Potion"},{"floor":31,"key":"Fire Potion"},{"floor":33,"key":"SkillPotion"},{"floor":42,"key":"PowerPotion"},{"floor":48,"key":"Swift Potion"}],"is_trial":false,"path_per_floor":["M","M","?","M","?","R","?","R","T","E","M","?","E","T","R","B",null,"M","M","?","$","?","R","E","M","T","E","R","?","M","M","R","B",null,"M","?","M","?","$","R","E","M","T","$","?","M","M","?","R","B"],"character_chosen":"IRONCLAD","items_purchased":["Kunai","Body Slam","Medical Kit","PreservedInsect","Block Potion","Happy Flower"],"campfire_rested":1,"item_purchase_floors":[21,21,39,39,39,44],"current_hp_per_floor":[79,84,84,83,65,65,53,53,53,53,61,61,39,39,65,19,71,76,75,75,75,75,75,81,97,97,92,92,111,113,117,117,67,105,88,61,72,72,72,72,68,50,50,50,50,66,74,42,42,0],"gold":81,"neow_bonus":"TEN_PERCENT_HP_BONUS","is_prod":false,"is_daily":false,"chose_seed":false,"campfire_upgraded":7,"win_rate":0,"timestamp":1564983244,"path_taken":["M","M","?","?","?","R","?","R","T","E","M","?","E","?","R","BOSS","M","M","?","$","?","R","E","M","T","E","R","?","M","M","R","BOSS","M","?","M","?","$","R","E","?","T","$","?","M","M","?","R","BOSS"],"build_version":"2019-07-17","purchased_purges":1,"victory":false,"max_hp_per_floor":[88,88,88,88,88,88,88,88,88,88,88,88,88,88,88,88,88,92,95,95,95,95,95,98,98,98,111,111,111,114,117,117,117,117,117,117,117,117,117,117,117,117,117,117,117,117,117,120,120,120],"card_choices":[{"not_picked":["Twin Strike","Perfected Strike","Disarm"],"picked":"SKIP","floor":1},{"not_picked":["Anger","Clash"],"picked":"Armaments","floor":2},{"not_picked":["Cleave","Intimidate"],"picked":"True Grit","floor":4},{"not_picked":["Wild Strike","Sever Soul"],"picked":"Uppercut","floor":10},{"not_picked":["Sentinel","Disarm","Dual Wield"],"picked":"SKIP","floor":11},{"not_picked":["Sentinel","Disarm","Dual Wield"],"picked":"SKIP","floor":11},{"not_picked":["Pummel","Clash"],"picked":"Feed","floor":13},{"not_picked":["Exhume","Bludgeon"],"picked":"Dark Embrace","floor":16},{"not_picked":["Sever Soul+1","Cleave","Warcry"],"picked":"SKIP","floor":18},{"not_picked":["Sever Soul+1","Warcry"],"picked":"Cleave","floor":18},{"not_picked":["Armaments","Inflame"],"picked":"Dropkick","floor":19},{"not_picked":["Perfected Strike","Sentinel","Rupture"],"picked":"SKIP","floor":24},{"not_picked":["Dual Wield","Bloodletting","Perfected Strike"],"picked":"SKIP","floor":25},{"not_picked":["Sever Soul","Infernal Blade"],"picked":"Whirlwind","floor":27},{"not_picked":["Hemokinesis","Intimidate"],"picked":"Combust","floor":29},{"not_picked":["Anger+1","Thunderclap","Disarm"],"picked":"SKIP","floor":30},{"not_picked":["Perfected Strike+1","Infernal Blade+1"],"picked":"Heavy Blade","floor":31},{"not_picked":["Brutality","Immolate"],"picked":"Demon Form","floor":33},{"not_picked":["Clothesline+1","Armaments+1","Anger+1"],"picked":"SKIP","floor":35},{"not_picked":["Searing Blow+1","Thunderclap+1","Clash+1"],"picked":"SKIP","floor":37},{"not_picked":["Feed","Sword Boomerang+1"],"picked":"Body Slam+1","floor":41},{"not_picked":["Clash+1","Thunderclap+1","Shockwave"],"picked":"Ghostly Armor","floor":42},{"not_picked":["Trip","Madness","Finesse"],"picked":"Bandage Up","floor":45},{"not_picked":["Sentinel","Heavy Blade","Dropkick+1","Inflame"],"picked":"SKIP","floor":46},{"not_picked":["Body Slam","Spot Weakness","Sword Boomerang","Inflame"],"picked":"SKIP","floor":47},{"not_picked":["Thunderclap+1","Reckless Charge+1","Twin Strike"],"picked":"Ghostly Armor+1","floor":48}],"player_experience":617818,"relics_obtained":[{"floor":9,"key":"Blood Vial"},{"floor":10,"key":"Bag of Marbles"},{"floor":13,"key":"Matryoshka"},{"floor":14,"key":"Pen Nib"},{"floor":14,"key":"Shuriken"},{"floor":24,"key":"StoneCalendar"},{"floor":26,"key":"Smiling Mask"},{"floor":26,"key":"Centennial Puzzle"},{"floor":27,"key":"Pear"},{"floor":29,"key":"Ginger"},{"floor":29,"key":"Self Forming Clay"},{"floor":36,"key":"Du-Vu Doll"},{"floor":41,"key":"Question Card"},{"floor":43,"key":"Boot"},{"floor":48,"key":"Pocketwatch"}],"event_choices":[{"damage_healed":0,"gold_gain":0,"player_choice":"Got Potions","damage_taken":0,"max_hp_gain":0,"max_hp_loss":0,"event_name":"Lab","floor":3,"gold_loss":0},{"damage_healed":0,"gold_gain":0,"player_choice":"Entered Light","damage_taken":18,"max_hp_gain":0,"max_hp_loss":0,"event_name":"Shining Light","floor":5,"gold_loss":0,"cards_upgraded":["Strike_R","Defend_R"]},{"damage_healed":0,"gold_gain":0,"player_choice":"Success","damage_taken":12,"relics_obtained":["Ancient Tea Set"],"max_hp_gain":0,"max_hp_loss":0,"event_name":"Scrap Ooze","floor":7,"gold_loss":0},{"cards_removed":["Strike_R"],"damage_healed":0,"gold_gain":0,"player_choice":"Card Removal","damage_taken":0,"max_hp_gain":0,"max_hp_loss":0,"event_name":"The Cleric","floor":12,"gold_loss":50},{"damage_healed":0,"gold_gain":0,"player_choice":"Ignored","damage_taken":0,"max_hp_gain":0,"max_hp_loss":0,"event_name":"Ghosts","floor":20,"gold_loss":0},{"damage_healed":0,"gold_gain":0,"player_choice":"Became a vampire (Vial)","damage_taken":0,"max_hp_gain":0,"max_hp_loss":0,"event_name":"Vampires","floor":22,"relics_lost":["Blood Vial"],"gold_loss":0,"cards_obtained":["Bite","Bite","Bite","Bite","Bite"]},{"damage_healed":0,"gold_gain":0,"player_choice":"Fight","damage_taken":0,"max_hp_gain":0,"max_hp_loss":0,"event_name":"Colosseum","floor":29,"gold_loss":0},{"damage_healed":0,"gold_gain":0,"player_choice":"Fought Nobs","damage_taken":0,"max_hp_gain":0,"max_hp_loss":0,"event_name":"Colosseum","floor":29,"gold_loss":0},{"damage_healed":0,"gold_gain":0,"player_choice":"Fight","damage_taken":0,"max_hp_gain":0,"max_hp_loss":0,"event_name":"MindBloom","floor":36,"gold_loss":0},{"cards_removed":["Bite"],"damage_healed":0,"gold_gain":0,"player_choice":"Removed Attack","damage_taken":0,"max_hp_gain":0,"max_hp_loss":0,"event_name":"Falling","floor":38,"gold_loss":0},{"damage_healed":0,"gold_gain":0,"player_choice":"Memory 1","damage_taken":0,"max_hp_gain":0,"max_hp_loss":0,"event_name":"SensoryStone","floor":45,"gold_loss":0},{"damage_healed":0,"gold_gain":0,"player_choice":"Fight","damage_taken":0,"max_hp_gain":0,"max_hp_loss":0,"event_name":"Mysterious Sphere","floor":48,"gold_loss":0}],"is_beta":false,"boss_relics":[{"not_picked":["Black Star","Empty Cage"],"picked":"Velvet Choker"},{"not_picked":["Black Blood","Philosopher\u0027s Stone"],"picked":"Coffee Dripper"}],"items_purged_floors":[39],"is_endless":false,"potions_floor_spawned":[2,13,16,19,27,29,30,31,33,35,42,48],"killed_by":"Awakened One","ascension_level":8}