{"gold_per_floor":[116,126,176,5,80,111,111,141,192,192],"floor_reached":10,"playtime":205,"items_purged":[],"score":193,"play_id":"2af14207-7e15-42e5-80c0-1d678aee37c7","local_time":"20190726163850","is_ascension_mode":true,"campfire_choices":[],"neow_cost":"NONE","seed_source_timestamp":5789114712425,"circlet_count":0,"master_deck":["AscendersBane","Strike_G","Strike_G","Strike_G","Strike_G","Strike_G","Defend_G","Defend_G","Defend_G","Defend_G","Defend_G","Survivor","Neutralize","Quick Slash","Tactician","Calculated Gamble","Caltrops"],"special_seed":0,"relics":["Ring of the Snake","NeowsBlessing","Omamori","Strawberry","Boot","Bag of Marbles","Pen Nib"],"potions_floor_usage":[8],"damage_taken":[{"damage":0.0,"enemies":"Jaw Worm","floor":1.0,"turns":1.0},{"damage":0.0,"enemies":"Cultist","floor":2.0,"turns":1.0},{"damage":0.0,"enemies":"Gremlin Nob","floor":6.0,"turns":1.0},{"damage":47,"enemies":"Lagavulin","floor":8,"turns":10},{"damage":9,"enemies":"Gremlin Nob","floor":10,"turns":2}],"seed_played":"7071894824397605070","potions_obtained":[{"floor":2.0,"key":"Dexterity Potion"},{"floor":6.0,"key":"AttackPotion"}],"is_trial":false,"path_per_floor":["M","M","?","$","?","E","?","E","T","E"],"character_chosen":"THE_SILENT","items_purchased":["Omamori"],"campfire_rested":0,"item_purchase_floors":[4],"current_hp_per_floor":[59,59,53,53,42,49,49,2,2,0],"gold":192,"neow_bonus":"THREE_ENEMY_KILL","is_prod":false,"is_daily":false,"chose_seed":false,"campfire_upgraded":0,"win_rate":0,"timestamp":1564184330,"path_taken":["M","M","?","?","?","E","?","E","T","E"],"build_version":"2019-07-17","purchased_purges":0,"victory":false,"max_hp_per_floor":[66,66,66,66,66,73,73,73,73,73],"card_choices":[{"not_picked":["Slice","Dagger Spray"],"picked":"Quick Slash","floor":1.0},{"not_picked":["Prepared","Catalyst"],"picked":"Tactician","floor":2.0},{"not_picked":["Blade Dance","Riddle With Holes"],"picked":"Calculated Gamble","floor":6.0},{"not_picked":["Blade Dance","Outmaneuver"],"picked":"Caltrops","floor":8}],"player_experience":678263,"relics_obtained":[{"floor":6.0,"key":"Strawberry"},{"floor":8,"key":"Bag of Marbles"},{"floor":9,"key":"Pen Nib"}],"event_choices":[{"damage_healed":0.0,"max_hp_gain":0.0,"max_hp_loss":0.0,"gold_gain":50.0,"event_name":"FaceTrader","player_choice":"Touch","floor":3.0,"gold_loss":0.0,"damage_taken":6.0},{"damage_healed":0.0,"max_hp_gain":0.0,"max_hp_loss":0.0,"gold_gain":75.0,"event_name":"World of Goop","player_choice":"Gather Gold","floor":5.0,"gold_loss":0.0,"damage_taken":11.0},{"damage_healed":0.0,"max_hp_gain":0.0,"max_hp_loss":0.0,"gold_gain":0.0,"event_name":"WeMeetAgain","player_choice":"Gave Potion","floor":7.0,"gold_loss":0.0,"damage_taken":0.0,"relics_obtained":["Boot"]}],"is_beta":false,"boss_relics":[],"items_purged_floors":[],"is_endless":false,"potions_floor_spawned":[2,6],"killed_by":"Gremlin Nob","ascension_level":19}