{"gold_per_floor":[368,368,384,384,395,395,413,413,481,493,493],"floor_reached":11,"playtime":493,"items_purged":[],"score":81,"play_id":"e89d5d0e-8665-4b55-9e34-404cdc3a8d74","local_time":"20180911213801","is_ascension_mode":true,"campfire_choices":[{"data":"Zap","floor":6.0,"key":"SMITH"},{"data":"Dualcast","floor":8.0,"key":"SMITH"}],"neow_cost":"TEN_PERCENT_HP_LOSS","seed_source_timestamp":0,"circlet_count":0,"master_deck":["Strike_B","Strike_B","Strike_B","Strike_B","Defend_B+1","Defend_B","Defend_B+1","Defend_B","Zap+1","Dualcast+1","Genetic Algorithm","Regret","Storm"],"special_seed":0,"relics":["Cracked Core","Pen Nib","Meat on the Bone"],"potions_floor_usage":[11],"damage_taken":[{"damage":7.0,"enemies":"Small Slimes","floor":1.0,"turns":5.0},{"damage":5.0,"enemies":"2 Louse","floor":3.0,"turns":2.0},{"damage":2.0,"enemies":"Jaw Worm","floor":5.0,"turns":3.0},{"damage":17.0,"enemies":"2 Fungi Beasts","floor":7.0,"turns":3.0},{"damage":8.0,"enemies":"Gremlin Gang","floor":10.0,"turns":4.0},{"damage":35,"enemies":"3 Sentries","floor":11,"turns":8}],"seed_played":"5335704401483662117","potions_obtained":[{"floor":3.0,"key":"PowerPotion"},{"floor":7.0,"key":"FearPotion"},{"floor":10.0,"key":"Strength Potion"}],"is_trial":false,"path_per_floor":["M","?","M","?","M","R","M","R","T","M"],"character_chosen":"DEFECT","items_purchased":[],"campfire_rested":0,"item_purchase_floors":[],"current_hp_per_floor":[61,47,42,42,40,40,30,30,30,34,0],"gold":493,"neow_bonus":"TWO_FIFTY_GOLD","is_prod":false,"is_daily":false,"chose_seed":false,"campfire_upgraded":2,"win_rate":0,"timestamp":1536727081,"path_taken":["M","?","M","?","?","R","M","R","T","M","E"],"build_version":"2018-09-06","purchased_purges":0,"victory":false,"max_hp_per_floor":[68,68,68,68,68,68,68,68,68,68,68],"card_choices":[{"not_picked":["Barrage","Turbo"],"picked":"Genetic Algorithm","floor":1.0},{"not_picked":["Coolheaded","Cold Snap","Reinforced Body"],"picked":"SKIP","floor":3.0},{"not_picked":["Chaos","Leap"],"picked":"Storm","floor":5.0},{"not_picked":["Redo","Aggregate","Genetic Algorithm"],"picked":"SKIP","floor":7.0},{"not_picked":["FTL","Reprogram","Barrage"],"picked":"SKIP","floor":10.0}],"player_experience":282232,"relics_obtained":[{"floor":9.0,"key":"Meat on the Bone"}],"event_choices":[{"event_name":"Shining Light","player_choice":"Entered Light","floor":2.0,"damage_taken":0.0},{"event_name":"Big Fish","player_choice":"Box","floor":4.0,"damage_taken":0.0}],"is_beta":false,"boss_relics":[],"items_purged_floors":[],"is_endless":false,"potions_floor_spawned":[3,7,10],"killed_by":"3 Sentries","ascension_level":5}