{"gold_per_floor":[110,35,46,46,60,70,103,118,145,145,165,15,15,40,40,40],"floor_reached":16,"playtime":545,"items_purged":["Defend_G"],"score":102,"play_id":"57d2561c-9f19-4edd-8589-60a1787dbbd2","local_time":"20190711160712","is_ascension_mode":false,"campfire_choices":[{"floor":10,"key":"REST"},{"floor":15,"key":"REST"}],"neow_cost":"NONE","seed_source_timestamp":1775558897209,"circlet_count":0,"master_deck":["Strike_G","Strike_G","Strike_G","Strike_G+1","Defend_G","Defend_G","Defend_G","Defend_G","Survivor+1","Neutralize"],"special_seed":0,"relics":["Ring of the Snake","Dream Catcher","Anchor","Bag of Marbles"],"potions_floor_usage":[7,7,8,11],"damage_taken":[{"damage":1.0,"enemies":"2 Louse","floor":1.0,"turns":4.0},{"damage":1.0,"enemies":"Cultist","floor":3.0,"turns":4.0},{"damage":7.0,"enemies":"Jaw Worm","floor":5.0,"turns":7.0},{"damage":10.0,"enemies":"2 Fungi Beasts","floor":6.0,"turns":4.0},{"damage":57,"enemies":"Lagavulin","floor":7,"turns":9},{"damage":0,"enemies":"Large Slime","floor":8,"turns":6},{"damage":8,"enemies":"Exordium Thugs","floor":11,"turns":8},{"damage":25,"enemies":"Hexaghost","floor":16,"turns":10}],"seed_played":"6707341751310796890","potions_obtained":[{"floor":3.0,"key":"Swift Potion"},{"floor":5.0,"key":"LiquidBronze"},{"floor":7,"key":"Fire Potion"},{"floor":8,"key":"SpeedPotion"}],"is_trial":false,"path_per_floor":["M","$","M","?","M","M","E","M","T","R","M","$","?","T","R","B"],"character_chosen":"THE_SILENT","items_purchased":["Bag of Marbles"],"campfire_rested":2,"item_purchase_floors":[12],"current_hp_per_floor":[76,76,75,75,68,58,1,1,1,24,16,16,1,1,24,0],"gold":40,"neow_bonus":"TEN_PERCENT_HP_BONUS","is_prod":false,"is_daily":false,"chose_seed":false,"campfire_upgraded":0,"win_rate":0,"timestamp":1562886432,"path_taken":["M","$","M","?","M","M","E","M","T","R","M","?","?","?","R","BOSS"],"build_version":"2019-07-05","purchased_purges":1,"victory":false,"max_hp_per_floor":[77,77,77,77,77,77,77,77,77,77,77,77,77,77,77,77],"card_choices":[{"not_picked":["Dagger Throw","Dagger Spray","Quick Slash"],"picked":"SKIP","floor":1.0},{"not_picked":["Skewer","Bane","Bouncing Flask"],"picked":"SKIP","floor":3.0},{"not_picked":["Deadly Poison","Crippling Poison","Skewer"],"picked":"SKIP","floor":5.0},{"not_picked":["Concentrate","Dagger Spray","Sucker Punch"],"picked":"SKIP","floor":6.0},{"not_picked":["Setup","Well Laid Plans","Infinite Blades"],"picked":"SKIP","floor":7},{"not_picked":["Bouncing Flask","Deflect","Footwork"],"picked":"SKIP","floor":8},{"not_picked":["Finisher","Deflect","Prepared"],"picked":"SKIP","floor":11}],"player_experience":555170,"relics_obtained":[{"floor":7,"key":"Dream Catcher"},{"floor":9,"key":"Anchor"}],"event_choices":[{"cards_removed":["Strike_G"],"damage_healed":0.0,"max_hp_gain":0.0,"max_hp_loss":0.0,"gold_gain":0.0,"event_name":"Purifier","player_choice":"Purged","floor":4.0,"gold_loss":0.0,"damage_taken":0.0},{"damage_healed":0,"gold_gain":0,"player_choice":"Entered Light","damage_taken":15,"max_hp_gain":0,"max_hp_loss":0,"event_name":"Shining Light","floor":13,"gold_loss":0,"cards_upgraded":["Strike_G","Survivor"]}],"is_beta":false,"boss_relics":[],"items_purged_floors":[2],"is_endless":false,"potions_floor_spawned":[3,5,7,8],"killed_by":"Hexaghost","ascension_level":0}