{"gold_per_floor":[115,115,65,77,93,123,123,123,123,123,204,52,68,83,83,179,179,190,190,69,69,84,111,111,111,111,138,138,35,35,53,53,151,151,165,465,465,485,102,127,127,127,127,146,146,146,159,179,179,179],"floor_reached":51,"playtime":2897,"items_purged":["Reprogram+1"],"score":736,"play_id":"6e01fb04-89bd-417a-a9e4-5218bb5768af","local_time":"20180829024005","is_ascension_mode":false,"campfire_choices":[{"data":"Streamline","floor":7.0,"key":"SMITH"},{"data":"Strike_B","floor":10.0,"key":"PURGE"},{"data":"Scrape","floor":15.0,"key":"SMITH"},{"floor":25,"key":"REST"},{"data":"Scrape","floor":28,"key":"SMITH"},{"data":"Defragment","floor":32,"key":"SMITH"},{"floor":41,"key":"REST"},{"floor":46,"key":"REST"},{"data":"Static Discharge","floor":49,"key":"SMITH"}],"neow_cost":"TEN_PERCENT_HP_LOSS","seed_source_timestamp":0,"circlet_count":0,"master_deck":["Dualcast","Streamline+1","Scrape+1","Steam","Scrape+1","Gash","Bandage Up","Glacier","Meteor Strike","Fusion+1","Rainbow+1","Chill","Defragment+1","Go for the Eyes","Gash","Beam Cell","Defragment+1","Bite","Bite","Bite","Bite","Bite","Defragment+1","Echo Form","BootSequence+1","BootSequence+1","Static Discharge+1","BootSequence","Steam","Blind","Steam"],"special_seed":0,"relics":["Cracked Core","Gambling Chip","Peace Pipe","Gremlin Horn","Astrolabe","CultistMask","Torii","Nunchaku","Busted Crown","Old Coin","DataDisk","Runic Capacitor","Letter Opener","Shuriken"],"potions_floor_usage":[23,27,33,40],"damage_taken":[{"damage":8.0,"enemies":"2 Louse","floor":1.0,"turns":2.0},{"damage":6.0,"enemies":"Jaw Worm","floor":4.0,"turns":2.0},{"damage":5.0,"enemies":"Small Slimes","floor":5.0,"turns":2.0},{"damage":12.0,"enemies":"3 Sentries","floor":6.0,"turns":6.0},{"damage":4.0,"enemies":"Looter","floor":13.0,"turns":2.0},{"damage":0.0,"enemies":"Large Slime","floor":14.0,"turns":4.0},{"damage":11.0,"enemies":"Hexaghost","floor":16.0,"turns":9.0},{"damage":8.0,"enemies":"3 Byrds","floor":18.0,"turns":5.0},{"damage":10.0,"enemies":"2 Thieves","floor":22.0,"turns":3.0},{"damage":19,"enemies":"Gremlin Leader","floor":23,"turns":7},{"damage":8,"enemies":"Book of Stabbing","floor":27,"turns":5},{"damage":7,"enemies":"Cultist and Chosen","floor":31,"turns":6},{"damage":19,"enemies":"Champ","floor":33,"turns":11},{"damage":0,"enemies":"3 Shapes","floor":35,"turns":7},{"damage":1,"enemies":"Mind Bloom Boss Battle","floor":36,"turns":6},{"damage":2,"enemies":"Orb Walker","floor":38,"turns":4},{"damage":70,"enemies":"2 Orb Walkers","floor":40,"turns":6},{"damage":25,"enemies":"Transient","floor":44,"turns":5},{"damage":10,"enemies":"4 Shapes","floor":47,"turns":5},{"damage":0,"enemies":"Sphere and 2 Shapes","floor":48,"turns":9},{"damage":3,"enemies":"Time Eater","floor":50,"turns":13}],"seed_played":"-1498558651583768575","potions_obtained":[{"floor":4.0,"key":"Block Potion"},{"floor":16.0,"key":"SkillPotion"},{"floor":18.0,"key":"Fire Potion"},{"floor":22.0,"key":"Dexterity Potion"},{"floor":31,"key":"Dexterity Potion"},{"floor":35,"key":"Strength Potion"},{"floor":36,"key":"Block Potion"},{"floor":48,"key":"Ancient Potion"}],"is_trial":false,"path_per_floor":["M","?","?","M","M","E","R","?","T","R","T","$","M","M","R","B",null,"M","?","$","?","M","E","?","R","T","E","R","$","?","M","R","B",null,"M","?","?","M","$","E","R","$","T","M","?","R","M","M","R","B"],"character_chosen":"DEFECT","items_purchased":["Gash","Bandage Up","Turbo","Beam Cell","Defragment","DataDisk","Runic Capacitor","Static Discharge"],"campfire_rested":3,"item_purchase_floors":[12,12,20,29,29,39,39,39],"current_hp_per_floor":[60,53,53,47,42,30,30,30,30,30,30,30,30,34,34,27,68,60,60,60,60,54,39,27,48,48,44,44,44,44,57,57,62,73,73,73,73,72,72,12,33,33,33,18,18,39,45,61,61,72],"gold":179,"neow_bonus":"REMOVE_TWO","is_prod":false,"is_daily":false,"chose_seed":false,"campfire_upgraded":5,"win_rate":0,"timestamp":1535535605,"path_taken":["M","?","?","M","M","E","R","?","T","R","?","$","M","?","R","BOSS","M","?","?","?","?","E","?","R","T","E","R","$","?","M","R","BOSS","M","?","?","M","$","E","R","?","T","M","?","R","?","?","R","BOSS"],"build_version":"2018-08-23v2","purchased_purges":1,"victory":true,"max_hp_per_floor":[68,68,68,68,68,68,68,68,68,68,68,68,68,68,68,68,68,68,68,68,68,68,68,73,73,73,73,73,73,73,73,73,73,73,73,73,73,73,73,73,73,73,73,73,73,73,73,73,73,73],"card_choices":[{"not_picked":["Sweeping Beam","Coolheaded"],"picked":"Streamline","floor":1.0},{"not_picked":["Turbo","Rebound"],"picked":"Scrape","floor":4.0},{"not_picked":["Reprogram","Rebound"],"picked":"Steam","floor":5.0},{"not_picked":["Rebound","Recycle"],"picked":"Scrape","floor":6.0},{"not_picked":["Steam Power","Tempest","Reprogram"],"picked":"SKIP","floor":13.0},{"not_picked":["Chaos","Go for the Eyes"],"picked":"Glacier","floor":14.0},{"not_picked":["Biased Cognition","Core Surge"],"picked":"Meteor Strike","floor":16.0},{"not_picked":["Heatsinks","Fusion","Stack"],"picked":"SKIP","floor":18.0},{"not_picked":["Melter","White Noise+1"],"picked":"Defragment+1","floor":22.0},{"not_picked":["Skim","Streamline"],"picked":"Go for the Eyes","floor":23},{"not_picked":["Glacier","Fusion"],"picked":"Gash","floor":27},{"not_picked":["Redo","Skim"],"picked":"Defragment+1","floor":31},{"not_picked":["Thunder Strike","Machine Learning"],"picked":"Echo Form","floor":33},{"not_picked":[],"picked":"BootSequence+1","floor":35},{"not_picked":[],"picked":"BootSequence+1","floor":36},{"not_picked":["Recycle"],"picked":"SKIP","floor":38},{"not_picked":[],"picked":"BootSequence","floor":40},{"not_picked":[],"picked":"Steam","floor":44},{"not_picked":[],"picked":"Blind","floor":45},{"not_picked":["Double Energy"],"picked":"SKIP","floor":47},{"not_picked":[],"picked":"Steam","floor":48}],"player_experience":220826,"relics_obtained":[{"floor":6.0,"key":"Gambling Chip"},{"floor":9.0,"key":"Peace Pipe"},{"floor":11.0,"key":"Gremlin Horn"},{"floor":23,"key":"Torii"},{"floor":26,"key":"Nunchaku"},{"floor":27,"key":"Blood Vial"},{"floor":36,"key":"Old Coin"},{"floor":40,"key":"Letter Opener"},{"floor":43,"key":"Shuriken"}],"event_choices":[{"event_name":"Golden Wing","player_choice":"Card Removal","floor":2.0,"damage_taken":0.0},{"event_name":"The Cleric","player_choice":"Card Removal","floor":3.0,"damage_taken":0.0},{"event_name":"Living Wall","player_choice":"Forget","floor":8.0,"damage_taken":0.0},{"event_name":"FaceTrader","player_choice":"Trade","floor":19.0,"damage_taken":0.0},{"event_name":"The Library","player_choice":"Read","floor":21.0,"damage_taken":0.0},{"event_name":"Forgotten Altar","player_choice":"Shed Blood","floor":24,"damage_taken":0},{"event_name":"Vampires","player_choice":"Became a vampire (Vial)","floor":30,"damage_taken":0},{"event_name":"MindBloom","player_choice":"Fight","floor":36,"damage_taken":0},{"event_name":"Falling","player_choice":"Removed Skill","floor":37,"damage_taken":0},{"event_name":"SensoryStone","player_choice":"Memory 1","floor":45,"damage_taken":0}],"is_beta":false,"boss_relics":[{"not_picked":["Velvet Choker","Coffee Dripper"],"picked":"Astrolabe"},{"not_picked":["White Beast Statue","Snecko Eye"],"picked":"Busted Crown"}],"items_purged_floors":[20],"is_endless":false,"potions_floor_spawned":[4,16,18,22,31,35,36,48],"ascension_level":0}