{"gold_per_floor":[114,132,57,57,71,71,71,27,53,53,88,163,163,173,173,251,251,251,0,0,0,0,0,0],"floor_reached":24,"playtime":1577,"items_purged":["Strike_G"],"score":384,"play_id":"523be92e-f21f-463b-a859-84108a68e2eb","local_time":"20190730225531","is_ascension_mode":true,"campfire_choices":[{"data":"Regret","floor":10.0,"key":"PURGE"},{"floor":15.0,"key":"REST"},{"floor":23.0,"key":"REST"}],"neow_cost":"NONE","seed_source_timestamp":0,"circlet_count":0,"master_deck":["AscendersBane","Strike_G","Strike_G","Strike_G","Strike_G","Defend_G","Defend_G","Defend_G","Defend_G+1","Defend_G","Survivor+1","Neutralize","Dash","Blur","Night Terror","A Thousand Cuts"],"special_seed":0,"relics":["Snecko Eye","Peace Pipe","Strawberry","Bag of Marbles","War Paint","Ectoplasm"],"potions_floor_usage":[24],"damage_taken":[{"damage":4.0,"enemies":"Cultist","floor":1.0,"turns":4.0},{"damage":11.0,"enemies":"Small Slimes","floor":2.0,"turns":7.0},{"damage":0.0,"enemies":"2 Louse","floor":5.0,"turns":2.0},{"damage":24.0,"enemies":"Gremlin Nob","floor":11.0,"turns":4.0},{"damage":0.0,"enemies":"2 Fungi Beasts","floor":14.0,"turns":3.0},{"damage":5.0,"enemies":"The Guardian","floor":16.0,"turns":30.0},{"damage":25.0,"enemies":"Spheric Guardian","floor":18.0,"turns":10.0},{"damage":31.0,"enemies":"Chosen","floor":21.0,"turns":10.0},{"damage":27,"enemies":"Book of Stabbing","floor":24,"turns":5}],"seed_played":"7595875224103582324","potions_obtained":[{"floor":2.0,"key":"Fire Potion"},{"floor":14.0,"key":"Weak Potion"},{"floor":21.0,"key":"SneckoOil"}],"is_trial":false,"path_per_floor":["M","M","$","$","M","?","?","$","T","R","E","?","?","M","R","B",null,"M","?","?","M","$","R","E"],"character_chosen":"THE_SILENT","items_purchased":["Blur"],"campfire_rested":2,"item_purchase_floors":[8],"current_hp_per_floor":[55,44,44,44,44,39,46,46,46,46,22,11,11,11,32,27,62,37,37,37,6,6,27,0],"gold":0,"neow_bonus":"BOSS_RELIC","is_prod":false,"is_daily":false,"chose_seed":false,"campfire_upgraded":0,"win_rate":0,"timestamp":1564552531,"path_taken":["M","M","?","$","M","?","?","$","T","R","E","?","?","M","R","BOSS","M","?","?","M","$","R","E"],"build_version":"2019-07-17","purchased_purges":1,"victory":false,"max_hp_per_floor":[66,66,66,66,66,66,73,73,73,73,73,73,73,73,73,73,73,73,73,73,73,73,73,73],"card_choices":[{"not_picked":["Cloak And Dagger","Expertise","Accuracy"],"picked":"SKIP","floor":1.0},{"not_picked":["Footwork","Cloak And Dagger"],"picked":"Dash","floor":2.0},{"not_picked":["Prepared","Dagger Throw","Flying Knee"],"picked":"SKIP","floor":5.0},{"not_picked":["Bane","Sucker Punch"],"picked":"Night Terror","floor":11.0},{"not_picked":["Blade Dance","Backflip","Dagger Spray"],"picked":"SKIP","floor":14.0},{"not_picked":["Doppelganger","Bullet Time"],"picked":"A Thousand Cuts","floor":16.0},{"not_picked":["Bane","Deflect","Dodge and Roll"],"picked":"SKIP","floor":18.0},{"not_picked":["Poisoned Stab","Deflect","Slice+1"],"picked":"SKIP","floor":21.0}],"player_experience":696463,"relics_obtained":[{"floor":9.0,"key":"Bag of Marbles"},{"floor":11.0,"key":"War Paint"}],"event_choices":[{"damage_healed":0.0,"max_hp_gain":0.0,"max_hp_loss":0.0,"gold_gain":0.0,"event_name":"Scrap Ooze","player_choice":"Success","floor":6.0,"gold_loss":0.0,"damage_taken":5.0,"relics_obtained":["Peace Pipe"]},{"damage_healed":0.0,"max_hp_gain":0.0,"max_hp_loss":0.0,"gold_gain":0.0,"event_name":"Big Fish","player_choice":"Box","floor":7.0,"gold_loss":0.0,"damage_taken":0.0,"relics_obtained":["Strawberry"],"cards_obtained":["Regret"]},{"damage_healed":0.0,"max_hp_gain":0.0,"max_hp_loss":0.0,"gold_gain":75.0,"event_name":"World of Goop","player_choice":"Gather Gold","floor":12.0,"gold_loss":0.0,"damage_taken":11.0},{"damage_healed":0.0,"max_hp_gain":0.0,"max_hp_loss":0.0,"gold_gain":0.0,"event_name":"Shining Light","player_choice":"Ignored","floor":13.0,"gold_loss":0.0,"damage_taken":0.0},{"damage_healed":0.0,"max_hp_gain":0.0,"max_hp_loss":0.0,"gold_gain":0.0,"event_name":"Masked Bandits","player_choice":"Paid Fearfully","floor":19.0,"gold_loss":251.0,"damage_taken":0.0},{"damage_healed":0.0,"max_hp_gain":0.0,"max_hp_loss":0.0,"gold_gain":0.0,"event_name":"Ghosts","player_choice":"Ignored","floor":20.0,"gold_loss":0.0,"damage_taken":0.0}],"is_beta":false,"boss_relics":[{"not_picked":["WristBlade","Tiny House"],"picked":"Ectoplasm"}],"items_purged_floors":[3],"is_endless":false,"potions_floor_spawned":[2,14,21],"killed_by":"Book of Stabbing","ascension_level":20}