{"gold_per_floor":[110,110,122,132,132,166,166,204,282,282,18,18,51,66,66,186,186,210,210,210,228,153,192,192,208,208,208,208,228,243,0,0,121,121,137,137,161,184,211,244,244,282,307,307,307,21,54,417,417,417,417,417,16,56,56],"floor_reached":56,"playtime":2518,"items_purged":["Strike_R","Strike_R+1","Strike_R+1","Immolate"],"score":1618,"play_id":"e79c6557-ba4c-4100-b6b2-1106a4934192","local_time":"20190206222358","is_ascension_mode":true,"campfire_choices":[{"data":"Feed","floor":7.0,"key":"SMITH"},{"data":"Disarm","floor":10.0,"key":"SMITH"},{"data":"Limit Break","floor":12.0,"key":"SMITH"},{"data":"Inflame","floor":15.0,"key":"SMITH"},{"floor":24,"key":"REST"},{"data":"Double Tap","floor":27,"key":"SMITH"},{"floor":32,"key":"REST"},{"data":"Heavy Blade","floor":41,"key":"SMITH"},{"floor":44,"key":"RECALL"},{"floor":49,"key":"REST"},{"data":"Clothesline","floor":52,"key":"SMITH"}],"neow_cost":"NONE","seed_source_timestamp":35932438793231,"circlet_count":0,"master_deck":["Defend_R+1","Defend_R+1","Defend_R+1","Defend_R+1","Bash","Double Tap+1","Disarm+1","Corruption","Clothesline+1","Feed+1","Inflame+1","Limit Break+1","Heavy Blade+1","Exhume","Seeing Red+1","Shrug It Off","Ghostly Armor+1","Limit Break+1","Shrug It Off+1","Inflame+1","Exhume","Limit Break+1","Ghostly Armor","Whirlwind+1"],"special_seed":0,"relics":["Burning Blood","Golden Idol","Ice Cream","Smiling Mask","Shuriken","Potion Belt","Velvet Choker","Peace Pipe","Matryoshka","DollysMirror","Runic Pyramid","Question Card","Oddly Smooth Stone","Juzu Bracelet","Self Forming Clay","Strawberry","Bag of Preparation","Boot","Old Coin","Anchor","Happy Flower","Bronze Scales"],"potions_floor_usage":[30,33,40,50,55,55,55,55,55],"damage_taken":[{"damage":3.0,"enemies":"2 Louse","floor":1.0,"turns":3.0},{"damage":4.0,"enemies":"Cultist","floor":3.0,"turns":3.0},{"damage":10.0,"enemies":"Small Slimes","floor":4.0,"turns":4.0},{"damage":19.0,"enemies":"Lagavulin","floor":6.0,"turns":8.0},{"damage":24.0,"enemies":"Gremlin Nob","floor":8.0,"turns":4.0},{"damage":12.0,"enemies":"Lagavulin","floor":13.0,"turns":6.0},{"damage":10.0,"enemies":"Exordium Wildlife","floor":14.0,"turns":4.0},{"damage":24.0,"enemies":"The Guardian","floor":16.0,"turns":9.0},{"damage":25.0,"enemies":"Spheric Guardian","floor":18.0,"turns":4.0},{"damage":9.0,"enemies":"Chosen","floor":21.0,"turns":5.0},{"damage":31.0,"enemies":"Book of Stabbing","floor":23.0,"turns":5.0},{"damage":33,"enemies":"Sentry and Sphere","floor":25,"turns":7},{"damage":9,"enemies":"Snake Plant","floor":29,"turns":4},{"damage":9,"enemies":"3 Cultists","floor":30,"turns":6},{"damage":60,"enemies":"Collector","floor":33,"turns":8},{"damage":19,"enemies":"3 Darklings","floor":35,"turns":5},{"damage":13,"enemies":"Orb Walker","floor":37,"turns":4},{"damage":28,"enemies":"Writhing Mass","floor":38,"turns":4},{"damage":13,"enemies":"Reptomancer","floor":40,"turns":5},{"damage":5,"enemies":"Nemesis","floor":42,"turns":7},{"damage":0,"enemies":"Giant Head","floor":47,"turns":6},{"damage":45,"enemies":"2 Orb Walkers","floor":48,"turns":4},{"damage":30,"enemies":"Donu and Deca","floor":50,"turns":5},{"damage":28,"enemies":"Shield and Spear","floor":54,"turns":7},{"damage":46,"enemies":"The Heart","floor":55,"turns":8}],"seed_played":"-2370378922854182216","potions_obtained":[{"floor":1.0,"key":"Energy Potion"},{"floor":2.0,"key":"SmokeBomb"},{"floor":2.0,"key":"FearPotion"},{"floor":8.0,"key":"EssenceOfSteel"},{"floor":16.0,"key":"SneckoOil"},{"floor":21.0,"key":"Fruit Juice"},{"floor":30,"key":"BloodPotion"},{"floor":33,"key":"SteroidPotion"},{"floor":35,"key":"Dexterity Potion"},{"floor":37,"key":"Strength Potion"},{"floor":38,"key":"PowerPotion"}],"is_trial":false,"path_per_floor":["M","?","M","M","?","E","R","E","T","R","$","R","E","M","R","B",null,"M","?","?","M","?","E","R","M","T","R","?","M","M","$","R","B",null,"M","?","M","M","T","E","R","E","T","R","?","$","E","?","R","B",null,"R","$","E","B",null],"character_chosen":"IRONCLAD","items_purchased":["Inflame","Limit Break","DollysMirror","Bag of Preparation","PowerPotion","Ghostly Armor","PowerPotion","Anchor","Happy Flower"],"campfire_rested":3,"item_purchase_floors":[11,11,31,46,46,46,53,53,53],"current_hp_per_floor":[80,80,80,76,74,61,61,47,47,47,47,47,45,45,45,31,75,60,60,60,61,61,40,70,47,47,47,47,48,54,54,89,39,102,93,93,90,72,72,82,82,87,94,94,94,94,104,69,116,96,146,146,146,128,92],"gold":56,"neow_bonus":"ONE_RANDOM_RARE_CARD","is_prod":false,"is_daily":false,"chose_seed":false,"campfire_upgraded":7,"win_rate":0,"timestamp":1549481038,"path_taken":["M","?","M","?","?","E","R","E","T","R","?","R","E","M","R","BOSS","M","?","?","M","?","E","R","M","T","R","?","M","?","$","R","BOSS","M","?","M","M","?","E","R","E","T","R","?","$","E","?","R","BOSS","R","$","E","BOSS"],"build_version":"2019-01-23","purchased_purges":4,"victory":true,"max_hp_per_floor":[80,80,80,80,74,74,74,78,78,78,78,78,82,86,86,90,90,94,94,94,98,98,102,102,106,106,106,106,110,119,119,119,123,123,127,127,131,135,135,139,139,143,150,150,150,150,154,158,158,162,162,162,162,166,170],"card_choices":[{"not_picked":["Rage","Burning Pact"],"picked":"Disarm","floor":1.0},{"not_picked":["Rage","Heavy Blade"],"picked":"Corruption","floor":3.0},{"not_picked":["Twin Strike","Dual Wield"],"picked":"Clothesline","floor":4.0},{"not_picked":["Infernal Blade","Thunderclap"],"picked":"Feed","floor":6.0},{"not_picked":["True Grit","Havoc","Power Through"],"picked":"SKIP","floor":8.0},{"not_picked":["Heavy Blade","Clash","Iron Wave"],"picked":"SKIP","floor":13.0},{"not_picked":["Clash","Iron Wave"],"picked":"Heavy Blade","floor":13.0},{"not_picked":["Entrench","Corruption","Flex"],"picked":"SKIP","floor":14.0},{"not_picked":["Juggernaut","Feed"],"picked":"Exhume","floor":16.0},{"not_picked":["Carnage+1","Sever Soul","Sword Boomerang"],"picked":"SKIP","floor":18.0},{"not_picked":["Dropkick","Wild Strike"],"picked":"Seeing Red+1","floor":21.0},{"not_picked":["Ghostly Armor+1","Bloodletting"],"picked":"Shrug It Off","floor":23},{"not_picked":["Heavy Blade","Sword Boomerang"],"picked":"Ghostly Armor+1","floor":25},{"not_picked":["Cleave","Second Wind+1","Perfected Strike"],"picked":"SKIP","floor":29},{"not_picked":["Evolve","Perfected Strike","Pommel Strike"],"picked":"SKIP","floor":30},{"not_picked":["Double Tap","Limit Break"],"picked":"Immolate","floor":33},{"not_picked":["Headbutt","Combust","Uppercut+1"],"picked":"SKIP","floor":35},{"not_picked":["Wild Strike+1","Second Wind+1","Body Slam+1"],"picked":"SKIP","floor":37},{"not_picked":["Cleave","Warcry"],"picked":"Shrug It Off+1","floor":38},{"not_picked":["Body Slam+1","Wild Strike","Dual Wield+1"],"picked":"Inflame+1","floor":40},{"not_picked":["Immolate","Combust","True Grit"],"picked":"Exhume","floor":42},{"not_picked":["Clothesline+1","Shockwave","Anger"],"picked":"Whirlwind+1","floor":47},{"not_picked":["Flex","Rampage+1","Juggernaut","Cleave+1"],"picked":"SKIP","floor":54}],"player_experience":752380,"relics_obtained":[{"floor":6.0,"key":"Ice Cream"},{"floor":8.0,"key":"Smiling Mask"},{"floor":9.0,"key":"Shuriken"},{"floor":13.0,"key":"Potion Belt"},{"floor":23,"key":"Peace Pipe"},{"floor":26,"key":"Matryoshka"},{"floor":39,"key":"Question Card"},{"floor":39,"key":"Oddly Smooth Stone"},{"floor":40,"key":"Juzu Bracelet"},{"floor":42,"key":"Self Forming Clay"},{"floor":43,"key":"Strawberry"},{"floor":47,"key":"Boot"},{"floor":48,"key":"Old Coin"},{"floor":54,"key":"Bronze Scales"}],"event_choices":[{"damage_healed":0.0,"max_hp_gain":0.0,"max_hp_loss":0.0,"gold_gain":0.0,"event_name":"Lab","player_choice":"Got Potions","floor":2.0,"gold_loss":0.0,"damage_taken":0.0},{"damage_healed":0.0,"max_hp_gain":0.0,"max_hp_loss":6.0,"gold_gain":0.0,"event_name":"Golden Idol","player_choice":"Lose Max HP","floor":5.0,"gold_loss":0.0,"damage_taken":0.0,"relics_obtained":["Golden Idol"]},{"damage_healed":0.0,"max_hp_gain":0.0,"max_hp_loss":0.0,"gold_gain":0.0,"event_name":"Ghosts","player_choice":"Ignored","floor":19.0,"gold_loss":0.0,"damage_taken":0.0},{"damage_healed":0.0,"max_hp_gain":0.0,"max_hp_loss":0.0,"gold_gain":0.0,"event_name":"Back to Basics","player_choice":"Simplicity","floor":20.0,"gold_loss":0.0,"damage_taken":0.0,"cards_upgraded":["Strike_R","Strike_R","Strike_R","Strike_R","Defend_R","Defend_R","Defend_R","Defend_R"]},{"cards_removed":["Strike_R"],"damage_healed":0.0,"max_hp_gain":0.0,"max_hp_loss":0.0,"gold_gain":0.0,"event_name":"Beggar","player_choice":"Gave Gold","floor":22.0,"gold_loss":75.0,"damage_taken":0.0},{"cards_removed":["Strike_R"],"damage_healed":0,"gold_gain":0,"player_choice":"Purged","damage_taken":0,"max_hp_gain":0,"max_hp_loss":0,"event_name":"Purifier","floor":28,"gold_loss":0},{"damage_healed":0,"gold_gain":0,"player_choice":"Ignored","damage_taken":0,"max_hp_gain":0,"max_hp_loss":0,"event_name":"Tomb of Lord Red Mask","floor":36,"gold_loss":0},{"damage_healed":0,"gold_gain":0,"player_choice":"Copied","damage_taken":0,"max_hp_gain":0,"max_hp_loss":0,"event_name":"Duplicator","floor":45,"gold_loss":0,"cards_obtained":["Limit Break"]},{"damage_healed":0,"gold_gain":0,"player_choice":"Fight","damage_taken":0,"max_hp_gain":0,"max_hp_loss":0,"event_name":"Mysterious Sphere","floor":48,"gold_loss":0}],"is_beta":false,"boss_relics":[{"not_picked":["Black Blood","Coffee Dripper"],"picked":"Velvet Choker"},{"not_picked":["Runic Dome","Pandora\u0027s Box"],"picked":"Runic Pyramid"}],"items_purged_floors":[11,31,46,53],"is_endless":false,"potions_floor_spawned":[1,4,8,16,21,30,33,35,37,38,47],"ascension_level":5}