{"gold_per_floor":[16,16,36,49,10,44,44,81,81,81,97,117],"floor_reached":12,"playtime":835,"items_purged":[],"score":80,"play_id":"9f82bfa2-c665-4889-8d0d-1b92538e509d","local_time":"20190510191606","is_ascension_mode":false,"campfire_choices":[{"data":"Dual Wield","floor":7,"key":"SMITH"},{"data":"Fire Breathing","floor":10,"key":"SMITH"}],"neow_cost":"NO_GOLD","seed_source_timestamp":339800760176626,"circlet_count":0,"master_deck":["Strike_R","Strike_R","Strike_R","Strike_R","Strike_R","Defend_R","Defend_R","Defend_R","Defend_R","Bash","Magnetism","Magnetism+1","Inflame","Fire Breathing+1","Cleave","Dual Wield+1"],"relics":["Burning Blood","Regal Pillow"],"potions_floor_usage":[12],"damage_taken":[{"damage":1,"enemies":"Cultist","floor":1,"turns":3},{"damage":1,"enemies":"2 Louse","floor":3,"turns":3},{"damage":8,"enemies":"Small Slimes","floor":4,"turns":4},{"damage":21,"enemies":"Lagavulin","floor":6,"turns":6},{"damage":20,"enemies":"Blue Slaver","floor":8,"turns":7},{"damage":29,"enemies":"Gremlin Gang","floor":11,"turns":4},{"damage":26,"enemies":"3 Sentries","floor":12,"turns":6}],"seed_played":"-6721089203902501979","potions_obtained":[{"floor":1,"key":"Fire Potion"},{"floor":3,"key":"Dexterity Potion"},{"floor":11,"key":"Explosive Potion"}],"is_trial":false,"path_per_floor":["M","?","M","M","$","E","R","M","T","R","M","E"],"character_chosen":"IRONCLAD","items_purchased":["Dual Wield"],"campfire_rested":0,"item_purchase_floors":[5],"current_hp_per_floor":[80,80,80,78,78,63,63,49,49,49,26,0],"gold":117,"neow_bonus":"RANDOM_COLORLESS_2","is_prod":false,"is_daily":false,"chose_seed":false,"campfire_upgraded":2,"win_rate":0,"timestamp":1557508566,"path_taken":["M","?","M","M","$","E","R","M","T","R","M","E"],"build_version":"2019-01-23","purchased_purges":0,"victory":false,"max_hp_per_floor":[80,80,80,80,80,80,80,80,80,80,80,80],"card_choices":[{"not_picked":["Iron Wave","Armaments"],"picked":"Inflame","floor":1},{"not_picked":["Havoc","Thunderclap"],"picked":"Fire Breathing","floor":3},{"not_picked":["Sword Boomerang","Combust"],"picked":"Cleave","floor":4},{"not_picked":["Flex","Burning Pact","Twin Strike"],"picked":"SKIP","floor":6},{"not_picked":["Twin Strike","Rupture","Burning Pact"],"picked":"SKIP","floor":8},{"not_picked":["Twin Strike","Wild Strike","Body Slam"],"picked":"SKIP","floor":11}],"player_experience":243804,"relics_obtained":[{"floor":6,"key":"Regal Pillow"}],"event_choices":[{"damage_healed":0,"gold_gain":0,"player_choice":"Grow","damage_taken":0,"max_hp_gain":0,"max_hp_loss":0,"event_name":"Living Wall","floor":2,"gold_loss":0,"cards_upgraded":["Magnetism"]}],"is_beta":false,"boss_relics":[],"items_purged_floors":[],"is_endless":false,"potions_floor_spawned":[1,3,11],"killed_by":"3 Sentries","ascension_level":0}