{"gold_per_floor":[111,131,47,47,47,47,79,79,161,181,198,213,213,239,239,239],"floor_reached":16,"playtime":1054,"items_purged":[],"score":257,"play_id":"b937d024-87af-4748-81a9-dc9775717200","local_time":"20180916194552","is_ascension_mode":true,"campfire_choices":[{"data":"Whirlwind","floor":6.0,"key":"SMITH"},{"data":"Flex","floor":8.0,"key":"SMITH"},{"data":"Limit Break","floor":15.0,"key":"SMITH"}],"neow_cost":"NONE","seed_source_timestamp":25204055340729,"circlet_count":0,"master_deck":["Strike_R","Strike_R","Strike_R","Strike_R","Strike_R","Defend_R","Defend_R","Defend_R","Defend_R","Bash","AscendersBane","Flex+1","Heavy Blade","Whirlwind+1","Limit Break+1"],"special_seed":0,"relics":["Burning Blood","NeowsBlessing","Letter Opener","Molten Egg 2","Bag of Marbles","Nunchaku"],"potions_floor_usage":[16],"damage_taken":[{"damage":0.0,"enemies":"2 Louse","floor":1.0,"turns":1.0},{"damage":0.0,"enemies":"Jaw Worm","floor":2.0,"turns":1.0},{"damage":0.0,"enemies":"Gremlin Nob","floor":7.0,"turns":1.0},{"damage":1.0,"enemies":"Cultist","floor":10.0,"turns":3.0},{"damage":0.0,"enemies":"2 Fungi Beasts","floor":11.0,"turns":2.0},{"damage":13.0,"enemies":"Red Slaver","floor":12.0,"turns":3.0},{"damage":15.0,"enemies":"Lagavulin","floor":14.0,"turns":3.0},{"damage":68,"enemies":"Slime Boss","floor":16,"turns":7}],"seed_played":"-6209375912133390518","potions_obtained":[{"floor":1.0,"key":"FearPotion"},{"floor":7.0,"key":"Energy Potion"}],"is_trial":false,"path_per_floor":["M","M","$","?","?","R","E","R","T","M","M","M","T","E","R"],"character_chosen":"IRONCLAD","items_purchased":["Whirlwind"],"campfire_rested":0,"item_purchase_floors":[3],"current_hp_per_floor":[74,75,75,80,80,80,80,80,80,80,80,73,73,64,64,0],"gold":239,"neow_bonus":"THREE_ENEMY_KILL","is_prod":false,"is_daily":false,"chose_seed":false,"campfire_upgraded":3,"win_rate":0,"timestamp":1537116352,"path_taken":["M","M","$","?","?","R","E","R","T","M","?","?","?","E","R","BOSS"],"build_version":"2018-09-06","purchased_purges":0,"victory":false,"max_hp_per_floor":[75,75,75,80,80,80,80,80,80,80,80,80,80,80,80,80],"card_choices":[{"not_picked":["Power Through","Seeing Red"],"picked":"Flex","floor":1.0},{"not_picked":["Bloodletting","Warcry"],"picked":"Heavy Blade","floor":2.0},{"not_picked":["Sword Boomerang","True Grit","Cleave"],"picked":"SKIP","floor":7.0},{"not_picked":["Warcry","Shockwave","Cleave+1"],"picked":"SKIP","floor":10.0},{"not_picked":["Body Slam+1","Bloodletting","Dual Wield"],"picked":"SKIP","floor":11.0},{"not_picked":["Wild Strike+1","Rampage+1","Sword Boomerang+1"],"picked":"SKIP","floor":12.0},{"not_picked":["Armaments","Anger+1"],"picked":"Limit Break","floor":14.0}],"player_experience":472227,"relics_obtained":[{"floor":7.0,"key":"Letter Opener"},{"floor":9.0,"key":"Molten Egg 2"},{"floor":13.0,"key":"Bag of Marbles"},{"floor":14.0,"key":"Nunchaku"}],"event_choices":[{"event_name":"Big Fish","player_choice":"Donut","floor":4.0,"damage_taken":0.0},{"event_name":"Wheel of Change","player_choice":"Full Heal","floor":5.0,"damage_taken":0.0}],"is_beta":false,"boss_relics":[],"items_purged_floors":[],"is_endless":false,"potions_floor_spawned":[1,7,11],"killed_by":"Slime Boss","ascension_level":18}