{"gold_per_floor":[111,111,129,6,106,106,139,158,185,217,217,234,250,250,250,347,347,359,371,401,104,122,154,170,170,194,194,224,234,234,265,265,265],"floor_reached":33,"playtime":1012,"items_purged":["Strike_R","Strike_R"],"score":444,"play_id":"8d9ac5f2-fa47-44f1-89ae-7154b5ae5822","local_time":"20190207213249","is_ascension_mode":true,"campfire_choices":[{"data":"Whirlwind","floor":6.0,"key":"SMITH"},{"data":"Pommel Strike","floor":11.0,"key":"SMITH"},{"data":"Disarm","floor":15.0,"key":"SMITH"},{"data":"Feed","floor":25,"key":"SMITH"},{"data":"Metallicize","floor":27,"key":"SMITH"},{"floor":30,"key":"REST"},{"data":"Dual Wield","floor":32,"key":"SMITH"}],"neow_cost":"NONE","seed_source_timestamp":11528903241312,"circlet_count":0,"master_deck":["Strike_R","Strike_R","Defend_R","Defend_R","Defend_R","Defend_R","Bash+1","Whirlwind+1","Pommel Strike+1","Shrug It Off","Disarm+1","Feed+1","Battle Trance","Corruption+1","Metallicize+1","Metallicize+1","Dual Wield+1"],"special_seed":0,"relics":["Burning Blood","Omamori","PreservedInsect","Sundial","Cursed Key","Red Mask","Lee\u0027s Waffle","Lantern","Boot","Juzu Bracelet","Shuriken"],"potions_floor_usage":[],"damage_taken":[{"damage":6.0,"enemies":"Cultist","floor":1.0,"turns":3.0},{"damage":14.0,"enemies":"Jaw Worm","floor":3.0,"turns":3.0},{"damage":16.0,"enemies":"Gremlin Nob","floor":7.0,"turns":3.0},{"damage":0.0,"enemies":"2 Louse","floor":8.0,"turns":1.0},{"damage":20.0,"enemies":"Lagavulin","floor":10.0,"turns":3.0},{"damage":0.0,"enemies":"Large Slime","floor":12.0,"turns":3.0},{"damage":10.0,"enemies":"Red Slaver","floor":13.0,"turns":3.0},{"damage":57.0,"enemies":"Slime Boss","floor":16.0,"turns":10.0},{"damage":5.0,"enemies":"Shell Parasite","floor":18.0,"turns":5.0},{"damage":33.0,"enemies":"Spheric Guardian","floor":19.0,"turns":4.0},{"damage":44,"enemies":"Masked Bandits","floor":20,"turns":4},{"damage":12,"enemies":"3 Cultists","floor":22,"turns":3},{"damage":23,"enemies":"Slavers","floor":23,"turns":3},{"damage":24,"enemies":"Snake Plant","floor":24,"turns":4},{"damage":38,"enemies":"Gremlin Leader","floor":28,"turns":5},{"damage":0,"enemies":"Centurion and Healer","floor":29,"turns":5},{"damage":26,"enemies":"Slavers","floor":31,"turns":4},{"damage":68,"enemies":"Champ","floor":33,"turns":12}],"seed_played":"6700447489743232900","potions_obtained":[{"floor":1.0,"key":"Strength Potion"},{"floor":8.0,"key":"Energy Potion"},{"floor":10.0,"key":"SpeedPotion"},{"floor":16.0,"key":"Strength Potion"},{"floor":31,"key":"Strength Potion"}],"is_trial":false,"path_per_floor":["M","?","M","$","?","R","E","M","T","E","R","M","M","?","R","B",null,"M","M","?","$","M","E","M","R","T","R","E","M","R","E","R","B"],"character_chosen":"IRONCLAD","items_purchased":["Shrug It Off","Lee\u0027s Waffle"],"campfire_rested":1,"item_purchase_floors":[4,21],"current_hp_per_floor":[80,85,77,77,77,77,67,73,73,59,59,65,61,61,61,10,66,70,43,8,98,95,81,66,66,66,66,38,48,82,66,66,0],"gold":265,"neow_bonus":"UPGRADE_CARD","is_prod":false,"is_daily":false,"chose_seed":false,"campfire_upgraded":6,"win_rate":0,"timestamp":1549564369,"path_taken":["M","?","M","$","?","R","E","M","T","E","R","M","?","?","R","BOSS","M","M","?","$","M","E","M","R","T","R","E","M","R","E","R","BOSS"],"build_version":"2019-01-23","purchased_purges":2,"victory":false,"max_hp_per_floor":[80,85,85,85,85,85,85,85,85,85,85,85,85,85,85,85,85,88,88,91,98,101,104,107,107,107,107,111,115,115,119,119,119],"card_choices":[{"not_picked":["Heavy Blade","Searing Blow"],"picked":"Whirlwind","floor":1.0},{"not_picked":["True Grit","Headbutt"],"picked":"Pommel Strike","floor":3.0},{"not_picked":["Iron Wave","Reckless Charge","Wild Strike"],"picked":"SKIP","floor":7.0},{"not_picked":["Wild Strike","Cleave","Twin Strike"],"picked":"SKIP","floor":8.0},{"not_picked":["Armaments","Searing Blow","Barricade"],"picked":"SKIP","floor":10.0},{"not_picked":["Carnage","Twin Strike","Iron Wave"],"picked":"SKIP","floor":12.0},{"not_picked":["Thunderclap","Clothesline"],"picked":"Disarm","floor":13.0},{"not_picked":["Fiend Fire","Limit Break"],"picked":"Feed","floor":16.0},{"not_picked":["Iron Wave","Hemokinesis","Twin Strike"],"picked":"SKIP","floor":18.0},{"not_picked":["True Grit","Anger"],"picked":"Battle Trance","floor":19.0},{"not_picked":["Headbutt","Berserk","Anger+1"],"picked":"SKIP","floor":22},{"not_picked":["Headbutt","Berserk","Anger+1"],"picked":"SKIP","floor":22},{"not_picked":["Bloodletting","Iron Wave"],"picked":"Corruption+1","floor":23},{"not_picked":["Twin Strike+1","Thunderclap"],"picked":"Metallicize","floor":24},{"not_picked":["Blood for Blood+1","Power Through+1","Rupture"],"picked":"SKIP","floor":28},{"not_picked":["Burning Pact","Wild Strike"],"picked":"Metallicize+1","floor":29},{"not_picked":["Body Slam+1","Dual Wield","Wild Strike"],"picked":"SKIP","floor":31},{"not_picked":["Body Slam+1","Wild Strike"],"picked":"Dual Wield","floor":31}],"player_experience":758923,"relics_obtained":[{"floor":7.0,"key":"Omamori"},{"floor":9.0,"key":"PreservedInsect"},{"floor":10.0,"key":"Sundial"},{"floor":20,"key":"Red Mask"},{"floor":23,"key":"Lantern"},{"floor":26,"key":"Boot"},{"floor":28,"key":"Juzu Bracelet"},{"floor":31,"key":"Shuriken"}],"event_choices":[{"damage_healed":0.0,"max_hp_gain":5.0,"max_hp_loss":0.0,"gold_gain":0.0,"event_name":"Big Fish","player_choice":"Donut","floor":2.0,"gold_loss":0.0,"damage_taken":0.0},{"damage_healed":0.0,"max_hp_gain":0.0,"max_hp_loss":0.0,"gold_gain":100.0,"event_name":"Golden Shrine","player_choice":"Pray","floor":5.0,"gold_loss":0.0,"damage_taken":0.0},{"cards_removed":["Strike_R"],"damage_healed":0.0,"max_hp_gain":0.0,"max_hp_loss":0.0,"gold_gain":0.0,"event_name":"Purifier","player_choice":"Purged","floor":14.0,"gold_loss":0.0,"damage_taken":0.0},{"damage_healed":0,"gold_gain":0,"player_choice":"Fought Bandits","damage_taken":0,"max_hp_gain":0,"max_hp_loss":0,"event_name":"Masked Bandits","floor":20,"gold_loss":0}],"is_beta":false,"boss_relics":[{"not_picked":["Snecko Eye","Empty Cage"],"picked":"Cursed Key"}],"items_purged_floors":[4,21],"is_endless":false,"potions_floor_spawned":[1,8,10,16,18,24,28,29,31],"killed_by":"Champ","ascension_level":5}