{"gold_per_floor":[110,122,48,64,239,266,278,319,356,379,391,415,438,464,476,586,598,621,653,683,420,345,376,73,104,104,104],"floor_reached":27,"playtime":1057,"items_purged":["Doubt"],"score":278,"play_id":"0de326a9-c749-41ad-96b1-9af0f2feb399","local_time":"20190723213813","is_ascension_mode":true,"campfire_choices":[{"data":"Noxious Fumes","floor":11.0,"key":"SMITH"},{"data":"Catalyst","floor":15.0,"key":"SMITH"}],"neow_cost":"NONE","seed_source_timestamp":21717005523701,"circlet_count":0,"master_deck":["Strike_G","Strike_G","Strike_G","Strike_G","Defend_G","Defend_G","Defend_G","Defend_G","Defend_G","Survivor","Neutralize","Dagger Throw","Flying Knee","Noxious Fumes+1","Deflect","Deadly Poison+1","Adrenaline+1","Bouncing Flask","Catalyst+1","Escape Plan","Tools of the Trade","PiercingWail","Caltrops","Calculated Gamble","Escape Plan+1"],"special_seed":0,"relics":["Ring of the Snake","NeowsBlessing","MawBank","War Paint","Orichalcum","Busted Crown","Pen Nib","Centennial Puzzle","Blood Vial","Dream Catcher","Thread and Needle"],"potions_floor_usage":[27],"damage_taken":[{"damage":0.0,"enemies":"Cultist","floor":1.0,"turns":1.0},{"damage":0.0,"enemies":"Small Slimes","floor":2.0,"turns":1.0},{"damage":0.0,"enemies":"Jaw Worm","floor":4.0,"turns":1.0},{"damage":33.0,"enemies":"Lagavulin","floor":6.0,"turns":6.0},{"damage":14.0,"enemies":"3 Sentries","floor":8.0,"turns":7.0},{"damage":0.0,"enemies":"3 Louse","floor":10.0,"turns":4.0},{"damage":1.0,"enemies":"2 Fungi Beasts","floor":12.0,"turns":3.0},{"damage":0.0,"enemies":"Blue Slaver","floor":13.0,"turns":2.0},{"damage":3.0,"enemies":"Exordium Thugs","floor":14.0,"turns":4.0},{"damage":12.0,"enemies":"Slime Boss","floor":16.0,"turns":9.0},{"damage":21.0,"enemies":"2 Thieves","floor":18.0,"turns":4.0},{"damage":0.0,"enemies":"Chosen","floor":19.0,"turns":4.0},{"damage":21.0,"enemies":"Sentry and Sphere","floor":20.0,"turns":5.0},{"damage":15.0,"enemies":"Book of Stabbing","floor":23.0,"turns":5.0},{"damage":9.0,"enemies":"Slavers","floor":25.0,"turns":5.0},{"damage":8,"enemies":"3 Cultists","floor":27,"turns":2}],"seed_played":"-8563403390768867153","potions_obtained":[{"floor":1.0,"key":"SneckoOil"},{"floor":4.0,"key":"Poison Potion"},{"floor":6.0,"key":"Block Potion"},{"floor":8.0,"key":"Dexterity Potion"},{"floor":13.0,"key":"Block Potion"},{"floor":25.0,"key":"LiquidBronze"}],"is_trial":false,"path_per_floor":["M","M","$","M","?","E","?","E","T","M","R","M","M","M","R","B",null,"M","M","M","$","?","E","$","E","T","M"],"character_chosen":"THE_SILENT","items_purchased":["Noxious Fumes","PiercingWail","Pen Nib","Caltrops","Blood Vial","Calculated Gamble"],"campfire_rested":0,"item_purchase_floors":[3,21,21,24,24,24],"current_hp_per_floor":[70,70,70,70,70,37,37,23,23,23,23,22,22,19,19,7,70,49,49,28,28,28,13,13,6,6,0],"gold":104,"neow_bonus":"THREE_ENEMY_KILL","is_prod":false,"is_daily":false,"chose_seed":false,"campfire_upgraded":2,"win_rate":0,"timestamp":1563907093,"path_taken":["M","?","$","M","?","E","?","E","T","M","R","?","M","M","R","BOSS","M","M","M","$","?","E","$","E","T","M"],"build_version":"2019-07-17","purchased_purges":1,"victory":false,"max_hp_per_floor":[70,70,70,70,70,70,70,70,70,70,70,70,70,70,70,70,70,70,70,70,70,70,70,70,70,70,70],"card_choices":[{"not_picked":["Outmaneuver","Concentrate"],"picked":"Dagger Throw","floor":1.0},{"not_picked":["Deflect","Poisoned Stab"],"picked":"Flying Knee","floor":2.0},{"not_picked":["Eviscerate","Sucker Punch"],"picked":"Deflect","floor":4.0},{"not_picked":["Blur","Sucker Punch"],"picked":"Deadly Poison","floor":6.0},{"not_picked":["Outmaneuver","Deadly Poison"],"picked":"Adrenaline","floor":8.0},{"not_picked":["Blade Dance","Slice"],"picked":"Bouncing Flask","floor":10.0},{"not_picked":["Sucker Punch","Quick Slash"],"picked":"Catalyst","floor":12.0},{"not_picked":["Setup","Blade Dance","Dagger Spray"],"picked":"SKIP","floor":13.0},{"not_picked":["Die Die Die","Infinite Blades"],"picked":"Escape Plan","floor":14.0},{"not_picked":["Bullet Time","Unload"],"picked":"Tools of the Trade","floor":16.0},{"not_picked":["Outmaneuver+1"],"picked":"SKIP","floor":18.0},{"not_picked":["Distraction"],"picked":"SKIP","floor":19.0},{"not_picked":["Underhanded Strike"],"picked":"SKIP","floor":20.0},{"not_picked":["Outmaneuver"],"picked":"SKIP","floor":23.0},{"not_picked":[],"picked":"Escape Plan+1","floor":25.0}],"player_experience":1081364,"relics_obtained":[{"floor":6.0,"key":"MawBank"},{"floor":8.0,"key":"War Paint"},{"floor":9.0,"key":"Orichalcum"},{"floor":23.0,"key":"Centennial Puzzle"},{"floor":25.0,"key":"Dream Catcher"},{"floor":26.0,"key":"Thread and Needle"}],"event_choices":[{"damage_healed":0.0,"max_hp_gain":0.0,"max_hp_loss":0.0,"gold_gain":175.0,"event_name":"Liars Game","player_choice":"AGREE","floor":5.0,"gold_loss":0.0,"damage_taken":0.0,"cards_obtained":["Doubt"]},{"damage_healed":0.0,"max_hp_gain":0.0,"max_hp_loss":0.0,"gold_gain":0.0,"event_name":"NoteForYourself","player_choice":"Ignored","floor":7.0,"gold_loss":0.0,"damage_taken":0.0},{"cards_removed":["Strike_G"],"damage_healed":0.0,"max_hp_gain":0.0,"max_hp_loss":0.0,"gold_gain":0.0,"event_name":"Beggar","player_choice":"Gave Gold","floor":22.0,"gold_loss":75.0,"damage_taken":0.0}],"is_beta":false,"boss_relics":[{"not_picked":["Lizard Tail","Orrery"],"picked":"Busted Crown"}],"items_purged_floors":[21],"is_endless":false,"potions_floor_spawned":[1,4,6,8,13,16,19,25],"killed_by":"3 Cultists","ascension_level":1}