{"gold_per_floor":[111,124,124,124,25,51,51,51,100,133,143,143,162,182,182,281,281,291,291,305,319,334,334,334],"floor_reached":24,"playtime":2195,"items_purged":["Strike_Br"],"score":233,"play_id":"8f941f39-8843-4ecd-a1e3-bfc4f54f8fbb","local_time":"20190720233410","is_ascension_mode":false,"campfire_choices":[{"data":"BeatsPerMinute","floor":7,"key":"SMITH"},{"data":"ReapSow","floor":15,"key":"SMITH"},{"floor":23,"key":"REST"}],"neow_cost":"NONE","seed_source_timestamp":364680001905894,"circlet_count":0,"master_deck":["Rallentando+1","SecondHand+1","PatternShift+1","Parity","ReapSow+10","BeatsPerMinute+1","Moderato","WindUp","LockedMercury","LockedBlood","Pendulum","HandsUpC","Engulf","Parity","LockedBlood","VestedLegacy","OracleForm","LockedBlood","ReapSow","Analog+1","LockedBell"],"relics":["Chronometer","NeowsBlessing","Strawberry","War Paint","infinitespire:Bottled Soul","Hand?","Pandora\u0027s Box"],"potions_floor_usage":[],"damage_taken":[{"damage":0,"enemies":"Cultist","floor":1,"turns":1},{"damage":0,"enemies":"Small Slimes","floor":2,"turns":1},{"damage":0,"enemies":"Lagavulin","floor":6,"turns":1},{"damage":9,"enemies":"Gremlin Nob","floor":10,"turns":6},{"damage":0,"enemies":"2 Louse","floor":11,"turns":5},{"damage":0,"enemies":"Blue Slaver","floor":13,"turns":3},{"damage":2,"enemies":"Red Slaver","floor":14,"turns":4},{"damage":32,"enemies":"The Guardian","floor":16,"turns":9},{"damage":18,"enemies":"3 Byrds","floor":18,"turns":5},{"damage":14,"enemies":"Shell Parasite","floor":20,"turns":6},{"damage":37,"enemies":"Snecko","floor":21,"turns":5},{"damage":15,"enemies":"Chosen and Byrds","floor":22,"turns":8},{"damage":49,"enemies":"Gremlin Leader","floor":24,"turns":3}],"seed_played":"6947338204336820911","potions_obtained":[{"floor":2,"key":"Fire Potion"},{"floor":11,"key":"Ancient Potion"},{"floor":13,"key":"AttackPotion"},{"floor":16,"key":"Explosive Potion"}],"is_trial":false,"path_per_floor":["M","M","?","?","$","E","R","?","T","E","M","?","M","M","R","B",null,"M","?","M","M","M","R","E"],"character_chosen":"CHRONO_CLASS","items_purchased":["ReapSow"],"campfire_rested":1,"item_purchase_floors":[5],"current_hp_per_floor":[65,65,70,63,63,70,70,70,70,61,61,61,61,59,59,33,77,63,63,61,28,25,48,0],"gold":334,"neow_bonus":"THREE_ENEMY_KILL","is_prod":false,"is_daily":false,"chose_seed":false,"campfire_upgraded":2,"win_rate":0.0,"timestamp":1563680050,"path_taken":["M","M","?","?","$","E","R","?","T","E","?","?","M","M","R","BOSS","M","?","M","?","M","R","E"],"build_version":"2019-07-17","purchased_purges":1,"victory":false,"max_hp_per_floor":[65,65,70,70,70,77,77,77,77,77,77,77,77,77,77,77,77,77,77,77,77,77,77,77],"card_choices":[{"not_picked":["Parity","HandsUpB"],"picked":"Tempo","floor":1},{"not_picked":["HandsUpC","ExoVibe"],"picked":"Parity","floor":2},{"not_picked":["RageCommand","LockedMedicine"],"picked":"BeatsPerMinute","floor":6},{"not_picked":["LockedTornado","BeatsPerMinute"],"picked":"WindUp","floor":10},{"not_picked":["FormalWear","CrunchTime","LockedAnchor"],"picked":"SKIP","floor":11},{"not_picked":["CrunchTime","Echoward"],"picked":"LockedMercury","floor":13},{"not_picked":["ReapSow","Engulf"],"picked":"LockedBlood","floor":14},{"not_picked":["Fragmentalize","Echonomics"],"picked":"Pendulum","floor":16},{"not_picked":["LockedMercury","WindUp"],"picked":"LockedBlood","floor":18},{"not_picked":["HandsUpC+1","LockedScales+1"],"picked":"Analog+1","floor":20},{"not_picked":["ExoVibe","LockedOrichalcum","CrunchTime"],"picked":"SKIP","floor":21},{"not_picked":["HandsUpB","HandsUpC"],"picked":"LockedBell","floor":22}],"player_experience":75375,"relics_obtained":[{"floor":6,"key":"Strawberry"},{"floor":9,"key":"War Paint"},{"floor":10,"key":"infinitespire:Bottled Soul"}],"event_choices":[{"damage_healed":0,"gold_gain":0,"player_choice":"Donut","damage_taken":0,"max_hp_gain":5,"max_hp_loss":0,"event_name":"Big Fish","floor":3,"gold_loss":0},{"cards_removed":["Strike_Br"],"damage_healed":0,"gold_gain":0,"player_choice":"Card Removal","damage_taken":7,"max_hp_gain":0,"max_hp_loss":0,"event_name":"Golden Wing","floor":4,"gold_loss":0},{"damage_healed":0,"gold_gain":0,"player_choice":"Upgraded","damage_taken":0,"max_hp_gain":0,"max_hp_loss":0,"event_name":"Upgrade Shrine","floor":8,"gold_loss":0,"cards_upgraded":["PatternShift"]},{"damage_healed":0,"gold_gain":0,"player_choice":"1 cards matched","damage_taken":0,"max_hp_gain":0,"max_hp_loss":0,"event_name":"Match and Keep!","floor":19,"gold_loss":0,"cards_obtained":["ReapSow"]}],"is_beta":false,"boss_relics":[{"not_picked":["Metronome","Calling Bell"],"picked":"Pandora\u0027s Box"}],"items_purged_floors":[5],"is_endless":false,"potions_floor_spawned":[2,11,13,14,16,18,22],"killed_by":"Gremlin Leader","ascension_level":0}