{"gold_per_floor":[117,131,84,95,113,113,129,129,129,142,142,4,33,33,33,132,132,144,69,84,84,94,94,94,94,120,136,136,155,183,15,15,113,113,125,125,125,144,144,144,144,144,197,49,69,89,89,105,105,105],"floor_reached":50,"playtime":2015,"items_purged":["Concentrate","Concentrate"],"score":682,"play_id":"0b5f09ea-0624-482d-874c-8f4ffb1c8e1c","local_time":"20180908204816","is_ascension_mode":true,"campfire_choices":[{"data":"Skewer","floor":6.0,"key":"SMITH"},{"data":"Catalyst","floor":8.0,"key":"SMITH"},{"floor":11.0,"key":"REST"},{"floor":15.0,"key":"REST"},{"floor":23.0,"key":"REST"},{"data":"Tactician","floor":25.0,"key":"SMITH"},{"floor":28.0,"key":"REST"},{"floor":32.0,"key":"REST"},{"floor":40.0,"key":"REST"},{"data":"Leg Sweep","floor":42.0,"key":"SMITH"},{"data":"Bouncing Flask","floor":47.0,"key":"SMITH"},{"data":"Neutralize","floor":49.0,"key":"SMITH"}],"neow_cost":"NONE","seed_source_timestamp":25455809166250,"circlet_count":0,"master_deck":["Survivor","Neutralize+1","Quick Slash","Cloak And Dagger","Prepared+1","Deadly Poison","Skewer+1","Catalyst+1","After Image","Flying Knee","After Image","Acrobatics","Backstab","Tactician+1","Bouncing Flask+1","Underhanded Strike","Terror+1","Bane","Leg Sweep+1","PiercingWail","Dash+1","Noxious Fumes","Caltrops","Backstab","Noxious Fumes"],"special_seed":0,"relics":["Ring of the Snake","Boot","Gremlin Horn","Mercury Hourglass","Pandora\u0027s Box","Potion Belt","Vajra","Art of War","Eternal Feather","Tiny Chest","War Paint"],"potions_floor_usage":[50,50,50,50],"damage_taken":[{"damage":1.0,"enemies":"Cultist","floor":1.0,"turns":4.0},{"damage":6.0,"enemies":"Small Slimes","floor":2.0,"turns":4.0},{"damage":1.0,"enemies":"Jaw Worm","floor":4.0,"turns":3.0},{"damage":7.0,"enemies":"Blue Slaver","floor":5.0,"turns":5.0},{"damage":10.0,"enemies":"2 Fungi Beasts","floor":7.0,"turns":4.0},{"damage":11.0,"enemies":"Exordium Wildlife","floor":10.0,"turns":6.0},{"damage":30.0,"enemies":"3 Sentries","floor":13.0,"turns":10.0},{"damage":52.0,"enemies":"Hexaghost","floor":16.0,"turns":12.0},{"damage":12.0,"enemies":"Chosen","floor":18.0,"turns":3.0},{"damage":0.0,"enemies":"3 Byrds","floor":20.0,"turns":3.0},{"damage":14.0,"enemies":"Colosseum Slavers","floor":21.0,"turns":3.0},{"damage":0.0,"enemies":"Centurion and Healer","floor":22.0,"turns":4.0},{"damage":21.0,"enemies":"Sentry and Sphere","floor":27.0,"turns":6.0},{"damage":4.0,"enemies":"3 Cultists","floor":29.0,"turns":5.0},{"damage":8.0,"enemies":"Gremlin Leader","floor":30.0,"turns":7.0},{"damage":45.0,"enemies":"Collector","floor":33.0,"turns":8.0},{"damage":16.0,"enemies":"Orb Walker","floor":35.0,"turns":4.0},{"damage":18.0,"enemies":"3 Shapes","floor":38.0,"turns":6.0},{"damage":16.0,"enemies":"3 Darklings","floor":45.0,"turns":6.0},{"damage":2.0,"enemies":"Maw","floor":46.0,"turns":7.0},{"damage":25.0,"enemies":"Sphere and 2 Shapes","floor":48.0,"turns":6.0},{"damage":66,"enemies":"Awakened One","floor":50,"turns":5}],"seed_played":"-2640770227189027864","potions_obtained":[{"floor":1.0,"key":"Regen Potion"},{"floor":2.0,"key":"Strength Potion"},{"floor":7.0,"key":"Strength Potion"},{"floor":22.0,"key":"Fire Potion"},{"floor":29.0,"key":"SneckoOil"},{"floor":38.0,"key":"GhostInAJar"},{"floor":45.0,"key":"LiquidBronze"},{"floor":48.0,"key":"Strength Potion"}],"is_trial":false,"path_per_floor":["M","M","$","M","M","R","M","R","T","M","R","$","E","$","R","B",null,"M","$","M","?","M","R","?","R","T","M","R","M","E","$","R","B",null,"M","?","?","M","?","R","?","R","T","$","M","M","R","M","R"],"character_chosen":"THE_SILENT","items_purchased":["Prepared","After Image","Caltrops","War Paint"],"campfire_rested":6,"item_purchase_floors":[3,12,31,44],"current_hp_per_floor":[62,56,56,55,48,48,38,38,38,27,48,48,33,33,54,2,53,41,41,41,27,27,48,48,48,48,27,48,44,36,36,57,12,56,40,40,40,22,22,53,53,66,66,66,50,48,63,38,53,0],"gold":105,"neow_bonus":"RANDOM_COMMON_RELIC","is_prod":false,"is_daily":false,"chose_seed":false,"campfire_upgraded":6,"win_rate":0,"timestamp":1536428896,"path_taken":["M","M","$","M","M","R","M","R","T","M","R","$","E","?","R","BOSS","M","$","M","?","M","R","?","R","T","M","R","M","E","?","R","BOSS","M","?","?","M","?","R","?","R","T","$","M","M","R","M","R","BOSS"],"build_version":"2018-09-06","purchased_purges":2,"victory":false,"max_hp_per_floor":[70,70,70,70,70,70,70,70,70,70,70,70,70,70,70,70,70,70,70,70,70,70,70,70,70,70,70,70,70,70,70,70,70,70,70,70,70,70,66,66,66,66,66,66,66,66,66,66,66,66],"card_choices":[{"not_picked":["Flechettes","Masterful Stab"],"picked":"Quick Slash","floor":1.0},{"not_picked":["Sucker Punch","Blade Dance"],"picked":"Cloak And Dagger","floor":2.0},{"not_picked":["Catalyst","Concentrate"],"picked":"Deadly Poison","floor":4.0},{"not_picked":["Dagger Throw","Flechettes"],"picked":"Skewer","floor":5.0},{"not_picked":["Concentrate","Crippling Poison"],"picked":"Catalyst","floor":7.0},{"not_picked":["Blade Dance","Choke","Flechettes"],"picked":"SKIP","floor":10.0},{"not_picked":["Flechettes","Dagger Throw"],"picked":"Flying Knee","floor":13.0},{"not_picked":["A Thousand Cuts","Tools of the Trade"],"picked":"After Image","floor":16.0},{"not_picked":["Dagger Throw+1","Prepared"],"picked":"Leg Sweep","floor":18.0},{"not_picked":["Masterful Stab+1","Dagger Spray","All Out Attack"],"picked":"SKIP","floor":20.0},{"not_picked":["Backflip","Underhanded Strike"],"picked":"PiercingWail","floor":22.0},{"not_picked":["Prepared+1","Dagger Throw+1"],"picked":"Dash+1","floor":27.0},{"not_picked":["Underhanded Strike","Skewer+1","Choke+1"],"picked":"SKIP","floor":29.0},{"not_picked":["Envenom","Terror"],"picked":"Noxious Fumes","floor":30.0},{"not_picked":["Flying Knee+1","Skewer+1","PiercingWail+1"],"picked":"SKIP","floor":35.0},{"not_picked":["Dagger Throw","Skewer+1"],"picked":"Backstab","floor":38.0},{"not_picked":["Distraction","Backflip+1","Flying Knee"],"picked":"SKIP","floor":45.0},{"not_picked":["Dagger Throw","Dagger Spray+1","Eviscerate"],"picked":"SKIP","floor":46.0},{"not_picked":["After Image","Calculated Gamble","Expertise+1"],"picked":"SKIP","floor":48.0}],"player_experience":464997,"relics_obtained":[{"floor":9.0,"key":"Gremlin Horn"},{"floor":13.0,"key":"Mercury Hourglass"},{"floor":26.0,"key":"Vajra"},{"floor":30.0,"key":"Art of War"},{"floor":43.0,"key":"Tiny Chest"}],"event_choices":[{"event_name":"Colosseum","player_choice":"Fight","floor":21.0,"damage_taken":0.0},{"event_name":"Colosseum","player_choice":"Fled From Nobs","floor":21.0,"damage_taken":0.0},{"event_name":"The Mausoleum","player_choice":"Yes","floor":24.0,"damage_taken":0.0},{"event_name":"Mysterious Sphere","player_choice":"Ignore","floor":36.0,"damage_taken":0.0},{"event_name":"Falling","player_choice":"Removed Attack","floor":37.0,"damage_taken":0.0},{"event_name":"Winding Halls","player_choice":"Max HP","floor":39.0,"damage_taken":0.0},{"event_name":"Match and Keep!","player_choice":"1 cards matched","floor":41.0,"damage_taken":0.0}],"is_beta":false,"boss_relics":[{"not_picked":["WristBlade","Ring of the Serpent"],"picked":"Pandora\u0027s Box"},{"not_picked":["Coffee Dripper","Snecko Eye"],"picked":"Eternal Feather"}],"items_purged_floors":[19,31],"is_endless":false,"potions_floor_spawned":[1,2,7,10,21,22,29,38,45,48],"killed_by":"Awakened One","ascension_level":8}