{"gold_per_floor":[18,18,33,33,47,47,86,104,104,128,153,153,169,210,210,329,329,350,350,350,31,50,50,85,85,112,130,171,196,196,28,28,154,154,174,24,42,62,80,80,80],"floor_reached":41,"playtime":8788,"items_purged":["Shame"],"score":493,"play_id":"4162a8bb-a8fc-4c6d-a3eb-4bb0c8ab9289","local_time":"20190203201846","is_ascension_mode":false,"campfire_choices":[{"data":"Pommel Strike","floor":6,"key":"SMITH"},{"data":"Iron Wave","floor":12,"key":"SMITH"},{"data":"Twin Strike","floor":15,"key":"SMITH"},{"data":"Writhe","floor":23,"key":"PURGE"},{"data":"Strike_R","floor":25,"key":"PURGE"},{"floor":30,"key":"REST"},{"floor":32,"key":"REST"},{"floor":40,"key":"REST"}],"neow_cost":"NO_GOLD","seed_source_timestamp":1814001874577777,"circlet_count":0,"master_deck":["Strike_R","Strike_R","Strike_R","Defend_R","Defend_R+1","Defend_R+1","Defend_R","Bash+1","Twin Strike+1","Pommel Strike+1","Impervious","Iron Wave+1","Dropkick","Thunderclap","Infernal Blade","Feed","Offering","Clumsy","Decay","Rupture","Rupture","Combust","Heavy Blade","Evolve","Bloodletting","True Grit","Reckless Charge","Barricade","Spot Weakness+1"],"relics":["Burning Blood","Golden Idol","Ornamental Fan","Paper Frog","Gremlin Horn","Calling Bell","Anchor","Dodecahedron","Torii","Peace Pipe","OrangePellets","Pear","Ancient Tea Set","Self Forming Clay","Red Skull","Empty Cage","War Paint"],"potions_floor_usage":[11,14,16,16,16,28,33,35,38,38,38],"damage_taken":[{"damage":5,"enemies":"Small Slimes","floor":1,"turns":4},{"damage":6,"enemies":"Jaw Worm","floor":3,"turns":3},{"damage":1,"enemies":"Cultist","floor":5,"turns":3},{"damage":25,"enemies":"Gremlin Nob","floor":7,"turns":4},{"damage":7,"enemies":"Lots of Slimes","floor":8,"turns":4},{"damage":5,"enemies":"2 Fungi Beasts","floor":10,"turns":4},{"damage":5,"enemies":"Large Slime","floor":11,"turns":7},{"damage":2,"enemies":"Blue Slaver","floor":13,"turns":3},{"damage":10,"enemies":"Lagavulin","floor":14,"turns":6},{"damage":55,"enemies":"The Guardian","floor":16,"turns":15},{"damage":0,"enemies":"Shell Parasite","floor":18,"turns":3},{"damage":6,"enemies":"2 Thieves","floor":22,"turns":4},{"damage":38,"enemies":"Gremlin Leader","floor":24,"turns":4},{"damage":11,"enemies":"Chosen and Byrds","floor":27,"turns":6},{"damage":59,"enemies":"Slavers","floor":28,"turns":4},{"damage":76,"enemies":"Automaton","floor":33,"turns":8},{"damage":49,"enemies":"Orb Walker","floor":35,"turns":7},{"damage":16,"enemies":"3 Darklings","floor":37,"turns":6},{"damage":16,"enemies":"Writhing Mass","floor":38,"turns":8},{"damage":51,"enemies":"Sphere and 2 Shapes","floor":39,"turns":7},{"damage":61,"enemies":"Reptomancer","floor":41,"turns":3}],"seed_played":"8917149261830125471","potions_obtained":[{"floor":3,"key":"Ancient Potion"},{"floor":10,"key":"Weak Potion"},{"floor":11,"key":"Poison Potion"},{"floor":13,"key":"Swift Potion"},{"floor":14,"key":"Weak Potion"},{"floor":24,"key":"LiquidBronze"},{"floor":28,"key":"Explosive Potion"},{"floor":33,"key":"Energy Potion"},{"floor":35,"key":"FearPotion"},{"floor":37,"key":"Regen Potion"}],"is_trial":false,"path_per_floor":["M","?","M","?","M","R","E","M","T","M","M","R","M","E","R","B",null,"M","?","?","$","M","R","E","R","T","M","E","T","R","$","R","B",null,"M","$","M","M","M","R","E"],"character_chosen":"IRONCLAD","items_purchased":["Combust","OrangePellets","Regen Potion","True Grit","Reckless Charge","War Paint"],"campfire_rested":3,"item_purchase_floors":[21,21,31,31,31,36],"current_hp_per_floor":[96,72,72,72,77,77,58,57,57,58,59,59,63,59,59,10,96,96,96,96,96,99,99,77,77,77,75,22,22,55,55,88,18,112,74,74,64,69,24,57,0],"gold":80,"neow_bonus":"TWENTY_PERCENT_HP_BONUS","is_prod":false,"is_daily":false,"chose_seed":false,"campfire_upgraded":3,"win_rate":0,"timestamp":1549221526,"path_taken":["M","?","M","?","M","R","E","M","T","M","M","R","M","E","R","BOSS","M","?","?","?","M","R","E","R","T","M","E","?","R","$","R","BOSS","M","?","M","M","?","R","E"],"build_version":"2019-01-23","purchased_purges":1,"victory":false,"max_hp_per_floor":[96,96,96,96,96,96,96,96,96,96,96,96,96,96,96,96,96,96,96,96,96,99,99,109,109,109,112,112,112,112,112,112,112,112,112,112,112,112,112,112,112],"card_choices":[{"not_picked":["Body Slam","Intimidate"],"picked":"Twin Strike","floor":1},{"not_picked":["Anger","Shrug It Off"],"picked":"Pommel Strike","floor":3},{"not_picked":["Clothesline","Rupture"],"picked":"Impervious","floor":5},{"not_picked":["Thunderclap","Anger"],"picked":"Feel No Pain","floor":7},{"not_picked":["Heavy Blade","Combust"],"picked":"Iron Wave","floor":8},{"not_picked":["Pummel","True Grit"],"picked":"Dropkick","floor":10},{"not_picked":["Perfected Strike","Hemokinesis"],"picked":"Thunderclap","floor":11},{"not_picked":["Corruption","Armaments"],"picked":"Infernal Blade","floor":13},{"not_picked":["Rupture","Twin Strike"],"picked":"Feed","floor":14},{"not_picked":["Brutality","Impervious"],"picked":"Offering","floor":16},{"not_picked":["Warcry","Searing Blow+1"],"picked":"Rupture","floor":18},{"not_picked":["Anger","Headbutt+1","Wild Strike"],"picked":"SKIP","floor":22},{"not_picked":["Twin Strike","Warcry"],"picked":"Heavy Blade","floor":24},{"not_picked":["Second Wind","Clash"],"picked":"Evolve","floor":27},{"not_picked":["Heavy Blade+1","Thunderclap+1"],"picked":"Bloodletting","floor":28},{"not_picked":["Bludgeon","Feed"],"picked":"Barricade","floor":33},{"not_picked":["Anger+1","Ghostly Armor+1","True Grit"],"picked":"SKIP","floor":35},{"not_picked":["Iron Wave","Thunderclap","Sword Boomerang"],"picked":"SKIP","floor":37},{"not_picked":["Corruption+1","Warcry"],"picked":"Spot Weakness+1","floor":38},{"not_picked":["Intimidate","Perfected Strike","Twin Strike+1"],"picked":"SKIP","floor":39}],"player_experience":114369,"relics_obtained":[{"floor":7,"key":"Ornamental Fan"},{"floor":9,"key":"Paper Frog"},{"floor":14,"key":"Gremlin Horn"},{"floor":17,"key":"Anchor"},{"floor":17,"key":"Dodecahedron"},{"floor":17,"key":"Torii"},{"floor":24,"key":"Pear"},{"floor":26,"key":"Ancient Tea Set"},{"floor":28,"key":"Self Forming Clay"},{"floor":29,"key":"Red Skull"}],"event_choices":[{"damage_healed":0,"gold_gain":0,"player_choice":"Take Damage","damage_taken":24,"relics_obtained":["Golden Idol"],"max_hp_gain":0,"max_hp_loss":0,"event_name":"Golden Idol","floor":2,"gold_loss":0},{"damage_healed":0,"gold_gain":0,"player_choice":"Grow","damage_taken":0,"max_hp_gain":0,"max_hp_loss":0,"event_name":"Living Wall","floor":4,"gold_loss":0,"cards_upgraded":["Bash"]},{"damage_healed":0,"gold_gain":0,"player_choice":"Read","damage_taken":0,"max_hp_gain":0,"max_hp_loss":0,"event_name":"The Library","floor":19,"gold_loss":0,"cards_obtained":["Rupture"]},{"damage_healed":0,"gold_gain":0,"player_choice":"Opened","damage_taken":0,"relics_obtained":["Peace Pipe"],"max_hp_gain":0,"max_hp_loss":0,"event_name":"The Mausoleum","floor":20,"gold_loss":0,"cards_obtained":["Writhe"]}],"is_beta":false,"boss_relics":[{"not_picked":["Sozu","Runic Pyramid"],"picked":"Calling Bell"},{"not_picked":["Tiny House","Eternal Feather"],"picked":"Empty Cage"}],"items_purged_floors":[21],"is_endless":false,"potions_floor_spawned":[3,10,11,13,14,24,28,33,35,37],"killed_by":"Reptomancer","ascension_level":0}