{"gold_per_floor":[109,109,119,131,306,306,338,350,440,452,489,519,564,589,601,712,724,756,768,794,806,917,929,969,981,1018,1044,1067,1079],"floor_reached":29,"playtime":1348,"items_purged":[],"score":303,"play_id":"926df096-a433-4f19-a489-0da99f23b5d1","local_time":"20180820173710","is_ascension_mode":true,"campfire_choices":[{"data":"Doubt","floor":6.0,"key":"PURGE"},{"data":"Clumsy","floor":10.0,"key":"PURGE"},{"data":"Strike_R","floor":15.0,"key":"PURGE"},{"data":"Body Slam","floor":23.0,"key":"PURGE"},{"data":"Perfected Strike","floor":25.0,"key":"PURGE"}],"neow_cost":"CURSE","seed_source_timestamp":0,"circlet_count":0,"master_deck":["Bash","Double Tap+1","Anger","Demon Form","Flame Barrier","Flex","Rage","Iron Wave","Flame Barrier","Carnage","Bite","Bite","Bite","Bite","Bite","Double Tap+1"],"special_seed":0,"relics":["Burning Blood","Peace Pipe","Juzu Bracelet","MawBank","Tiny Chest","Red Skull","War Paint","Pandora\u0027s Box","Anchor","Omamori"],"potions_floor_usage":[27,27],"damage_taken":[{"damage":11.0,"enemies":"Cultist","floor":1.0,"turns":4.0},{"damage":7.0,"enemies":"Jaw Worm","floor":3.0,"turns":3.0},{"damage":11.0,"enemies":"Small Slimes","floor":4.0,"turns":3.0},{"damage":53.0,"enemies":"Lagavulin","floor":7.0,"turns":8.0},{"damage":16.0,"enemies":"Exordium Wildlife","floor":12.0,"turns":4.0},{"damage":5.0,"enemies":"3 Sentries","floor":13.0,"turns":7.0},{"damage":0.0,"enemies":"3 Louse","floor":14.0,"turns":3.0},{"damage":26.0,"enemies":"Hexaghost","floor":16.0,"turns":8.0},{"damage":16.0,"enemies":"Shell Parasite","floor":18.0,"turns":4.0},{"damage":6.0,"enemies":"Chosen","floor":20.0,"turns":6.0},{"damage":45.0,"enemies":"Book of Stabbing","floor":24.0,"turns":6.0},{"damage":7,"enemies":"Centurion and Healer","floor":27,"turns":6},{"damage":29,"enemies":"Cultist and Chosen","floor":28,"turns":6},{"damage":75,"enemies":"Gremlin Leader","floor":29,"turns":8}],"seed_played":"8279216823188196494","potions_obtained":[{"floor":1.0,"key":"Dexterity Potion"},{"floor":4.0,"key":"Weak Potion"},{"floor":7.0,"key":"Energy Potion"},{"floor":12.0,"key":"EssenceOfSteel"},{"floor":14.0,"key":"Block Potion"},{"floor":20.0,"key":"Dexterity Potion"},{"floor":24.0,"key":"Explosive Potion"}],"is_trial":false,"path_per_floor":["M","?","M","M","?","R","E","?","T","R","T","M","E","M","R","B",null,"M","?","M","?","?","R","E","R","T","M","M"],"character_chosen":"IRONCLAD","items_purchased":[],"campfire_rested":0,"item_purchase_floors":[],"current_hp_per_floor":[75,75,74,69,69,69,22,48,48,48,48,38,39,45,45,25,80,70,56,56,56,56,56,27,27,27,42,31,0],"gold":1079,"neow_bonus":"ONE_RARE_RELIC","is_prod":false,"is_daily":false,"chose_seed":false,"campfire_upgraded":0,"win_rate":0,"timestamp":1534811830,"path_taken":["M","?","M","M","?","R","E","?","T","R","?","M","E","M","R","BOSS","M","?","M","?","?","R","E","R","T","M","M","E"],"build_version":"2018-08-16","purchased_purges":0,"victory":false,"max_hp_per_floor":[80,80,80,80,80,80,80,80,80,80,80,80,80,80,80,80,80,80,56,56,56,56,56,56,56,56,56,56,56],"card_choices":[{"not_picked":["Pommel Strike","Headbutt","Entrench"],"picked":"SKIP","floor":1.0},{"not_picked":["Burning Pact","Twin Strike","Evolve"],"picked":"SKIP","floor":3.0},{"not_picked":["Ghostly Armor","Warcry","Flame Barrier"],"picked":"SKIP","floor":4.0},{"not_picked":["Clash","Second Wind"],"picked":"Double Tap","floor":7.0},{"not_picked":["Clash","Sentinel"],"picked":"Anger","floor":12.0},{"not_picked":["Armaments","Burning Pact","Dual Wield"],"picked":"SKIP","floor":13.0},{"not_picked":["Heavy Blade","Burning Pact","Intimidate"],"picked":"SKIP","floor":14.0},{"not_picked":["Feed","Bludgeon"],"picked":"Demon Form","floor":16.0},{"not_picked":["Armaments","Whirlwind","Heavy Blade+1"],"picked":"SKIP","floor":18.0},{"not_picked":["True Grit","Cleave","Thunderclap"],"picked":"SKIP","floor":20.0},{"not_picked":["Wild Strike","Clothesline","Rampage"],"picked":"SKIP","floor":24.0},{"not_picked":["Intimidate","Combust","Shrug It Off"],"picked":"SKIP","floor":27},{"not_picked":["Spot Weakness","Shrug It Off","Rampage"],"picked":"SKIP","floor":28}],"player_experience":135786,"relics_obtained":[{"floor":7.0,"key":"MawBank"},{"floor":9.0,"key":"Tiny Chest"},{"floor":11.0,"key":"Red Skull"},{"floor":13.0,"key":"War Paint"},{"floor":24.0,"key":"Anchor"},{"floor":26.0,"key":"Omamori"}],"event_choices":[{"event_name":"WeMeetAgain","player_choice":"Potion","floor":2.0,"damage_taken":0.0},{"event_name":"Liars Game","player_choice":"agreed","floor":5.0,"damage_taken":0.0},{"event_name":"Big Fish","player_choice":"Banana","floor":8.0,"damage_taken":0.0},{"event_name":"Vampires","player_choice":"Became a vampire","floor":19.0,"damage_taken":0.0},{"event_name":"Duplicator","player_choice":"One dupe","floor":21.0,"damage_taken":0.0},{"event_name":"Nest","player_choice":"Stole From Cult","floor":22.0,"damage_taken":0.0}],"is_beta":false,"boss_relics":[{"not_picked":["Lizard Tail","Runic Dome"],"picked":"Pandora\u0027s Box"}],"items_purged_floors":[],"is_endless":false,"potions_floor_spawned":[1,4,7,12,14,20,24],"killed_by":"Gremlin Leader","ascension_level":2}