{"gold_per_floor":[111,186,200,213,388,388,420,437,463,494,15,44,44,57,57,157,157,167,167,167,181,181,212,212,212,237,271,284,284,340,102,102,206,206,224,0,70,70,70,103,103,103,129,156,156,156,182,198,198,298,298,309,24,54,66,30,30,30,55,55,81,108,108,108,58,58,161,161,178,210],"floor_reached":70,"playtime":6034,"items_purged":["Doubt","Creative AI+1"],"score":1346,"play_id":"009c1427-e828-4472-94fc-273eae0c5184","local_time":"20190720220810","daily_mods":["Draft","Time Dilation","Flight","Elite Swarm"],"is_ascension_mode":false,"campfire_choices":[{"data":"Ball Lightning","floor":6.0,"key":"SMITH"},{"data":"Creative AI","floor":13.0,"key":"SMITH"},{"data":"Fission","floor":15.0,"key":"SMITH"},{"data":"Echo Form","floor":24.0,"key":"SMITH"},{"data":"Chaos","floor":25.0,"key":"SMITH"},{"data":"Buffer","floor":29.0,"key":"SMITH"},{"floor":32.0,"key":"REST"},{"floor":41.0,"key":"REST"},{"floor":42.0,"key":"REST"},{"data":"Barrage","floor":45.0,"key":"SMITH"},{"floor":49.0,"key":"REST"},{"data":"Apotheosis","floor":57.0,"key":"SMITH"},{"data":"Electrodynamics","floor":58.0,"key":"SMITH"},{"data":"Echo Form","floor":64.0,"key":"SMITH"},{"data":"Fission","floor":66.0,"key":"SMITH"}],"neow_cost":"","seed_source_timestamp":0,"circlet_count":1,"master_deck":["Glacier","Sweeping Beam+1","Capacitor","Go for the Eyes","Cold Snap+1","Ball Lightning+1","Steam","Steam","Stack","Chaos+1","Conserve Battery+1","Rebound","Fission+1","Machine Learning","Buffer+1","Compile Driver+1","Stack+1","Echo Form+1","Seek","Barrage+1","Seek","Fission+1","Coolheaded+1","Compile Driver+1","Panacea","Dramatic Entrance","Core Surge","Thunder Strike","Apotheosis+1","Electrodynamics+1","Self Repair","Echo Form+1","Echo Form+1","Reboot+1"],"special_seed":0,"relics":["Cracked Core","Potion Belt","Strawberry","Whetstone","Boot","Pear","Gambling Chip","Inserter","Sundial","War Paint","Meat on the Bone","Tiny Chest","Gremlin Horn","Astrolabe","Red Mask","Pantograph","Blue Candle","Bag of Preparation","Bottled Tornado","Mercury Hourglass","Cables","Philosopher\u0027s Stone","Frozen Egg 2","Toxic Egg 2","White Beast Statue","Circlet"],"potions_floor_usage":[],"damage_taken":[{"damage":4.0,"enemies":"Jaw Worm","floor":1.0,"turns":3.0},{"damage":0.0,"enemies":"Small Slimes","floor":3.0,"turns":3.0},{"damage":1.0,"enemies":"2 Louse","floor":4.0,"turns":2.0},{"damage":7.0,"enemies":"Lagavulin","floor":7.0,"turns":5.0},{"damage":1.0,"enemies":"Exordium Wildlife","floor":8.0,"turns":3.0},{"damage":5.0,"enemies":"Gremlin Nob","floor":10.0,"turns":3.0},{"damage":9.0,"enemies":"3 Sentries","floor":12.0,"turns":5.0},{"damage":1.0,"enemies":"Gremlin Gang","floor":14.0,"turns":3.0},{"damage":1.0,"enemies":"Hexaghost","floor":16.0,"turns":9.0},{"damage":12.0,"enemies":"3 Byrds","floor":18.0,"turns":4.0},{"damage":13.0,"enemies":"2 Thieves","floor":21.0,"turns":3.0},{"damage":20.0,"enemies":"Gremlin Leader","floor":23.0,"turns":7.0},{"damage":16.0,"enemies":"Slavers","floor":27.0,"turns":6.0},{"damage":12.0,"enemies":"Snake Plant","floor":28.0,"turns":5.0},{"damage":16.0,"enemies":"Book of Stabbing","floor":30.0,"turns":5.0},{"damage":0.0,"enemies":"Automaton","floor":33.0,"turns":8.0},{"damage":24.0,"enemies":"3 Shapes","floor":35.0,"turns":4.0},{"damage":57.0,"enemies":"Reptomancer","floor":40.0,"turns":7.0},{"damage":1.0,"enemies":"Giant Head","floor":44.0,"turns":10.0},{"damage":19.0,"enemies":"Nemesis","floor":47.0,"turns":9.0},{"damage":1.0,"enemies":"Orb Walker","floor":48.0,"turns":4.0},{"damage":19.0,"enemies":"Time Eater","floor":50.0,"turns":12.0},{"damage":1.0,"enemies":"Jaw Worm","floor":52.0,"turns":3.0},{"damage":8.0,"enemies":"3 Sentries","floor":54.0,"turns":4.0},{"damage":0.0,"enemies":"Cultist","floor":55.0,"turns":2.0},{"damage":27.0,"enemies":"Lagavulin","floor":59.0,"turns":4.0},{"damage":14.0,"enemies":"3 Sentries","floor":61.0,"turns":2.0},{"damage":0.0,"enemies":"Gremlin Nob","floor":62.0,"turns":4.0},{"damage":0.0,"enemies":"Slime Boss","floor":67.0,"turns":4.0},{"damage":17,"enemies":"Shell Parasite","floor":69,"turns":5},{"damage":0,"enemies":"Masked Bandits","floor":70,"turns":3}],"seed_played":"668506081497165157","potions_obtained":[{"floor":1.0,"key":"FearPotion"},{"floor":7.0,"key":"PowerPotion"},{"floor":10.0,"key":"SteroidPotion"},{"floor":16.0,"key":"FearPotion"},{"floor":18.0,"key":"Regen Potion"},{"floor":28.0,"key":"SneckoOil"},{"floor":30.0,"key":"SpeedPotion"},{"floor":33.0,"key":"Energy Potion"},{"floor":44.0,"key":"Strength Potion"},{"floor":47.0,"key":"FearPotion"},{"floor":48.0,"key":"AttackPotion"}],"is_trial":true,"path_per_floor":["M","?","M","M","?","R","E","M","T","E","$","E","R","M","R","B",null,"M","?","?","M","?","E","R","R","T","E","M","R","E","$","R","B",null,"M","?","T","?","?","E","R","R","T","E","R","T","E","M","R","B",null,"M","$","E","M","$","R","R","E","T","E","E","?","R","?","R","B",null,"M","?"],"character_chosen":"DEFECT","items_purchased":["Boot","Pear","Gremlin Horn","Apotheosis","Self Repair"],"campfire_rested":4,"item_purchase_floors":[11,11,31,53,56],"current_hp_per_floor":[71,60,60,59,59,59,52,51,58,53,63,54,54,53,53,52,92,80,80,80,67,67,47,47,47,47,43,43,43,39,39,66,66,92,68,68,68,68,58,13,40,67,67,66,66,66,47,58,85,73,92,91,91,83,83,83,83,83,76,76,62,62,55,55,55,55,92,92,75,75],"gold":210,"neow_bonus":"","is_prod":false,"is_daily":false,"chose_seed":false,"campfire_upgraded":11,"win_rate":0,"timestamp":1563674890,"path_taken":["M","?","M","M","?","R","E","M","T","E","$","E","R","M","R","BOSS","M","?","?","?","?","E","R","R","T","E","?","R","E","$","R","BOSS","M","?","?","?","?","E","R","R","T","E","R","?","E","M","R","BOSS","M","$","?","?","?","R","R","E","T","E","R","?","R","?","R","BOSS","M","?"],"build_version":"2019-07-17","purchased_purges":2,"victory":false,"max_hp_per_floor":[75,75,75,75,75,75,75,75,82,82,92,92,92,92,92,92,92,92,92,92,92,92,92,92,92,92,92,92,92,92,92,92,92,92,92,92,92,92,92,92,92,92,92,92,92,92,92,92,92,92,92,92,92,92,92,92,92,92,92,92,92,92,92,92,92,92,92,92,92,92],"card_choices":[{"not_picked":["Stack","Skim"],"picked":"Glacier","floor":0.0},{"not_picked":["Stack","Skim"],"picked":"Ball Lightning","floor":0.0},{"not_picked":["Static Discharge","Stack"],"picked":"Sweeping Beam","floor":0.0},{"not_picked":["Hologram","Sweeping Beam"],"picked":"Blizzard","floor":0.0},{"not_picked":["Barrage","Rebound"],"picked":"Capacitor","floor":0.0},{"not_picked":["Rip and Tear","Stack"],"picked":"Go for the Eyes","floor":0.0},{"not_picked":["Sunder","Gash"],"picked":"Cold Snap","floor":0.0},{"not_picked":["Reprogram","Stack"],"picked":"Ball Lightning","floor":0.0},{"not_picked":["Go for the Eyes","Redo"],"picked":"Melter","floor":0.0},{"not_picked":["Aggregate","Hologram"],"picked":"Steam","floor":0.0},{"not_picked":["Beam Cell","Rebound"],"picked":"Steam","floor":0.0},{"not_picked":["Rebound","Sweeping Beam"],"picked":"Stack","floor":0.0},{"not_picked":["Hello World","Steam"],"picked":"Chaos","floor":0.0},{"not_picked":["Beam Cell","Fusion"],"picked":"Conserve Battery","floor":0.0},{"not_picked":["Doom and Gloom","Static Discharge"],"picked":"Leap","floor":0.0},{"not_picked":["Scrape","Static Discharge"],"picked":"Rebound","floor":1.0},{"not_picked":["Cold Snap","Fusion","Tempest"],"picked":"SKIP","floor":3.0},{"not_picked":["Blizzard","Rip and Tear"],"picked":"Compile Driver","floor":4.0},{"not_picked":["Core Surge","All For One"],"picked":"Fission","floor":7.0},{"not_picked":["Hologram","Redo"],"picked":"Conserve Battery","floor":8.0},{"not_picked":["Amplify","Hyperbeam"],"picked":"Creative AI","floor":10.0},{"not_picked":["Amplify","Creative AI"],"picked":"Machine Learning","floor":12.0},{"not_picked":["Redo","Turbo","Heatsinks"],"picked":"SKIP","floor":14.0},{"not_picked":["Electrodynamics","Core Surge"],"picked":"Buffer","floor":16.0},{"not_picked":["Leap","Darkness","Go for the Eyes"],"picked":"SKIP","floor":18.0},{"not_picked":["Gash","Hologram"],"picked":"Compile Driver+1","floor":21.0},{"not_picked":["Hyperbeam","Biased Cognition"],"picked":"Echo Form","floor":23.0},{"not_picked":["Machine Learning","Echo Form"],"picked":"Seek","floor":27.0},{"not_picked":["Hologram","Streamline+1"],"picked":"Barrage","floor":28.0},{"not_picked":["All For One","Reboot"],"picked":"Seek","floor":30.0},{"not_picked":["Multi-Cast","Electrodynamics"],"picked":"Fission","floor":33.0},{"not_picked":["Compile Driver+1","FTL+1","Rebound+1"],"picked":"SKIP","floor":35.0},{"not_picked":["Mind Blast","Deep Breath"],"picked":"Panacea","floor":39.0},{"not_picked":["Jack Of All Trades","Dark Shackles"],"picked":"Dramatic Entrance","floor":39.0},{"not_picked":["Meteor Strike","Amplify","Creative AI"],"picked":"SKIP","floor":40.0},{"not_picked":["Buffer","All For One","Rainbow"],"picked":"SKIP","floor":44.0},{"not_picked":["Hyperbeam","Biased Cognition"],"picked":"Core Surge","floor":47.0},{"not_picked":["Fusion","Steam Power","Beam Cell"],"picked":"SKIP","floor":48.0},{"not_picked":["Hyperbeam","Machine Learning"],"picked":"Thunder Strike","floor":50.0},{"not_picked":["Cold Snap","Ball Lightning","Coolheaded"],"picked":"SKIP","floor":52.0},{"not_picked":["Core Surge","Multi-Cast"],"picked":"Electrodynamics","floor":54.0},{"not_picked":["Double Energy","Leap","Turbo"],"picked":"SKIP","floor":55.0},{"not_picked":["Meteor Strike","Machine Learning"],"picked":"Echo Form","floor":59.0},{"not_picked":["Multi-Cast","Meteor Strike","Biased Cognition+1"],"picked":"SKIP","floor":61.0},{"not_picked":["Thunder Strike","Reboot"],"picked":"Echo Form+1","floor":62.0},{"not_picked":["Fission+1","Biased Cognition+1"],"picked":"Reboot+1","floor":67.0},{"not_picked":["Sweeping Beam+1","Cold Snap","Gash+1"],"picked":"SKIP","floor":69}],"player_experience":69341,"relics_obtained":[{"floor":7.0,"key":"Potion Belt"},{"floor":9.0,"key":"Strawberry"},{"floor":10.0,"key":"Whetstone"},{"floor":12.0,"key":"Gambling Chip"},{"floor":23.0,"key":"Sundial"},{"floor":26.0,"key":"War Paint"},{"floor":27.0,"key":"Meat on the Bone"},{"floor":30.0,"key":"Tiny Chest"},{"floor":37.0,"key":"Pantograph"},{"floor":40.0,"key":"Blue Candle"},{"floor":43.0,"key":"Bag of Preparation"},{"floor":44.0,"key":"Bottled Tornado"},{"floor":46.0,"key":"Mercury Hourglass"},{"floor":47.0,"key":"Cables"},{"floor":60.0,"key":"Frozen Egg 2"},{"floor":70,"key":"Circlet"}],"event_choices":[{"damage_healed":0.0,"max_hp_gain":0.0,"max_hp_loss":0.0,"gold_gain":75.0,"event_name":"World of Goop","player_choice":"Gather Gold","floor":2.0,"gold_loss":0.0,"damage_taken":11.0},{"damage_healed":0.0,"max_hp_gain":0.0,"max_hp_loss":0.0,"gold_gain":175.0,"event_name":"Liars Game","player_choice":"AGREE","floor":5.0,"gold_loss":0.0,"damage_taken":0.0,"cards_obtained":["Doubt"]},{"damage_healed":0.0,"max_hp_gain":0.0,"max_hp_loss":0.0,"gold_gain":0.0,"event_name":"Vampires","player_choice":"Ignored","floor":19.0,"gold_loss":0.0,"damage_taken":0.0},{"cards_removed":["Leap"],"damage_healed":0.0,"max_hp_gain":0.0,"max_hp_loss":0.0,"gold_gain":0.0,"event_name":"Purifier","player_choice":"Purged","floor":20.0,"gold_loss":0.0,"damage_taken":0.0},{"damage_healed":0.0,"max_hp_gain":0.0,"max_hp_loss":0.0,"gold_gain":0.0,"cards_transformed":["Blizzard"],"event_name":"Transmorgrifier","player_choice":"Transformed","floor":22.0,"gold_loss":0.0,"damage_taken":0.0,"cards_obtained":["Stack"]},{"damage_healed":0.0,"max_hp_gain":0.0,"max_hp_loss":0.0,"gold_gain":0.0,"event_name":"Tomb of Lord Red Mask","player_choice":"Paid","floor":36.0,"gold_loss":224.0,"damage_taken":0.0,"relics_obtained":["Red Mask"]},{"cards_removed":["Gash"],"damage_healed":0.0,"max_hp_gain":0.0,"max_hp_loss":0.0,"gold_gain":0.0,"event_name":"Falling","player_choice":"Removed Attack","floor":38.0,"gold_loss":0.0,"damage_taken":0.0},{"damage_healed":0.0,"max_hp_gain":0.0,"max_hp_loss":0.0,"gold_gain":0.0,"event_name":"SensoryStone","player_choice":"Memory 3","floor":39.0,"gold_loss":0.0,"damage_taken":10.0},{"damage_healed":0.0,"max_hp_gain":0.0,"max_hp_loss":0.0,"gold_gain":0.0,"event_name":"Scrap Ooze","player_choice":"Success","floor":63.0,"gold_loss":0.0,"damage_taken":7.0,"relics_obtained":["Toxic Egg 2"]},{"cards_removed":["Compile Driver"],"damage_healed":0.0,"max_hp_gain":0.0,"max_hp_loss":0.0,"gold_gain":0.0,"event_name":"The Cleric","player_choice":"Card Removal","floor":65.0,"gold_loss":50.0,"damage_taken":0.0},{"damage_healed":0,"gold_gain":0,"player_choice":"Fought Bandits","damage_taken":0,"max_hp_gain":0,"max_hp_loss":0,"event_name":"Masked Bandits","floor":70,"gold_loss":0}],"is_beta":false,"boss_relics":[{"not_picked":["Sozu","Tiny House"],"picked":"Inserter"},{"not_picked":["White Beast Statue","Snecko Eye"],"picked":"Astrolabe"},{"not_picked":["Velvet Choker","Fusion Hammer"],"picked":"Philosopher\u0027s Stone"},{"not_picked":["Snecko Eye","Runic Dome"],"picked":"White Beast Statue"}],"items_purged_floors":[11,53],"is_endless":true,"potions_floor_spawned":[1,7,10,16,18,28,30,33,44,47,48,52,55,62,67,69,70],"killed_by":"Masked Bandits","ascension_level":0}