{"gold_per_floor":[110,10,10,21,32,32,62,62,62,62,75,89,89,122,122,226,226,238,337,109,109,126,126,157,169,169,8,33,33,0,10,10,115,115,128,143,83,97,97,97,97],"floor_reached":41,"playtime":2327,"items_purged":["Strike_G","Tactician"],"score":439,"play_id":"f80aaa15-1668-4ddf-94b5-af0543afd99a","local_time":"20190806115746","is_ascension_mode":false,"campfire_choices":[{"data":"Neutralize","floor":6,"key":"SMITH"},{"floor":10,"key":"REST"},{"floor":13,"key":"REST"},{"floor":15,"key":"REST"},{"floor":23,"key":"REST"},{"floor":29,"key":"REST"},{"floor":32,"key":"REST"},{"data":"Blade Dance","floor":40,"key":"SMITH"}],"neow_cost":"PERCENT_DAMAGE","seed_source_timestamp":62164701153951,"circlet_count":0,"master_deck":["Defend_G","Defend_G","Defend_G","Defend_G","Defend_G","Survivor","Neutralize+1","All Out Attack","Terror","Infinite Blades","Blade Dance","Blade Dance","Blade Dance+1","PiercingWail","Dash","Burst","Accuracy","Infinite Blades","Well Laid Plans","Prepared","Riddle With Holes"],"relics":["Ring of the Snake","Unceasing Top","The Courier","Bottled Flame","Busted Crown","Shuriken","Ninja Scroll","Membership Card","Frozen Egg 2","Runic Pyramid"],"potions_floor_usage":[14,16,22,24,24,33,41],"damage_taken":[{"damage":0,"enemies":"Small Slimes","floor":1,"turns":4},{"damage":1,"enemies":"Cultist","floor":4,"turns":4},{"damage":0,"enemies":"2 Louse","floor":5,"turns":3},{"damage":21,"enemies":"Lagavulin","floor":7,"turns":6},{"damage":8,"enemies":"Lots of Slimes","floor":11,"turns":4},{"damage":9,"enemies":"Gremlin Gang","floor":12,"turns":6},{"damage":21,"enemies":"Gremlin Nob","floor":14,"turns":4},{"damage":12,"enemies":"Hexaghost","floor":16,"turns":13},{"damage":17,"enemies":"3 Byrds","floor":18,"turns":5},{"damage":21,"enemies":"Spheric Guardian","floor":22,"turns":5},{"damage":8,"enemies":"Book of Stabbing","floor":24,"turns":5},{"damage":15,"enemies":"Snake Plant","floor":25,"turns":4},{"damage":23,"enemies":"Slavers","floor":28,"turns":5},{"damage":1,"enemies":"Shelled Parasite and Fungi","floor":31,"turns":5},{"damage":7,"enemies":"Champ","floor":33,"turns":6},{"damage":0,"enemies":"3 Shapes","floor":35,"turns":2},{"damage":0,"enemies":"Orb Walker","floor":36,"turns":3},{"damage":12,"enemies":"Spire Growth","floor":38,"turns":4},{"damage":67,"enemies":"Reptomancer","floor":41,"turns":3}],"seed_played":"-6607603634436286444","potions_obtained":[{"floor":5,"key":"SneckoOil"},{"floor":12,"key":"Weak Potion"},{"floor":14,"key":"SkillPotion"},{"floor":16,"key":"Weak Potion"},{"floor":22,"key":"AttackPotion"},{"floor":28,"key":"SkillPotion"},{"floor":38,"key":"SpeedPotion"}],"is_trial":false,"path_per_floor":["M","$","?","M","M","R","E","$","T","R","M","M","R","E","R","B",null,"M","?","$","?","M","R","E","M","T","$","E","R","?","M","R","B",null,"M","M","$","M","?","R","E"],"character_chosen":"THE_SILENT","items_purchased":["Infinite Blades","Blade Dance","Accuracy","Infinite Blades","Well Laid Plans","Membership Card","Prepared"],"campfire_rested":6,"item_purchase_floors":[2,2,20,20,20,27,37],"current_hp_per_floor":[49,49,49,48,48,48,27,27,27,48,40,31,52,31,52,40,70,53,53,53,53,32,53,45,30,30,30,7,28,28,27,48,41,70,70,70,70,58,51,51,0],"gold":97,"neow_bonus":"TRANSFORM_TWO_CARDS","is_prod":false,"is_daily":false,"chose_seed":false,"campfire_upgraded":2,"win_rate":0,"timestamp":1565110666,"path_taken":["M","$","?","?","M","R","E","$","T","R","M","?","R","E","R","BOSS","M","?","$","?","?","R","E","?","T","?","E","R","?","M","R","BOSS","M","M","$","M","?","R","E"],"build_version":"2019-07-17","purchased_purges":2,"victory":false,"max_hp_per_floor":[70,70,70,70,70,70,70,70,70,70,70,70,70,70,70,70,70,70,70,70,70,70,70,70,70,70,70,70,70,70,70,70,70,70,70,70,70,70,70,70,70],"card_choices":[{"not_picked":["Backflip","Setup"],"picked":"Terror","floor":1},{"not_picked":["Outmaneuver","Escape Plan"],"picked":"Blade Dance","floor":4},{"not_picked":["Distraction","Acrobatics","Dagger Throw"],"picked":"SKIP","floor":5},{"not_picked":["Finisher","Flechettes"],"picked":"Blade Dance","floor":7},{"not_picked":["Backstab","Bane"],"picked":"PiercingWail","floor":11},{"not_picked":["Dagger Throw","Quick Slash","Slice"],"picked":"SKIP","floor":12},{"not_picked":["Masterful Stab","Flying Knee"],"picked":"Dash","floor":14},{"not_picked":["Corpse Explosion","A Thousand Cuts"],"picked":"Burst","floor":16},{"not_picked":["Prepared"],"picked":"SKIP","floor":18},{"not_picked":["PiercingWail"],"picked":"SKIP","floor":22},{"not_picked":["Prepared"],"picked":"SKIP","floor":24},{"not_picked":["PiercingWail"],"picked":"SKIP","floor":25},{"not_picked":["Prepared"],"picked":"SKIP","floor":28},{"not_picked":["Deflect+1"],"picked":"SKIP","floor":31},{"not_picked":["Dodge and Roll"],"picked":"SKIP","floor":35},{"not_picked":["Bane+1"],"picked":"SKIP","floor":36},{"not_picked":[],"picked":"Riddle With Holes","floor":38}],"player_experience":643682,"relics_obtained":[{"floor":7,"key":"Unceasing Top"},{"floor":9,"key":"The Courier"},{"floor":14,"key":"Bottled Flame"},{"floor":24,"key":"Shuriken"},{"floor":26,"key":"Ninja Scroll"},{"floor":28,"key":"Frozen Egg 2"}],"event_choices":[{"cards_removed":["Strike_G"],"damage_healed":0,"gold_gain":0,"player_choice":"Purged","damage_taken":0,"max_hp_gain":0,"max_hp_loss":0,"event_name":"Purifier","floor":3,"gold_loss":0},{"damage_healed":0,"gold_gain":99,"player_choice":"Stole From Cult","damage_taken":0,"max_hp_gain":0,"max_hp_loss":0,"event_name":"Nest","floor":19,"gold_loss":0},{"cards_removed":["Strike_G"],"damage_healed":0,"gold_gain":0,"player_choice":"Purged","damage_taken":0,"max_hp_gain":0,"max_hp_loss":0,"event_name":"Purifier","floor":21,"gold_loss":0},{"damage_healed":0,"gold_gain":0,"player_choice":"Paid Fearfully","damage_taken":0,"max_hp_gain":0,"max_hp_loss":0,"event_name":"Masked Bandits","floor":30,"gold_loss":33},{"damage_healed":0,"gold_gain":0,"player_choice":"Damaged","damage_taken":7,"max_hp_gain":0,"max_hp_loss":0,"event_name":"Wheel of Change","floor":39,"gold_loss":0}],"is_beta":false,"boss_relics":[{"not_picked":["Snecko Eye","Black Star"],"picked":"Busted Crown"},{"not_picked":["Eternal Feather","Tiny House"],"picked":"Runic Pyramid"}],"items_purged_floors":[20,37],"is_endless":false,"potions_floor_spawned":[5,12,14,16,22,28,38],"killed_by":"Reptomancer","ascension_level":0}