{"gold_per_floor":[114,125,125,300,318,351,351,351],"floor_reached":8,"playtime":176,"items_purged":[],"score":56,"play_id":"95dffbc7-dad3-41ab-890e-d62348c53cb2","local_time":"20181120224230","is_ascension_mode":false,"campfire_choices":[],"neow_cost":"NONE","seed_source_timestamp":40125983184060,"circlet_count":0,"master_deck":["Strike_B","Strike_B","Strike_B","Strike_B","Defend_B","Defend_B","Defend_B","Defend_B","Zap","Dualcast","Streamline","Hologram","Rebound","Cold Snap"],"relics":["Cracked Core","NeowsBlessing","Oddly Smooth Stone"],"potions_floor_usage":[],"damage_taken":[{"damage":0,"enemies":"Small Slimes","floor":1,"turns":1},{"damage":0,"enemies":"2 Louse","floor":2,"turns":1},{"damage":0,"enemies":"Jaw Worm","floor":5,"turns":1},{"damage":52,"enemies":"Lagavulin","floor":6,"turns":7},{"damage":11,"enemies":"Exordium Wildlife","floor":8,"turns":3}],"seed_played":"4891063408080162894","potions_obtained":[{"floor":1,"key":"FearPotion"},{"floor":6,"key":"LiquidBronze"}],"is_trial":false,"path_per_floor":["M","M","?","?","M","E","?","M"],"character_chosen":"DEFECT","items_purchased":[],"campfire_rested":0,"item_purchase_floors":[],"current_hp_per_floor":[75,75,80,80,80,28,28,17],"gold":351,"neow_bonus":"THREE_ENEMY_KILL","is_prod":false,"is_daily":false,"chose_seed":false,"campfire_upgraded":0,"win_rate":0,"timestamp":1542742950,"path_taken":["M","M","?","?","M","E","?","M"],"build_version":"2018-11-15","purchased_purges":0,"victory":false,"max_hp_per_floor":[75,75,80,80,80,80,80,80],"card_choices":[{"not_picked":["Darkness","Barrage"],"picked":"Streamline","floor":1},{"not_picked":["Turbo","Force Field"],"picked":"Hologram","floor":2},{"not_picked":["Beam Cell","Rebound","Redo"],"picked":"SKIP","floor":5},{"not_picked":["Beam Cell","Redo"],"picked":"Rebound","floor":5},{"not_picked":["Rip and Tear","Coolheaded"],"picked":"Cold Snap","floor":6}],"player_experience":531786,"relics_obtained":[{"floor":6,"key":"Oddly Smooth Stone"}],"event_choices":[{"damage_healed":0,"gold_gain":0,"player_choice":"Donut","damage_taken":0,"max_hp_gain":5,"max_hp_loss":0,"event_name":"Big Fish","floor":3,"gold_loss":0},{"damage_healed":0,"gold_gain":175,"player_choice":"AGREE","damage_taken":0,"max_hp_gain":0,"max_hp_loss":0,"event_name":"Liars Game","floor":4,"gold_loss":0,"cards_obtained":["Doubt"]},{"cards_removed":["Doubt"],"damage_healed":0,"gold_gain":0,"player_choice":"Forget","damage_taken":0,"max_hp_gain":0,"max_hp_loss":0,"event_name":"Living Wall","floor":7,"gold_loss":0}],"is_beta":false,"boss_relics":[],"items_purged_floors":[],"is_endless":false,"potions_floor_spawned":[1,6],"killed_by":"Exordium Wildlife","ascension_level":0}