{"gold_per_floor":[19,94,269,269,281,309,326,326,326,355,305,317,66,76,76,179,179,199,199,7,7,21,21,32,32,55,74,94,110,124,159,159,264,264,280,380,380,392,402,402,402,402,402,437,437,437,449,461,461,461],"floor_reached":50,"playtime":2859,"items_purged":[],"score":655,"play_id":"2ff4b4be-eba1-48a4-b025-495193f856d9","local_time":"20181121150236","is_ascension_mode":true,"campfire_choices":[{"data":"Bludgeon","floor":8.0,"key":"SMITH"},{"data":"Rampage","floor":15.0,"key":"SMITH"},{"data":"Body Slam","floor":23.0,"key":"SMITH"},{"data":"Seeing Red","floor":25.0,"key":"SMITH"},{"data":"Uppercut","floor":32.0,"key":"SMITH"},{"data":"Berserk","floor":40.0,"key":"SMITH"},{"data":"Burning Pact","floor":42.0,"key":"SMITH"},{"floor":49.0,"key":"REST"}],"neow_cost":"NO_GOLD","seed_source_timestamp":0,"circlet_count":0,"master_deck":["Strike_R","Strike_R","Defend_R","Defend_R","Defend_R","Bash","Sentinel","Berserk+1","Rampage+1","Bludgeon+1","Seeing Red+1","Impervious","Body Slam+1","Spot Weakness","Regret","Ghostly Armor","Bloodletting","Shrug It Off","Clash","Uppercut+1","Reaper","Sword Boomerang+1","Rupture+1","Burning Pact+1","Intimidate+1","Parasite","Thunderclap+1","Writhe","Clash+1","True Grit+1"],"special_seed":0,"relics":["Burning Blood","Mango","Meat on the Bone","Lantern","Gremlin Horn","Cursed Key","Enchiridion","Red Skull","Centennial Puzzle","Darkstone Periapt","White Beast Statue","Unceasing Top","Mercury Hourglass","Paper Frog","Blue Candle"],"potions_floor_usage":[50,50],"damage_taken":[{"damage":2.0,"enemies":"2 Louse","floor":1.0,"turns":2.0},{"damage":13.0,"enemies":"Jaw Worm","floor":5.0,"turns":5.0},{"damage":47.0,"enemies":"Lagavulin","floor":6.0,"turns":8.0},{"damage":0.0,"enemies":"Small Slimes","floor":7.0,"turns":3.0},{"damage":15.0,"enemies":"3 Sentries","floor":10.0,"turns":6.0},{"damage":0.0,"enemies":"Red Slaver","floor":12.0,"turns":1.0},{"damage":0.0,"enemies":"Large Slime","floor":14.0,"turns":2.0},{"damage":39.0,"enemies":"The Guardian","floor":16.0,"turns":11.0},{"damage":28.0,"enemies":"Shell Parasite","floor":18.0,"turns":4.0},{"damage":0.0,"enemies":"Chosen","floor":22.0,"turns":2.0},{"damage":15.0,"enemies":"Snecko","floor":24.0,"turns":4.0},{"damage":13.0,"enemies":"Centurion and Healer","floor":27.0,"turns":3.0},{"damage":9.0,"enemies":"Snake Plant","floor":28.0,"turns":2.0},{"damage":12.0,"enemies":"Shelled Parasite and Fungi","floor":29.0,"turns":4.0},{"damage":15.0,"enemies":"Sentry and Sphere","floor":30.0,"turns":5.0},{"damage":32.0,"enemies":"Book of Stabbing","floor":31.0,"turns":5.0},{"damage":48.0,"enemies":"Champ","floor":33.0,"turns":8.0},{"damage":23.0,"enemies":"3 Darklings","floor":35.0,"turns":5.0},{"damage":31.0,"enemies":"Mind Bloom Boss Battle","floor":36.0,"turns":4.0},{"damage":12.0,"enemies":"3 Shapes","floor":38.0,"turns":5.0},{"damage":36.0,"enemies":"Spire Growth","floor":39.0,"turns":4.0},{"damage":52.0,"enemies":"Giant Head","floor":44.0,"turns":7.0},{"damage":17.0,"enemies":"Jaw Worm Horde","floor":47.0,"turns":4.0},{"damage":34.0,"enemies":"Maw","floor":48.0,"turns":5.0},{"damage":91,"enemies":"Time Eater","floor":50,"turns":5}],"seed_played":"-692260166466571162","potions_obtained":[{"floor":5.0,"key":"Strength Potion"},{"floor":7.0,"key":"Ancient Potion"},{"floor":10.0,"key":"SpeedPotion"},{"floor":14.0,"key":"SkillPotion"},{"floor":16.0,"key":"SpeedPotion"},{"floor":18.0,"key":"SteroidPotion"},{"floor":30.0,"key":"SneckoOil"},{"floor":31.0,"key":"Weak Potion"},{"floor":35.0,"key":"EssenceOfSteel"},{"floor":36.0,"key":"Explosive Potion"},{"floor":38.0,"key":"Fire Potion"},{"floor":39.0,"key":"Dexterity Potion"},{"floor":44.0,"key":"Dexterity Potion"},{"floor":47.0,"key":"Strength Potion"},{"floor":48.0,"key":"Weak Potion"}],"is_trial":false,"path_per_floor":["M","?","?","?","M","E","M","R","T","E","?","M","$","M","R","B",null,"M","?","$","?","M","R","M","R","T","M","M","M","M","M","E","R","B",null,"M","?","?","M","M","R","?","R","T","E","T","?","M","M","R","B"],"character_chosen":"IRONCLAD","items_purchased":["Gremlin Horn","Red Skull","Spot Weakness"],"campfire_rested":1,"item_purchase_floors":[13,20,20],"current_hp_per_floor":[76,65,65,65,58,31,37,37,37,40,40,58,58,64,64,43,81,59,43,43,43,61,61,64,64,64,57,54,60,63,49,49,19,75,58,51,51,57,39,39,82,82,88,58,64,55,64,55,83,0],"gold":461,"neow_bonus":"REMOVE_TWO","is_prod":false,"is_daily":false,"chose_seed":false,"campfire_upgraded":7,"win_rate":0,"timestamp":1542841356,"path_taken":["M","?","?","?","?","E","M","R","T","E","?","M","$","M","R","BOSS","M","?","$","?","?","R","M","R","T","M","M","M","M","E","R","BOSS","M","?","?","M","M","R","?","R","T","E","?","?","?","M","R","BOSS"],"build_version":"2018-11-15","purchased_purges":0,"victory":false,"max_hp_per_floor":[80,80,80,80,80,94,94,94,94,94,94,94,94,94,94,94,94,94,94,94,94,94,94,94,94,94,94,94,94,94,94,94,94,94,94,94,94,94,94,94,82,82,88,88,94,94,94,94,94,94],"card_choices":[{"not_picked":["Iron Wave","Dual Wield"],"picked":"Sentinel","floor":1.0},{"not_picked":["Thunderclap","Warcry"],"picked":"Rampage","floor":5.0},{"not_picked":["Second Wind","Heavy Blade"],"picked":"Bludgeon","floor":6.0},{"not_picked":["Heavy Blade","Sword Boomerang"],"picked":"Seeing Red","floor":7.0},{"not_picked":["Havoc","Sword Boomerang","Warcry"],"picked":"SKIP","floor":10.0},{"not_picked":["Inflame","Headbutt","Heavy Blade"],"picked":"SKIP","floor":12.0},{"not_picked":["Clothesline","Pommel Strike","Cleave"],"picked":"SKIP","floor":14.0},{"not_picked":["Double Tap","Demon Form"],"picked":"Impervious","floor":16.0},{"not_picked":["Sword Boomerang","Rage"],"picked":"Body Slam","floor":18.0},{"not_picked":["Corruption","Body Slam","Searing Blow"],"picked":"SKIP","floor":22.0},{"not_picked":["Body Slam","Heavy Blade","Clothesline"],"picked":"SKIP","floor":24.0},{"not_picked":["Bloodletting+1","Carnage"],"picked":"Ghostly Armor","floor":27.0},{"not_picked":["Reckless Charge","Heavy Blade"],"picked":"Bloodletting","floor":28.0},{"not_picked":["Headbutt","Twin Strike"],"picked":"Shrug It Off","floor":29.0},{"not_picked":["Clash","Spot Weakness+1","Wild Strike"],"picked":"SKIP","floor":30.0},{"not_picked":["Spot Weakness+1","Wild Strike"],"picked":"Clash","floor":30.0},{"not_picked":["Feel No Pain+1","Pommel Strike"],"picked":"Uppercut","floor":31.0},{"not_picked":["Dark Embrace","Fiend Fire"],"picked":"Reaper","floor":33.0},{"not_picked":["Cleave","Reckless Charge+1"],"picked":"Sword Boomerang+1","floor":35.0},{"not_picked":["Shrug It Off","Headbutt+1"],"picked":"Rupture+1","floor":36.0},{"not_picked":["Armaments","Havoc"],"picked":"Burning Pact","floor":38.0},{"not_picked":["Anger","True Grit"],"picked":"Intimidate+1","floor":39.0},{"not_picked":["Twin Strike","Dark Embrace"],"picked":"Thunderclap+1","floor":44.0},{"not_picked":["Clothesline","Warcry"],"picked":"Clash+1","floor":47.0},{"not_picked":["Warcry+1","Perfected Strike+1"],"picked":"True Grit+1","floor":48.0}],"player_experience":459181,"relics_obtained":[{"floor":6.0,"key":"Mango"},{"floor":9.0,"key":"Meat on the Bone"},{"floor":10.0,"key":"Lantern"},{"floor":19.0,"key":"Enchiridion"},{"floor":26.0,"key":"Centennial Puzzle"},{"floor":31.0,"key":"Darkstone Periapt"},{"floor":36.0,"key":"Unceasing Top"},{"floor":43.0,"key":"Mercury Hourglass"},{"floor":44.0,"key":"Paper Frog"},{"floor":45.0,"key":"Blue Candle"}],"event_choices":[{"damage_healed":0.0,"max_hp_gain":0.0,"max_hp_loss":0.0,"gold_gain":75.0,"event_name":"World of Goop","player_choice":"Gather Gold","floor":2.0,"gold_loss":0.0,"damage_taken":11.0},{"damage_healed":0.0,"max_hp_gain":0.0,"max_hp_loss":0.0,"gold_gain":175.0,"event_name":"Liars Game","player_choice":"AGREE","floor":3.0,"gold_loss":0.0,"damage_taken":0.0,"cards_obtained":["Doubt"]},{"damage_healed":0.0,"max_hp_gain":0.0,"max_hp_loss":0.0,"gold_gain":0.0,"cards_transformed":["Strike_R"],"event_name":"Transmorgrifier","player_choice":"Transformed","floor":4.0,"gold_loss":0.0,"damage_taken":0.0,"cards_obtained":["Berserk"]},{"cards_removed":["Doubt"],"damage_healed":0.0,"max_hp_gain":0.0,"max_hp_loss":0.0,"gold_gain":0.0,"event_name":"The Cleric","player_choice":"Card Removal","floor":11.0,"gold_loss":50.0,"damage_taken":0.0},{"damage_healed":0.0,"max_hp_gain":0.0,"max_hp_loss":0.0,"gold_gain":0.0,"event_name":"Cursed Tome","player_choice":"Obtained Book","floor":19.0,"gold_loss":0.0,"damage_taken":16.0},{"cards_removed":["Strike_R"],"damage_healed":0.0,"max_hp_gain":0.0,"max_hp_loss":0.0,"gold_gain":0.0,"event_name":"Purifier","player_choice":"Purged","floor":21.0,"gold_loss":0.0,"damage_taken":0.0},{"damage_healed":0.0,"max_hp_gain":0.0,"max_hp_loss":0.0,"gold_gain":0.0,"event_name":"MindBloom","player_choice":"Fight","floor":36.0,"gold_loss":0.0,"damage_taken":0.0},{"damage_healed":0.0,"max_hp_gain":0.0,"max_hp_loss":0.0,"gold_gain":0.0,"event_name":"Tomb of Lord Red Mask","player_choice":"Ignored","floor":37.0,"gold_loss":0.0,"damage_taken":0.0},{"damage_healed":82.0,"max_hp_gain":0.0,"max_hp_loss":12.0,"gold_gain":0.0,"event_name":"The Moai Head","player_choice":"Heal","floor":41.0,"gold_loss":0.0,"damage_taken":0.0},{"damage_healed":0.0,"max_hp_gain":0.0,"max_hp_loss":0.0,"gold_gain":0.0,"event_name":"Wheel of Change","player_choice":"Damaged","floor":46.0,"gold_loss":0.0,"damage_taken":9.0}],"is_beta":false,"boss_relics":[{"not_picked":["Ectoplasm","Astrolabe"],"picked":"Cursed Key"},{"not_picked":["Fusion Hammer","Tiny House"],"picked":"White Beast Statue"}],"items_purged_floors":[],"is_endless":false,"potions_floor_spawned":[5,7,10,14,16,18,30,31,35,36,38,39,44,47,48],"killed_by":"Time Eater","ascension_level":6}