{"gold_per_floor":[118,118,136,148,148,183,183,216,216,244,40,56,73,102,102,207,207,225,225,240,240,254,287,386,401,401,401,411,120,120,140,140,235,235,250,97,113,40,58,103,122,151,151,151,179,189,289,323,323,323],"floor_reached":51,"playtime":4744,"items_purged":["Strike_R"],"score":1141,"play_id":"1a0c6862-d476-4c40-9178-9846eacf2a34","local_time":"20190731233610","is_ascension_mode":true,"campfire_choices":[{"floor":7.0,"key":"REST"},{"data":"Seeing Red","floor":15.0,"key":"SMITH"},{"floor":27.0,"key":"REST"},{"floor":32.0,"key":"REST"},{"floor":44.0,"key":"REST"},{"floor":49.0,"key":"REST"}],"neow_cost":"NONE","seed_source_timestamp":30752427725711,"circlet_count":0,"master_deck":["Strike_R","Strike_R","Strike_R","Defend_R","Defend_R","Defend_R","Defend_R","Bash","Anger","Spot Weakness","Demon Form+1","Seeing Red+1","Dramatic Entrance","Flex","Pommel Strike","Dual Wield","Double Tap","Barricade","Ghostly Armor","Entrench+1","Body Slam","Warcry","Whirlwind","Mayhem","Fire Breathing","Shrug It Off","Berserk","Fire Breathing","Rage","Pummel+1","Shockwave+1","Shrug It Off","Headbutt+1","Corruption+1"],"special_seed":0,"relics":["Runic Cube","Bag of Preparation","FossilizedHelix","Self Forming Clay","Mummified Hand","Meat on the Bone","Fusion Hammer","MutagenicStrength","Pocketwatch","Charon\u0027s Ashes","Black Star","Bronze Scales","Bird Faced Urn","Ancient Tea Set","Du-Vu Doll","Ornamental Fan","Happy Flower","Paper Frog","Dream Catcher","Art of War"],"potions_floor_usage":[50],"damage_taken":[{"damage":12.0,"enemies":"Small Slimes","floor":1.0,"turns":4.0},{"damage":7.0,"enemies":"Jaw Worm","floor":3.0,"turns":2.0},{"damage":1.0,"enemies":"Cultist","floor":4.0,"turns":3.0},{"damage":40.0,"enemies":"Lagavulin","floor":6.0,"turns":6.0},{"damage":25.0,"enemies":"3 Sentries","floor":8.0,"turns":6.0},{"damage":20.0,"enemies":"Lagavulin","floor":10.0,"turns":6.0},{"damage":3.0,"enemies":"Blue Slaver","floor":12.0,"turns":3.0},{"damage":0.0,"enemies":"3 Louse","floor":13.0,"turns":3.0},{"damage":0.0,"enemies":"Gremlin Nob","floor":14.0,"turns":3.0},{"damage":25.0,"enemies":"The Guardian","floor":16.0,"turns":9.0},{"damage":0.0,"enemies":"2 Thieves","floor":18.0,"turns":2.0},{"damage":0.0,"enemies":"Spheric Guardian","floor":20.0,"turns":3.0},{"damage":18.0,"enemies":"Snecko","floor":22.0,"turns":4.0},{"damage":20.0,"enemies":"Gremlin Leader","floor":23.0,"turns":4.0},{"damage":17.0,"enemies":"Centurion and Healer","floor":25.0,"turns":4.0},{"damage":6.0,"enemies":"3 Cultists","floor":28.0,"turns":4.0},{"damage":6.0,"enemies":"Shelled Parasite and Fungi","floor":31.0,"turns":5.0},{"damage":32.0,"enemies":"Champ","floor":33.0,"turns":7.0},{"damage":0.0,"enemies":"Orb Walker","floor":35.0,"turns":2.0},{"damage":0.0,"enemies":"3 Shapes","floor":37.0,"turns":4.0},{"damage":50.0,"enemies":"Sphere and 2 Shapes","floor":39.0,"turns":6.0},{"damage":24.0,"enemies":"2 Orb Walkers","floor":40.0,"turns":4.0},{"damage":3.0,"enemies":"Jaw Worm Horde","floor":41.0,"turns":3.0},{"damage":9.0,"enemies":"Reptomancer","floor":42.0,"turns":4.0},{"damage":0.0,"enemies":"Nemesis","floor":45.0,"turns":5.0},{"damage":17.0,"enemies":"3 Darklings","floor":46.0,"turns":3.0},{"damage":9.0,"enemies":"Reptomancer","floor":48.0,"turns":4.0},{"damage":73,"enemies":"Time Eater","floor":50,"turns":8}],"seed_played":"2472249796368244489","potions_obtained":[{"floor":1.0,"key":"BloodPotion"},{"floor":3.0,"key":"EssenceOfSteel"},{"floor":5.0,"key":"Fruit Juice"},{"floor":5.0,"key":"Fire Potion"},{"floor":6.0,"key":"BloodPotion"},{"floor":13.0,"key":"GamblersBrew"},{"floor":14.0,"key":"Swift Potion"},{"floor":16.0,"key":"Swift Potion"},{"floor":22.0,"key":"GamblersBrew"},{"floor":23.0,"key":"FairyPotion"},{"floor":28.0,"key":"SkillPotion"},{"floor":31.0,"key":"Swift Potion"},{"floor":39.0,"key":"Weak Potion"},{"floor":40.0,"key":"EssenceOfSteel"},{"floor":41.0,"key":"EntropicBrew"}],"is_trial":false,"path_per_floor":["M","?","M","M","?","E","R","E","T","E","$","M","M","E","R","B",null,"M","?","M","?","M","E","?","M","T","R","M","$","?","M","R","B",null,"M","$","M","$","M","?","M","E","T","R","E","M","?","E","R","B",null],"character_chosen":"IRONCLAD","items_purchased":["Seeing Red","Dramatic Entrance","Whirlwind","Mayhem","Fire Breathing","Bronze Scales","Rage"],"campfire_rested":5,"item_purchase_floors":[11,11,29,29,29,36,38],"current_hp_per_floor":[60,53,46,45,45,31,56,52,52,32,32,29,29,29,29,16,68,68,68,68,68,50,42,42,37,37,62,56,56,56,50,75,43,75,75,75,75,75,37,25,42,53,53,78,85,70,70,69,85,32],"gold":323,"neow_bonus":"BOSS_RELIC","is_prod":false,"is_daily":false,"chose_seed":false,"campfire_upgraded":1,"win_rate":0,"timestamp":1564641370,"path_taken":["M","?","M","M","?","E","R","E","T","E","$","?","M","E","R","BOSS","M","?","M","?","M","E","?","M","T","R","M","$","?","M","R","BOSS","M","$","M","$","M","?","M","E","T","R","E","M","?","E","R","BOSS"],"build_version":"2019-07-17","purchased_purges":1,"victory":true,"max_hp_per_floor":[80,80,80,80,80,85,85,85,85,85,85,85,85,85,85,85,85,85,85,85,85,85,85,85,85,85,85,85,85,85,85,85,85,85,85,85,85,85,85,85,85,85,85,85,85,85,85,85,85,85],"card_choices":[{"not_picked":["Sever Soul","Cleave"],"picked":"Anger","floor":1.0},{"not_picked":["Clash","Cleave","Body Slam"],"picked":"SKIP","floor":3.0},{"not_picked":["Havoc","Reckless Charge","Headbutt"],"picked":"SKIP","floor":4.0},{"not_picked":["Sentinel","Twin Strike"],"picked":"Spot Weakness","floor":6.0},{"not_picked":["Exhume","Reckless Charge"],"picked":"Demon Form","floor":8.0},{"not_picked":["Perfected Strike","Twin Strike","Iron Wave"],"picked":"SKIP","floor":10.0},{"not_picked":["Pommel Strike","Anger"],"picked":"Flex","floor":12.0},{"not_picked":["Flame Barrier","Sentinel"],"picked":"Pommel Strike","floor":13.0},{"not_picked":["Headbutt","Spot Weakness"],"picked":"Dual Wield","floor":14.0},{"not_picked":["Fiend Fire","Impervious"],"picked":"Double Tap","floor":16.0},{"not_picked":["Combust","Wild Strike","Perfected Strike"],"picked":"SKIP","floor":18.0},{"not_picked":["Flex","Twin Strike","Flame Barrier+1"],"picked":"SKIP","floor":20.0},{"not_picked":["Cleave+1","Feel No Pain"],"picked":"Ghostly Armor","floor":22.0},{"not_picked":["Cleave","Inflame"],"picked":"Entrench+1","floor":23.0},{"not_picked":["Sentinel","Body Slam","Havoc"],"picked":"SKIP","floor":25.0},{"not_picked":["Sentinel","Havoc"],"picked":"Body Slam","floor":25.0},{"not_picked":["Ghostly Armor","Evolve"],"picked":"Warcry","floor":28.0},{"not_picked":["Whirlwind","Spot Weakness"],"picked":"Shrug It Off","floor":31.0},{"not_picked":["Immolate","Barricade"],"picked":"Berserk","floor":33.0},{"not_picked":["Flex+1","Searing Blow"],"picked":"Fire Breathing","floor":35.0},{"not_picked":["Wild Strike+1","Headbutt+1","Twin Strike"],"picked":"SKIP","floor":37.0},{"not_picked":["Wild Strike+1","Thunderclap+1","Havoc"],"picked":"SKIP","floor":39.0},{"not_picked":["Perfected Strike","Pommel Strike+1"],"picked":"Pummel+1","floor":40.0},{"not_picked":["Heavy Blade","Wild Strike+1"],"picked":"Shockwave+1","floor":41.0},{"not_picked":["Perfected Strike","Immolate","Wild Strike"],"picked":"SKIP","floor":42.0},{"not_picked":["Sentinel","Heavy Blade"],"picked":"Shrug It Off","floor":45.0},{"not_picked":["Sword Boomerang","Havoc+1","Clothesline"],"picked":"SKIP","floor":46.0},{"not_picked":["True Grit","Searing Blow+1"],"picked":"Headbutt+1","floor":48.0},{"not_picked":["Thunderclap","Cleave+1"],"picked":"Corruption+1","floor":49.0}],"player_experience":705594,"relics_obtained":[{"floor":6.0,"key":"Bag of Preparation"},{"floor":8.0,"key":"FossilizedHelix"},{"floor":9.0,"key":"Self Forming Clay"},{"floor":10.0,"key":"Mummified Hand"},{"floor":14.0,"key":"Meat on the Bone"},{"floor":23.0,"key":"Pocketwatch"},{"floor":26.0,"key":"Charon\u0027s Ashes"},{"floor":40.0,"key":"Bird Faced Urn"},{"floor":42.0,"key":"Ancient Tea Set"},{"floor":42.0,"key":"Du-Vu Doll"},{"floor":43.0,"key":"Ornamental Fan"},{"floor":45.0,"key":"Happy Flower"},{"floor":45.0,"key":"Paper Frog"},{"floor":48.0,"key":"Dream Catcher"},{"floor":48.0,"key":"Art of War"}],"event_choices":[{"cards_removed":["Strike_R"],"damage_healed":0.0,"max_hp_gain":0.0,"max_hp_loss":0.0,"gold_gain":0.0,"event_name":"Golden Wing","player_choice":"Card Removal","floor":2.0,"gold_loss":0.0,"damage_taken":7.0},{"damage_healed":0.0,"max_hp_gain":0.0,"max_hp_loss":0.0,"gold_gain":0.0,"event_name":"Lab","player_choice":"Got Potions","floor":5.0,"gold_loss":0.0,"damage_taken":0.0},{"damage_healed":0.0,"max_hp_gain":0.0,"max_hp_loss":0.0,"gold_gain":0.0,"event_name":"Drug Dealer","player_choice":"Inject Mutagens","floor":19.0,"gold_loss":0.0,"damage_taken":0.0,"relics_obtained":["MutagenicStrength"]},{"damage_healed":0.0,"max_hp_gain":0.0,"max_hp_loss":0.0,"gold_gain":0.0,"event_name":"The Library","player_choice":"Read","floor":21.0,"gold_loss":0.0,"damage_taken":0.0,"cards_obtained":["Barricade"]},{"damage_healed":0.0,"max_hp_gain":0.0,"max_hp_loss":0.0,"gold_gain":99.0,"event_name":"Nest","player_choice":"Stole From Cult","floor":24.0,"gold_loss":0.0,"damage_taken":0.0},{"damage_healed":0.0,"max_hp_gain":0.0,"max_hp_loss":0.0,"gold_gain":0.0,"event_name":"Upgrade Shrine","player_choice":"Upgraded","floor":30.0,"gold_loss":0.0,"damage_taken":0.0,"cards_upgraded":["Demon Form"]},{"damage_healed":0.0,"max_hp_gain":0.0,"max_hp_loss":0.0,"gold_gain":0.0,"event_name":"Mysterious Sphere","player_choice":"Fight","floor":40.0,"gold_loss":0.0,"damage_taken":0.0},{"damage_healed":0.0,"max_hp_gain":0.0,"max_hp_loss":0.0,"gold_gain":100.0,"event_name":"Golden Shrine","player_choice":"Pray","floor":47.0,"gold_loss":0.0,"damage_taken":0.0}],"is_beta":false,"boss_relics":[{"not_picked":["Ectoplasm","Calling Bell"],"picked":"Fusion Hammer"},{"not_picked":["White Beast Statue","Sozu"],"picked":"Black Star"}],"items_purged_floors":[11],"is_endless":false,"potions_floor_spawned":[1,3,6,13,14,16,22,23,28,31,39,40,41],"ascension_level":9}