{"gold_per_floor":[116,116,136,236,246,246,278,278,323,361,373,385,424,448,460,582,594,621,646,733,36,53,72,5,24,77,109,109,129,129,29,29,129,129,148,148,1,16,16,16,27,46,46,73,83,83,0,26,26,26],"floor_reached":51,"playtime":4500,"items_purged":["Normality","Pain","Pain"],"score":1118,"play_id":"a3cc9ba7-8884-44b3-abbe-62afeea08776","local_time":"20190731185232","is_ascension_mode":true,"campfire_choices":[{"data":"Spot Weakness","floor":6.0,"key":"SMITH"},{"floor":8.0,"key":"REST"},{"data":"Limit Break","floor":15.0,"key":"SMITH"},{"floor":28.0,"key":"REST"},{"data":"Brutality","floor":30.0,"key":"SMITH"},{"floor":32.0,"key":"REST"},{"data":"Corruption","floor":49.0,"key":"SMITH"}],"neow_cost":"NONE","seed_source_timestamp":20663517440374,"circlet_count":0,"master_deck":["Strike_R","Strike_R","Strike_R","Strike_R","Defend_R","Defend_R","Defend_R","Defend_R","Bash","Thunderclap","Spot Weakness+1","Limit Break+1","Ghostly Armor","Shrug It Off+1","Shockwave+1","Brutality+1","Doubt","Flex+1","Whirlwind+1","Panacea+1","Warcry+1","Corruption+1","Clash","Shrug It Off+1","Clash","Anger","Reaper","Second Wind+1","Flex+1","Sever Soul+1","Rupture","Armaments+1","Parasite","Seeing Red+1","Warcry+1"],"special_seed":0,"relics":["Lizard Tail","PreservedInsect","MawBank","Ancient Tea Set","Toxic Egg 2","Calling Bell","Red Skull","Ornamental Fan","Dead Branch","Unceasing Top","Bag of Preparation","Pen Nib","Torii","Runic Pyramid","WarpedTongs","Lantern","Blue Candle","Letter Opener","Red Mask","Centennial Puzzle"],"potions_floor_usage":[],"damage_taken":[{"damage":7.0,"enemies":"2 Louse","floor":1.0,"turns":4.0},{"damage":1.0,"enemies":"Cultist","floor":3.0,"turns":3.0},{"damage":14.0,"enemies":"Small Slimes","floor":5.0,"turns":5.0},{"damage":40.0,"enemies":"Lagavulin","floor":7.0,"turns":6.0},{"damage":20.0,"enemies":"3 Sentries","floor":10.0,"turns":5.0},{"damage":15.0,"enemies":"Gremlin Nob","floor":13.0,"turns":4.0},{"damage":0.0,"enemies":"2 Fungi Beasts","floor":14.0,"turns":4.0},{"damage":5.0,"enemies":"Hexaghost","floor":16.0,"turns":9.0},{"damage":46.0,"enemies":"3 Byrds","floor":18.0,"turns":6.0},{"damage":16.0,"enemies":"2 Thieves","floor":19.0,"turns":4.0},{"damage":25.0,"enemies":"Centurion and Healer","floor":22.0,"turns":3.0},{"damage":28.0,"enemies":"Sentry and Sphere","floor":23.0,"turns":4.0},{"damage":15.0,"enemies":"Chosen and Byrds","floor":25.0,"turns":5.0},{"damage":1.0,"enemies":"Gremlin Leader","floor":27.0,"turns":3.0},{"damage":5.0,"enemies":"3 Cultists","floor":29.0,"turns":3.0},{"damage":20.0,"enemies":"Collector","floor":33.0,"turns":5.0},{"damage":6.0,"enemies":"Orb Walker","floor":35.0,"turns":1.0},{"damage":15.0,"enemies":"3 Darklings","floor":38.0,"turns":2.0},{"damage":9.0,"enemies":"4 Shapes","floor":41.0,"turns":4.0},{"damage":4.0,"enemies":"Spire Growth","floor":42.0,"turns":3.0},{"damage":46.0,"enemies":"Reptomancer","floor":44.0,"turns":5.0},{"damage":10.0,"enemies":"Writhing Mass","floor":45.0,"turns":3.0},{"damage":7.0,"enemies":"Nemesis","floor":48.0,"turns":5.0},{"damage":41,"enemies":"Awakened One","floor":50,"turns":8}],"seed_played":"-9069486717172017531","potions_obtained":[{"floor":10.0,"key":"Poison Potion"},{"floor":14.0,"key":"Swift Potion"},{"floor":16.0,"key":"BloodPotion"},{"floor":18.0,"key":"PowerPotion"},{"floor":22.0,"key":"FearPotion"},{"floor":23.0,"key":"Regen Potion"},{"floor":27.0,"key":"AttackPotion"},{"floor":41.0,"key":"Explosive Potion"},{"floor":42.0,"key":"AttackPotion"},{"floor":45.0,"key":"SpeedPotion"}],"is_trial":false,"path_per_floor":["M","?","M","?","M","R","E","R","T","E","?","?","E","M","R","B",null,"M","M","?","$","M","M","$","M","T","E","R","M","R","$","R","B",null,"M","?","$","M","$","T","M","M","T","E","M","?","?","E","R","B",null],"character_chosen":"IRONCLAD","items_purchased":["Unceasing Top","Panacea+1","Bag of Preparation","Warcry+1","Corruption","Clash","Shrug It Off+1","Flex+1"],"campfire_rested":3,"item_purchase_floors":[21,21,21,21,21,24,24,37],"current_hp_per_floor":[65,58,57,57,43,43,3,27,27,7,33,33,18,18,18,13,63,17,21,13,13,39,11,11,10,10,9,33,28,28,28,52,32,68,77,77,77,62,62,62,61,57,57,29,47,47,47,61,61,39],"gold":26,"neow_bonus":"BOSS_RELIC","is_prod":false,"is_daily":false,"chose_seed":false,"campfire_upgraded":4,"win_rate":0,"timestamp":1564624352,"path_taken":["M","?","M","?","?","R","E","R","T","E","?","?","E","M","R","BOSS","BOSS","M","M","?","$","?","M","$","M","T","E","R","M","R","?","R","BOSS","M","?","$","?","?","?","M","?","T","E","M","?","?","E","R","BOSS"],"build_version":"2019-07-17","purchased_purges":3,"victory":true,"max_hp_per_floor":[80,80,80,80,80,80,80,80,80,80,80,80,80,80,80,80,80,80,80,80,80,80,80,80,80,80,80,80,80,80,80,80,80,80,80,80,80,80,80,80,80,80,80,80,80,80,80,80,80,80],"card_choices":[{"not_picked":["Clash","Pommel Strike"],"picked":"Thunderclap","floor":1.0},{"not_picked":["Cleave","Power Through","Iron Wave"],"picked":"SKIP","floor":3.0},{"not_picked":["Flex","Havoc","Spot Weakness"],"picked":"SKIP","floor":5.0},{"not_picked":["Flex","Havoc"],"picked":"Spot Weakness","floor":5.0},{"not_picked":["Warcry","Corruption"],"picked":"Limit Break","floor":7.0},{"not_picked":["Headbutt","Pommel Strike"],"picked":"Ghostly Armor","floor":10.0},{"not_picked":["Second Wind","Flame Barrier"],"picked":"Shrug It Off","floor":13.0},{"not_picked":["Clothesline","Wild Strike"],"picked":"Shockwave+1","floor":14.0},{"not_picked":["Juggernaut","Fiend Fire"],"picked":"Brutality","floor":16.0},{"not_picked":["Pommel Strike","Hemokinesis"],"picked":"Flex+1","floor":18.0},{"not_picked":["Searing Blow+1","Warcry+1"],"picked":"Whirlwind+1","floor":19.0},{"not_picked":["Rampage","Fire Breathing"],"picked":"Dropkick","floor":22.0},{"not_picked":["Perfected Strike","Searing Blow","Hemokinesis+1"],"picked":"SKIP","floor":23.0},{"not_picked":["Armaments+1","Thunderclap"],"picked":"Clash","floor":25.0},{"not_picked":["Flex+1","Bludgeon","Heavy Blade"],"picked":"SKIP","floor":27.0},{"not_picked":["Clash+1","Blood for Blood"],"picked":"Anger","floor":29.0},{"not_picked":["Exhume+1","Barricade"],"picked":"Reaper","floor":33.0},{"not_picked":["Uppercut","Iron Wave+1"],"picked":"Second Wind+1","floor":35.0},{"not_picked":["Rage+1","Flex+1"],"picked":"Sever Soul+1","floor":38.0},{"not_picked":["Evolve+1","Hemokinesis"],"picked":"Rupture","floor":41.0},{"not_picked":["Sever Soul","Clash","Carnage+1"],"picked":"SKIP","floor":42.0},{"not_picked":["Anger","Twin Strike+1"],"picked":"Armaments+1","floor":44.0},{"not_picked":["Thunderclap","True Grit+1"],"picked":"Seeing Red+1","floor":45.0},{"not_picked":["Inflame+1","Brutality"],"picked":"Warcry+1","floor":48.0}],"player_experience":701094,"relics_obtained":[{"floor":7.0,"key":"PreservedInsect"},{"floor":9.0,"key":"MawBank"},{"floor":10.0,"key":"Ancient Tea Set"},{"floor":13.0,"key":"Toxic Egg 2"},{"floor":17.0,"key":"Red Skull"},{"floor":17.0,"key":"Ornamental Fan"},{"floor":17.0,"key":"Dead Branch"},{"floor":26.0,"key":"Pen Nib"},{"floor":27.0,"key":"Torii"},{"floor":40.0,"key":"Lantern"},{"floor":43.0,"key":"Blue Candle"},{"floor":44.0,"key":"Letter Opener"},{"floor":48.0,"key":"Centennial Puzzle"}],"event_choices":[{"cards_removed":["Strike_R"],"damage_healed":0.0,"max_hp_gain":0.0,"max_hp_loss":0.0,"gold_gain":0.0,"event_name":"Golden Wing","player_choice":"Card Removal","floor":2.0,"gold_loss":0.0,"damage_taken":7.0},{"damage_healed":0.0,"max_hp_gain":0.0,"max_hp_loss":0.0,"gold_gain":100.0,"event_name":"Golden Shrine","player_choice":"Pray","floor":4.0,"gold_loss":0.0,"damage_taken":0.0},{"damage_healed":26.0,"max_hp_gain":0.0,"max_hp_loss":0.0,"gold_gain":0.0,"event_name":"Big Fish","player_choice":"Banana","floor":11.0,"gold_loss":0.0,"damage_taken":0.0},{"damage_healed":0.0,"max_hp_gain":0.0,"max_hp_loss":0.0,"gold_gain":0.0,"event_name":"Liars Game","player_choice":"Ignored","floor":12.0,"gold_loss":0.0,"damage_taken":0.0},{"damage_healed":0.0,"max_hp_gain":0.0,"max_hp_loss":0.0,"gold_gain":75.0,"event_name":"FaceTrader","player_choice":"Touch","floor":20.0,"gold_loss":0.0,"damage_taken":8.0},{"damage_healed":0.0,"max_hp_gain":0.0,"max_hp_loss":0.0,"gold_gain":0.0,"event_name":"Accursed Blacksmith","player_choice":"Rummage","floor":36.0,"gold_loss":0.0,"damage_taken":0.0,"relics_obtained":["WarpedTongs"],"cards_obtained":["Pain"]},{"cards_removed":["Dropkick"],"damage_healed":0.0,"max_hp_gain":0.0,"max_hp_loss":0.0,"gold_gain":0.0,"event_name":"Falling","player_choice":"Removed Attack","floor":46.0,"gold_loss":0.0,"damage_taken":0.0},{"damage_healed":0.0,"max_hp_gain":0.0,"max_hp_loss":0.0,"gold_gain":0.0,"event_name":"Tomb of Lord Red Mask","player_choice":"Paid","floor":47.0,"gold_loss":83.0,"damage_taken":0.0,"relics_obtained":["Red Mask"]}],"is_beta":false,"boss_relics":[{"not_picked":["Orrery","Runic Dome"],"picked":"Calling Bell"},{"not_picked":["Fusion Hammer","Astrolabe"],"picked":"Runic Pyramid"}],"items_purged_floors":[21,31,37],"is_endless":false,"potions_floor_spawned":[10,14,16,18,22,23,27,41,42,45],"ascension_level":8}