{"gold_per_floor":[113,113,188,208,208,234,234,41,121,1,1,12,12,38,38,38],"floor_reached":16,"playtime":425,"items_purged":["Strike_R"],"score":158,"play_id":"6b9458b5-da30-484e-a390-8473a367fab4","local_time":"20190303201653","is_ascension_mode":true,"campfire_choices":[{"floor":7,"key":"REST"},{"data":"True Grit","floor":11,"key":"SMITH"},{"data":"Iron Wave","floor":13,"key":"SMITH"},{"data":"Shockwave","floor":15,"key":"SMITH"}],"neow_cost":"NONE","seed_source_timestamp":28753461970382,"circlet_count":0,"master_deck":["Strike_R","Strike_R","Strike_R","Strike_R+1","Defend_R","Defend_R","Defend_R","Defend_R","Bash","Feed+1","Iron Wave+1","Clothesline","Shockwave+1","True Grit+1","Impervious"],"special_seed":0,"relics":["Burning Blood","PreservedInsect","Oddly Smooth Stone","Strange Spoon","Singing Bowl","Question Card"],"potions_floor_usage":[16,16],"damage_taken":[{"damage":14.0,"enemies":"Small Slimes","floor":1.0,"turns":5.0},{"damage":9.0,"enemies":"Jaw Worm","floor":4.0,"turns":3.0},{"damage":25,"enemies":"3 Sentries","floor":6,"turns":7},{"damage":0,"enemies":"Cultist","floor":12,"turns":3},{"damage":23,"enemies":"Lagavulin","floor":14,"turns":6},{"damage":46,"enemies":"Hexaghost","floor":16,"turns":14}],"seed_played":"5449022935815802757","potions_obtained":[{"floor":6,"key":"SneckoOil"},{"floor":14,"key":"SpeedPotion"}],"is_trial":false,"path_per_floor":["M","?","?","M","?","E","R","$","T","$","R","M","R","E","R","B"],"character_chosen":"IRONCLAD","items_purchased":["Strange Spoon","True Grit"],"campfire_rested":1,"item_purchase_floors":[8,10],"current_hp_per_floor":[75,57,46,46,29,14,41,41,41,41,41,53,53,40,40,0],"gold":38,"neow_bonus":"ONE_RANDOM_RARE_CARD","is_prod":false,"is_daily":false,"chose_seed":false,"campfire_upgraded":3,"win_rate":0,"timestamp":1551633413,"path_taken":["M","?","?","M","?","E","R","$","T","$","R","M","R","E","R","BOSS"],"build_version":"2019-01-23","purchased_purges":1,"victory":false,"max_hp_per_floor":[83,83,83,86,86,90,90,90,90,90,90,96,96,100,100,100],"card_choices":[{"not_picked":["Heavy Blade","Infernal Blade"],"picked":"Iron Wave","floor":1.0},{"not_picked":["Anger","Headbutt"],"picked":"Clothesline","floor":4.0},{"not_picked":["Flex","Sentinel"],"picked":"Shockwave","floor":6},{"not_picked":["Perfected Strike","Cleave","Rampage"],"picked":"Singing Bowl","floor":12},{"not_picked":["Body Slam","Clothesline"],"picked":"Impervious","floor":14}],"player_experience":777663,"relics_obtained":[{"floor":6,"key":"Oddly Smooth Stone"},{"floor":9,"key":"Singing Bowl"},{"floor":14,"key":"Question Card"}],"event_choices":[{"damage_healed":0.0,"max_hp_gain":0.0,"max_hp_loss":0.0,"gold_gain":0.0,"event_name":"Scrap Ooze","player_choice":"Success","floor":2.0,"gold_loss":0.0,"damage_taken":18.0,"relics_obtained":["PreservedInsect"]},{"damage_healed":0.0,"max_hp_gain":0.0,"max_hp_loss":0.0,"gold_gain":75.0,"event_name":"World of Goop","player_choice":"Gather Gold","floor":3.0,"gold_loss":0.0,"damage_taken":11.0},{"damage_healed":0.0,"max_hp_gain":0.0,"max_hp_loss":0.0,"gold_gain":0.0,"event_name":"Shining Light","player_choice":"Entered Light","floor":5.0,"gold_loss":0.0,"damage_taken":17.0,"cards_upgraded":["Feed","Strike_R"]}],"is_beta":false,"boss_relics":[],"items_purged_floors":[10],"is_endless":false,"potions_floor_spawned":[6,14],"killed_by":"Hexaghost","ascension_level":5}