{"gold_per_floor":[211,222,222,297,315,315,348,348,348,348,366,378,378,403,403,505,505,522,534,247,265,165,194,194,213,213,213,246,265,284,300,300,400,400,417,417,61,78,78,78,108,108,108,133,133,144,155,2,2,2],"floor_reached":51,"playtime":2096,"items_purged":["Strike_R","Strike_R","Strike_R"],"score":984,"play_id":"f7383b8d-5739-4093-b054-978d2a12af72","local_time":"20190115144445","is_ascension_mode":true,"campfire_choices":[{"data":"Armaments","floor":6.0,"key":"SMITH"},{"data":"Feed","floor":8.0,"key":"SMITH"},{"floor":10.0,"key":"REST"},{"data":"Seeing Red","floor":15.0,"key":"SMITH"},{"data":"Juggernaut","floor":24.0,"key":"SMITH"},{"floor":27.0,"key":"REST"},{"floor":32,"key":"REST"},{"data":"Demon Form","floor":40,"key":"SMITH"},{"data":"Flame Barrier","floor":42,"key":"SMITH"},{"data":"Battle Trance","floor":45,"key":"SMITH"},{"floor":49,"key":"REST"}],"neow_cost":"NONE","seed_source_timestamp":3476684991911,"circlet_count":0,"master_deck":["Strike_R","Strike_R+1","Defend_R","Defend_R","Defend_R","Defend_R","Bash","Cleave+1","Armaments+1","Iron Wave","Feed+1","Battle Trance+1","Seeing Red+1","Juggernaut+1","Combust+1","Metallicize+1","Ghostly Armor","Disarm+1","Flame Barrier+1","Shockwave+1","Iron Wave+1","Shrug It Off","Demon Form+1"],"special_seed":0,"relics":["Burning Blood","Ornamental Fan","Pear","Dream Catcher","Mango","Velvet Choker","Oddly Smooth Stone","Molten Egg 2","Bottled Tornado","Bottled Lightning","Eternal Feather","Champion Belt","Lantern","The Courier","Bottled Flame","Peace Pipe","Bag of Preparation"],"potions_floor_usage":[33,50,50,50],"damage_taken":[{"damage":0.0,"enemies":"Small Slimes","floor":1.0,"turns":3.0},{"damage":1.0,"enemies":"2 Louse","floor":2.0,"turns":2.0},{"damage":1.0,"enemies":"Cultist","floor":5.0,"turns":3.0},{"damage":25.0,"enemies":"3 Sentries","floor":7.0,"turns":6.0},{"damage":12.0,"enemies":"Red Slaver","floor":11.0,"turns":5.0},{"damage":8.0,"enemies":"Lots of Slimes","floor":12.0,"turns":3.0},{"damage":25.0,"enemies":"Gremlin Nob","floor":14.0,"turns":4.0},{"damage":49.0,"enemies":"Slime Boss","floor":16.0,"turns":11.0},{"damage":22.0,"enemies":"2 Thieves","floor":18.0,"turns":4.0},{"damage":11.0,"enemies":"Chosen","floor":19.0,"turns":4.0},{"damage":16.0,"enemies":"Centurion and Healer","floor":21.0,"turns":5.0},{"damage":27.0,"enemies":"Gremlin Leader","floor":23.0,"turns":8.0},{"damage":3.0,"enemies":"Chosen and Byrds","floor":25.0,"turns":5.0},{"damage":48.0,"enemies":"Slavers","floor":28.0,"turns":4.0},{"damage":8,"enemies":"Cultist and Chosen","floor":29,"turns":6},{"damage":5,"enemies":"Snake Plant","floor":30,"turns":4},{"damage":3,"enemies":"3 Cultists","floor":31,"turns":4},{"damage":55,"enemies":"Champ","floor":33,"turns":10},{"damage":6,"enemies":"Orb Walker","floor":35,"turns":4},{"damage":0,"enemies":"3 Shapes","floor":38,"turns":4},{"damage":66,"enemies":"Nemesis","floor":41,"turns":9},{"damage":31,"enemies":"Giant Head","floor":44,"turns":10},{"damage":26,"enemies":"Writhing Mass","floor":46,"turns":7},{"damage":30,"enemies":"3 Darklings","floor":47,"turns":4},{"damage":69,"enemies":"Awakened One","floor":50,"turns":14}],"seed_played":"-3025536305904000256","potions_obtained":[{"floor":2.0,"key":"Dexterity Potion"},{"floor":11.0,"key":"SneckoOil"},{"floor":21.0,"key":"Poison Potion"},{"floor":25.0,"key":"Swift Potion"},{"floor":31,"key":"Fire Potion"},{"floor":35,"key":"FearPotion"},{"floor":44,"key":"Weak Potion"}],"is_trial":false,"path_per_floor":["M","M","?","?","M","R","E","R","T","R","M","M","?","E","R","B",null,"M","M","$","M","$","E","R","M","T","R","E","M","M","M","R","B",null,"M","T","$","M","$","R","E","R","T","E","R","M","M","$","R","B",null],"character_chosen":"IRONCLAD","items_purchased":["Oddly Smooth Stone","Ghostly Armor","Demon Form","Lantern","Bag of Preparation","Weak Potion"],"campfire_rested":4,"item_purchase_floors":[20,20,37,37,48,48],"current_hp_per_floor":[80,80,64,53,58,58,39,39,49,76,70,72,72,71,71,32,95,83,78,78,72,72,51,51,54,54,91,53,51,52,59,98,53,115,119,119,119,129,129,141,85,97,97,76,88,68,44,44,101,38],"gold":2,"neow_bonus":"HUNDRED_GOLD","is_prod":false,"is_daily":false,"chose_seed":false,"campfire_upgraded":7,"win_rate":0,"timestamp":1547552685,"path_taken":["M","M","?","?","M","R","E","R","T","R","M","M","?","E","R","BOSS","M","?","?","M","$","E","R","M","T","R","E","?","?","?","R","BOSS","M","?","?","M","$","R","E","R","T","E","R","M","?","$","R","BOSS"],"build_version":"2019-01-10","purchased_purges":3,"victory":true,"max_hp_per_floor":[80,80,80,80,80,80,80,80,90,90,90,94,94,112,112,116,116,120,120,120,124,124,124,124,124,124,124,128,128,128,132,132,136,136,140,140,140,144,144,144,148,148,148,152,152,152,152,152,152,152],"card_choices":[{"not_picked":["Havoc","Wild Strike"],"picked":"Cleave","floor":1.0},{"not_picked":["Havoc","Anger"],"picked":"Armaments","floor":2.0},{"not_picked":["True Grit","Entrench"],"picked":"Iron Wave","floor":5.0},{"not_picked":["Heavy Blade","Perfected Strike"],"picked":"Feed","floor":7.0},{"not_picked":["Whirlwind","Clash"],"picked":"Battle Trance","floor":11.0},{"not_picked":["Perfected Strike","Armaments","Havoc"],"picked":"SKIP","floor":12.0},{"not_picked":["Exhume","Shrug It Off"],"picked":"Seeing Red","floor":14.0},{"not_picked":["Berserk","Reaper"],"picked":"Juggernaut","floor":16.0},{"not_picked":["Twin Strike+1","Havoc"],"picked":"Combust+1","floor":18.0},{"not_picked":["Body Slam+1","Clash"],"picked":"Metallicize+1","floor":19.0},{"not_picked":["Anger","Reckless Charge","Dropkick"],"picked":"SKIP","floor":21.0},{"not_picked":["Bloodletting","Uppercut"],"picked":"Disarm+1","floor":23.0},{"not_picked":["Evolve+1","Infernal Blade","Dropkick+1"],"picked":"SKIP","floor":25.0},{"not_picked":["Headbutt+1","Exhume"],"picked":"Flame Barrier","floor":28},{"not_picked":["True Grit","Reckless Charge+1"],"picked":"Shockwave+1","floor":29},{"not_picked":["Havoc","Feel No Pain+1","Rage"],"picked":"SKIP","floor":30},{"not_picked":["Clothesline+1","Flex+1"],"picked":"Iron Wave+1","floor":31},{"not_picked":["Uppercut+1","Sword Boomerang+1"],"picked":"Shrug It Off","floor":35},{"not_picked":["Sentinel","Anger+1","Shrug It Off"],"picked":"SKIP","floor":38},{"not_picked":["Thunderclap+1","Armaments+1","Berserk"],"picked":"SKIP","floor":41},{"not_picked":["Flex","Pommel Strike+1","Thunderclap+1"],"picked":"SKIP","floor":44},{"not_picked":["Power Through+1","Flex+1","Headbutt+1"],"picked":"SKIP","floor":46},{"not_picked":["Pommel Strike+1","Uppercut+1","Entrench+1"],"picked":"SKIP","floor":47}],"player_experience":687695,"relics_obtained":[{"floor":7.0,"key":"Ornamental Fan"},{"floor":9.0,"key":"Pear"},{"floor":14.0,"key":"Mango"},{"floor":23.0,"key":"Molten Egg 2"},{"floor":26.0,"key":"Bottled Tornado"},{"floor":28,"key":"Bottled Lightning"},{"floor":36,"key":"Champion Belt"},{"floor":41,"key":"The Courier"},{"floor":43,"key":"Bottled Flame"},{"floor":44,"key":"Peace Pipe"}],"event_choices":[{"damage_healed":0.0,"max_hp_gain":0.0,"max_hp_loss":0.0,"gold_gain":0.0,"event_name":"Shining Light","player_choice":"Entered Light","floor":3.0,"gold_loss":0.0,"damage_taken":16.0,"cards_upgraded":["Strike_R","Cleave"]},{"damage_healed":0.0,"max_hp_gain":0.0,"max_hp_loss":0.0,"gold_gain":75.0,"event_name":"World of Goop","player_choice":"Gather Gold","floor":4.0,"gold_loss":0.0,"damage_taken":11.0},{"damage_healed":0.0,"max_hp_gain":0.0,"max_hp_loss":0.0,"gold_gain":0.0,"event_name":"WeMeetAgain","player_choice":"Gave Potion","floor":13.0,"gold_loss":0.0,"damage_taken":0.0,"relics_obtained":["Dream Catcher"]}],"is_beta":false,"boss_relics":[{"not_picked":["Snecko Eye","Black Blood"],"picked":"Velvet Choker"},{"not_picked":["Calling Bell","Mark of Pain"],"picked":"Eternal Feather"}],"items_purged_floors":[20,22,37],"is_endless":false,"potions_floor_spawned":[2,11,21,25,29,31,35,44,46,47],"ascension_level":5}