{"gold_per_floor":[367,9,9,9,23,54,65,65,65,80,45,24,24,49,49,49],"floor_reached":16,"playtime":1181,"items_purged":["Parasite"],"score":124,"play_id":"a3867621-f757-45b5-bc53-45b7fbec654d","local_time":"20190722145326","is_ascension_mode":true,"campfire_choices":[{"data":"Footwork","floor":8,"key":"SMITH"},{"data":"Finisher","floor":13,"key":"SMITH"},{"data":"Neutralize","floor":15,"key":"SMITH"}],"neow_cost":"CURSE","seed_source_timestamp":13984516763424,"circlet_count":0,"master_deck":["Strike_G","Strike_G","Strike_G","Strike_G","Defend_G","Defend_G","Defend_G","Defend_G","Defend_G","Survivor","Neutralize+1","Crippling Poison","Footwork+1","Leg Sweep","Slice","All Out Attack","Finisher+1","Endless Agony"],"relics":["Ring of the Snake","Sling","Ninja Scroll","Anchor","Pen Nib"],"potions_floor_usage":[6,14,16],"damage_taken":[{"damage":7,"enemies":"Jaw Worm","floor":1,"turns":6},{"damage":0,"enemies":"2 Louse","floor":5,"turns":3},{"damage":23,"enemies":"3 Sentries","floor":6,"turns":14},{"damage":0,"enemies":"Small Slimes","floor":7,"turns":4},{"damage":0,"enemies":"2 Fungi Beasts","floor":10,"turns":3},{"damage":12,"enemies":"Gremlin Nob","floor":14,"turns":4},{"damage":49,"enemies":"Hexaghost","floor":16,"turns":16}],"seed_played":"3097596274478458716","potions_obtained":[{"floor":1,"key":"Block Potion"},{"floor":6,"key":"FearPotion"},{"floor":7,"key":"Regen Potion"}],"is_trial":false,"path_per_floor":["M","$","?","$","M","E","M","R","T","M","?","?","R","E","R","B"],"character_chosen":"THE_SILENT","items_purchased":["Footwork","Sling"],"campfire_rested":0,"item_purchase_floors":[2,2],"current_hp_per_floor":[63,63,56,56,56,33,33,33,33,33,49,49,49,49,49,0],"gold":49,"neow_bonus":"TWO_FIFTY_GOLD","is_prod":false,"is_daily":false,"chose_seed":false,"campfire_upgraded":3,"win_rate":0,"timestamp":1563800006,"path_taken":["M","$","?","$","M","E","M","R","T","M","?","?","R","E","R","BOSS"],"build_version":"2019-07-17","purchased_purges":1,"victory":false,"max_hp_per_floor":[70,67,67,67,67,67,67,67,67,67,67,67,67,67,67,67],"card_choices":[{"not_picked":["Dodge and Roll","Dagger Throw"],"picked":"Crippling Poison","floor":1},{"not_picked":["Slice","Underhanded Strike"],"picked":"Leg Sweep","floor":5},{"not_picked":["Setup","Prepared"],"picked":"Slice","floor":6},{"not_picked":["All Out Attack","Calculated Gamble","Underhanded Strike"],"picked":"SKIP","floor":7},{"not_picked":["Calculated Gamble","Underhanded Strike"],"picked":"All Out Attack","floor":7},{"not_picked":["Outmaneuver","Acrobatics"],"picked":"Finisher","floor":10},{"not_picked":["Storm of Steel","Tactician"],"picked":"Endless Agony","floor":14}],"player_experience":556428,"relics_obtained":[{"floor":6,"key":"Ninja Scroll"},{"floor":9,"key":"Anchor"},{"floor":14,"key":"Pen Nib"}],"event_choices":[{"cards_removed":["Strike_G"],"damage_healed":0,"gold_gain":0,"player_choice":"Card Removal","damage_taken":7,"max_hp_gain":0,"max_hp_loss":0,"event_name":"Golden Wing","floor":3,"gold_loss":0},{"damage_healed":16,"gold_gain":0,"player_choice":"Healed","damage_taken":0,"max_hp_gain":0,"max_hp_loss":0,"event_name":"The Cleric","floor":11,"gold_loss":35},{"damage_healed":0,"gold_gain":0,"player_choice":"Left Gold","damage_taken":0,"max_hp_gain":0,"max_hp_loss":0,"event_name":"World of Goop","floor":12,"gold_loss":21}],"is_beta":false,"boss_relics":[],"items_purged_floors":[2],"is_endless":false,"potions_floor_spawned":[1,6,7],"killed_by":"Hexaghost","ascension_level":3}