{"gold_per_floor":[363,19,94,94,114,114,142,142,142,142,142,142,158,158,158,258,258,278,278,310,310,310,310,340,340,393,403,454,49,49,78,78,176,176,190,290,290,34,49,49,83,134,134,150,150],"floor_reached":45,"playtime":2212,"items_purged":["Writhe","Writhe"],"score":687,"play_id":"f43ab826-eee1-4664-8b8a-06f4a28472c1","local_time":"20181120204125","is_ascension_mode":true,"campfire_choices":[{"data":"Carnage","floor":6.0,"key":"SMITH"},{"data":"Double Tap","floor":8.0,"key":"SMITH"},{"data":"Bash","floor":12.0,"key":"SMITH"},{"data":"Warcry","floor":15.0,"key":"SMITH"},{"data":"Whirlwind","floor":23.0,"key":"SMITH"},{"data":"Carnage","floor":25.0,"key":"SMITH"},{"data":"Shrug It Off","floor":32.0,"key":"SMITH"}],"neow_cost":"CURSE","seed_source_timestamp":64916169477849,"circlet_count":0,"master_deck":["Defend_R","Defend_R+1","Defend_R","Defend_R","Bash+1","Reckless Charge","Thunderclap","Carnage+1","Double Tap+1","Impatience+1","True Grit","Warcry+1","Reaper+1","Carnage+1","Intimidate+1","Whirlwind+1","Clash+1","Flame Barrier+1","Fire Breathing+1","Shrug It Off+1","Bite","Bite","Bite","Bite","Bite","Inflame+1","Juggernaut+1","Second Wind+1","Madness","Madness","Demon Form+1","Armaments+1"],"special_seed":0,"relics":["Burning Blood","Frozen Egg 2","Juzu Bracelet","Pear","Coffee Dripper","Red Mask","Gremlin Horn","Ancient Tea Set","Omamori","PreservedInsect","Orichalcum","War Paint","Calling Bell","Oddly Smooth Stone","Singing Bowl","Torii","Thread and Needle","Boot","Vajra","Question Card","Bird Faced Urn","Bottled Flame"],"potions_floor_usage":[],"damage_taken":[{"damage":5.0,"enemies":"Small Slimes","floor":1.0,"turns":4.0},{"damage":0.0,"enemies":"2 Louse","floor":5.0,"turns":2.0},{"damage":16.0,"enemies":"Gremlin Nob","floor":7.0,"turns":3.0},{"damage":0.0,"enemies":"Cultist","floor":13.0,"turns":2.0},{"damage":50.0,"enemies":"The Guardian","floor":16.0,"turns":13.0},{"damage":5.0,"enemies":"Chosen","floor":18.0,"turns":3.0},{"damage":7.0,"enemies":"Masked Bandits","floor":20.0,"turns":3.0},{"damage":57.0,"enemies":"Book of Stabbing","floor":24.0,"turns":5.0},{"damage":0.0,"enemies":"3 Byrds","floor":27.0,"turns":3.0},{"damage":6.0,"enemies":"Gremlin Leader","floor":31.0,"turns":3.0},{"damage":45.0,"enemies":"Automaton","floor":33.0,"turns":8.0},{"damage":6.0,"enemies":"Orb Walker","floor":35.0,"turns":3.0},{"damage":8.0,"enemies":"Mind Bloom Boss Battle","floor":36.0,"turns":6.0},{"damage":21.0,"enemies":"3 Darklings","floor":39.0,"turns":4.0},{"damage":39.0,"enemies":"Nemesis","floor":41.0,"turns":5.0},{"damage":36.0,"enemies":"2 Orb Walkers","floor":42.0,"turns":4.0},{"damage":28.0,"enemies":"Maw","floor":44.0,"turns":7.0},{"damage":55,"enemies":"Writhing Mass","floor":45,"turns":4}],"seed_played":"-5017963198316883677","potions_obtained":[{"floor":5.0,"key":"Explosive Potion"},{"floor":16.0,"key":"AttackPotion"},{"floor":18.0,"key":"SmokeBomb"},{"floor":24.0,"key":"Weak Potion"},{"floor":27.0,"key":"Explosive Potion"},{"floor":31.0,"key":"BloodPotion"},{"floor":36.0,"key":"Ancient Potion"},{"floor":41.0,"key":"FairyPotion"}],"is_trial":false,"path_per_floor":["M","$","?","?","M","R","E","R","T","?","?","R","M","?","R","B",null,"M","?","?","?","?","R","E","R","T","M","T","$","?","E","R","B",null,"M","?","T","$","M","?","E","?","T","M","M","M"],"character_chosen":"IRONCLAD","items_purchased":["Frozen Egg 2","Thunderclap","PreservedInsect","Orichalcum","Fire Breathing+1","Shrug It Off","Vajra"],"campfire_rested":0,"item_purchase_floors":[2,2,29,29,29,29,38],"current_hp_per_floor":[73,73,62,46,52,52,42,42,52,45,45,45,51,51,51,7,69,72,54,57,57,57,57,20,20,20,34,34,34,34,40,40,39,59,68,68,68,68,57,48,37,13,13,15,0],"gold":150,"neow_bonus":"TWO_FIFTY_GOLD","is_prod":false,"is_daily":false,"chose_seed":false,"campfire_upgraded":7,"win_rate":0,"timestamp":1542775285,"path_taken":["M","$","?","?","M","R","E","R","T","?","?","R","M","?","R","BOSS","M","?","?","?","?","R","E","R","T","M","?","$","?","E","R","BOSS","M","?","?","$","M","?","E","?","T","M","M"],"build_version":"2018-11-15","purchased_purges":2,"victory":false,"max_hp_per_floor":[80,80,80,80,80,80,80,80,90,90,90,90,90,90,90,90,90,90,95,95,95,95,95,95,95,95,95,95,95,66,66,66,66,66,68,68,68,68,70,70,70,70,70,72,72],"card_choices":[{"not_picked":["Perfected Strike","True Grit"],"picked":"Reckless Charge","floor":1.0},{"not_picked":["True Grit","Pommel Strike"],"picked":"Carnage","floor":5.0},{"not_picked":["Pommel Strike","Heavy Blade"],"picked":"Double Tap","floor":7.0},{"not_picked":["Perfected Strike","Cleave"],"picked":"True Grit","floor":13.0},{"not_picked":["Dark Embrace+1","Demon Form+1"],"picked":"Reaper","floor":16.0},{"not_picked":["Clothesline","Wild Strike+1"],"picked":"Carnage","floor":18.0},{"not_picked":["Wild Strike","Second Wind"],"picked":"Intimidate+1","floor":20.0},{"not_picked":["Cleave","Wild Strike"],"picked":"Clash+1","floor":24.0},{"not_picked":["Perfected Strike","Clash"],"picked":"Flame Barrier+1","floor":27.0},{"not_picked":["Anger","Dropkick"],"picked":"Inflame+1","floor":31.0},{"not_picked":["Double Tap","Berserk+1"],"picked":"Juggernaut+1","floor":33.0},{"not_picked":["Flex","Inflame+1","Feel No Pain+1"],"picked":"Singing Bowl","floor":35.0},{"not_picked":["Whirlwind+1","Sword Boomerang+1"],"picked":"Second Wind+1","floor":36.0},{"not_picked":["Headbutt","Iron Wave+1","True Grit"],"picked":"Singing Bowl","floor":39.0},{"not_picked":["Reckless Charge","Headbutt"],"picked":"Demon Form+1","floor":41.0},{"not_picked":["Cleave","Pommel Strike+1","Thunderclap+1"],"picked":"Armaments+1","floor":42.0},{"not_picked":["Twin Strike","Wild Strike","Perfected Strike","Armaments"],"picked":"Singing Bowl","floor":44.0}],"player_experience":456969,"relics_obtained":[{"floor":7.0,"key":"Juzu Bracelet"},{"floor":9.0,"key":"Pear"},{"floor":20.0,"key":"Red Mask"},{"floor":24.0,"key":"Gremlin Horn"},{"floor":26.0,"key":"Ancient Tea Set"},{"floor":28.0,"key":"Omamori"},{"floor":31.0,"key":"War Paint"},{"floor":34.0,"key":"Oddly Smooth Stone"},{"floor":34.0,"key":"Singing Bowl"},{"floor":34.0,"key":"Torii"},{"floor":36.0,"key":"Thread and Needle"},{"floor":37.0,"key":"Boot"},{"floor":41.0,"key":"Question Card"},{"floor":42.0,"key":"Bird Faced Urn"},{"floor":43.0,"key":"Bottled Flame"}],"event_choices":[{"damage_healed":0.0,"max_hp_gain":0.0,"max_hp_loss":0.0,"gold_gain":75.0,"event_name":"World of Goop","player_choice":"Gather Gold","floor":3.0,"gold_loss":0.0,"damage_taken":11.0},{"damage_healed":0.0,"max_hp_gain":0.0,"max_hp_loss":0.0,"gold_gain":0.0,"event_name":"Shining Light","player_choice":"Entered Light","floor":4.0,"gold_loss":0.0,"damage_taken":16.0,"cards_upgraded":["Strike_R","Strike_R"]},{"cards_removed":["Strike_R"],"damage_healed":0.0,"max_hp_gain":0.0,"max_hp_loss":0.0,"gold_gain":0.0,"event_name":"Golden Wing","player_choice":"Card Removal","floor":10.0,"gold_loss":0.0,"damage_taken":7.0},{"damage_healed":0.0,"max_hp_gain":0.0,"max_hp_loss":0.0,"gold_gain":0.0,"event_name":"Match and Keep!","player_choice":"1 cards matched","floor":11.0,"gold_loss":0.0,"damage_taken":0.0,"cards_obtained":["Impatience"]},{"damage_healed":0.0,"max_hp_gain":0.0,"max_hp_loss":0.0,"gold_gain":0.0,"cards_transformed":["Strike_R"],"event_name":"Living Wall","player_choice":"Change","floor":14.0,"gold_loss":0.0,"damage_taken":0.0,"cards_obtained":["Warcry"]},{"damage_healed":0.0,"max_hp_gain":5.0,"max_hp_loss":0.0,"gold_gain":0.0,"event_name":"Forgotten Altar","player_choice":"Shed Blood","floor":19.0,"gold_loss":0.0,"damage_taken":23.0},{"damage_healed":0.0,"max_hp_gain":0.0,"max_hp_loss":0.0,"gold_gain":0.0,"event_name":"Masked Bandits","player_choice":"Fought Bandits","floor":20.0,"gold_loss":0.0,"damage_taken":0.0},{"damage_healed":0.0,"max_hp_gain":0.0,"max_hp_loss":0.0,"gold_gain":0.0,"event_name":"Accursed Blacksmith","player_choice":"Forge","floor":21.0,"gold_loss":0.0,"damage_taken":0.0,"cards_upgraded":["Reaper"]},{"damage_healed":0.0,"max_hp_gain":0.0,"max_hp_loss":0.0,"gold_gain":0.0,"event_name":"The Library","player_choice":"Read","floor":22.0,"gold_loss":0.0,"damage_taken":0.0,"cards_obtained":["Whirlwind"]},{"damage_healed":0.0,"max_hp_gain":0.0,"max_hp_loss":29.0,"gold_gain":0.0,"event_name":"Vampires","player_choice":"Became a vampire","floor":30.0,"gold_loss":0.0,"damage_taken":0.0,"cards_obtained":["Bite","Bite","Bite","Bite","Bite"]},{"damage_healed":0.0,"max_hp_gain":0.0,"max_hp_loss":0.0,"gold_gain":0.0,"event_name":"MindBloom","player_choice":"Fight","floor":36.0,"gold_loss":0.0,"damage_taken":0.0},{"damage_healed":0.0,"max_hp_gain":0.0,"max_hp_loss":0.0,"gold_gain":0.0,"event_name":"Winding Halls","player_choice":"Embrace Madness","floor":40.0,"gold_loss":0.0,"damage_taken":9.0,"cards_obtained":["Madness","Madness"]},{"damage_healed":0.0,"max_hp_gain":0.0,"max_hp_loss":0.0,"gold_gain":0.0,"event_name":"Mysterious Sphere","player_choice":"Fight","floor":42.0,"gold_loss":0.0,"damage_taken":0.0}],"is_beta":false,"boss_relics":[{"not_picked":["Empty Cage","Sozu"],"picked":"Coffee Dripper"},{"not_picked":["Orrery","Black Blood"],"picked":"Calling Bell"}],"items_purged_floors":[2,38],"is_endless":false,"potions_floor_spawned":[5,16,18,24,27,31,36,41],"killed_by":"Writhing Mass","ascension_level":6}