{"gold_per_floor":[111,127,147,160,160,160,194,194,194,194,212,212,228,228,228,331,331,286,286,286,286,286,286,286,286,286,286,286,286,286,83,83,83,83,83,83,83,83,0,0,0,0,0,0,0,0,0,0,0,0],"floor_reached":51,"playtime":1876,"items_purged":["Writhe"],"score":1186,"play_id":"2d3a1955-812f-430e-b1dd-6a91ca14a3b1","local_time":"20180802154153","is_ascension_mode":true,"campfire_choices":[{"data":"Body Slam","floor":6.0,"key":"SMITH"},{"data":"Flame Barrier","floor":8.0,"key":"SMITH"},{"data":"Flex","floor":10.0,"key":"SMITH"},{"data":"Bash","floor":12.0,"key":"SMITH"},{"data":"Impervious","floor":15.0,"key":"SMITH"},{"data":"Body Slam","floor":23.0,"key":"SMITH"},{"data":"Impervious","floor":27.0,"key":"SMITH"},{"data":"Defend_R","floor":29.0,"key":"SMITH"},{"data":"Shrug It Off","floor":32.0,"key":"SMITH"},{"floor":40.0,"key":"REST"},{"data":"Demon Form","floor":42.0,"key":"SMITH"},{"data":"Defend_R","floor":45.0,"key":"PURGE"},{"data":"Defend_R","floor":49,"key":"PURGE"}],"neow_cost":"NONE","seed_source_timestamp":3632399693914,"circlet_count":0,"master_deck":["Defend_R+1","Bash+1","AscendersBane","Body Slam+1","Flex+1","Pommel Strike+1","Impervious+1","Flame Barrier+1","Impervious+1","Body Slam+1","Battle Trance","Shrug It Off+1","Demon Form+1","Thunderclap+1","Twin Strike+1","Feed+1","Impervious","Sword Boomerang+1","Body Slam+1"],"special_seed":0,"relics":["Burning Blood","Pantograph","Singing Bowl","Ectoplasm","Blue Candle","Molten Egg 2","Turnip","Peace Pipe","Astrolabe","Red Mask","Mercury Hourglass","Lantern","Question Card"],"potions_floor_usage":[50],"damage_taken":[{"damage":1.0,"enemies":"Cultist","floor":1.0,"turns":4.0},{"damage":4.0,"enemies":"Jaw Worm","floor":2.0,"turns":4.0},{"damage":5.0,"enemies":"2 Louse","floor":3.0,"turns":4.0},{"damage":12.0,"enemies":"Looter","floor":4.0,"turns":3.0},{"damage":17.0,"enemies":"3 Sentries","floor":7.0,"turns":9.0},{"damage":8.0,"enemies":"Exordium Thugs","floor":11.0,"turns":6.0},{"damage":0.0,"enemies":"2 Fungi Beasts","floor":13.0,"turns":3.0},{"damage":52.0,"enemies":"The Guardian","floor":16.0,"turns":9.0},{"damage":2.0,"enemies":"2 Thieves","floor":18.0,"turns":3.0},{"damage":0.0,"enemies":"Spheric Guardian","floor":20.0,"turns":5.0},{"damage":3.0,"enemies":"Snake Plant","floor":22.0,"turns":3.0},{"damage":7.0,"enemies":"Chosen and Byrds","floor":24.0,"turns":3.0},{"damage":0.0,"enemies":"Snecko","floor":28.0,"turns":4.0},{"damage":32.0,"enemies":"Book of Stabbing","floor":30.0,"turns":6.0},{"damage":85.0,"enemies":"Champ","floor":33.0,"turns":13.0},{"damage":25.0,"enemies":"3 Darklings","floor":35.0,"turns":6.0},{"damage":10.0,"enemies":"Flame Bruiser 1 Orb","floor":36.0,"turns":5.0},{"damage":29.0,"enemies":"Spire Growth","floor":37.0,"turns":5.0},{"damage":0.0,"enemies":"Transient","floor":38.0,"turns":5.0},{"damage":14.0,"enemies":"Nemesis","floor":41.0,"turns":7.0},{"damage":21.0,"enemies":"Giant Head","floor":46.0,"turns":7.0},{"damage":10.0,"enemies":"Flame Bruiser 2 Orb","floor":47.0,"turns":4.0},{"damage":0.0,"enemies":"Maw","floor":48.0,"turns":6.0},{"damage":36,"enemies":"Time Eater","floor":50,"turns":8}],"seed_played":"-6201635546091348323","potions_obtained":[{"floor":2.0,"key":"BloodPotion"},{"floor":7.0,"key":"AttackPotion"},{"floor":13.0,"key":"Block Potion"},{"floor":36.0,"key":"FearPotion"}],"is_trial":false,"path_per_floor":["M","M","M","M","?","R","E","R","T","R","M","R","M","?","R","B",null,"M","?","M","?","M","R","M","T","T","R","M","R","E","$","R","B",null,"M","M","M","M","?","R","E","R","T","$","R","E","M","M","R","B"],"character_chosen":"IRONCLAD","items_purchased":["Battle Trance","Shrug It Off"],"campfire_rested":1,"item_purchase_floors":[31,31],"current_hp_per_floor":[77,79,80,74,67,67,56,56,56,56,56,56,64,64,64,38,73,79,79,85,85,88,88,89,89,89,89,92,92,68,68,68,14,74,57,64,47,53,53,84,78,78,78,78,78,65,61,71,71,70],"gold":0,"neow_bonus":"REMOVE_CARD","is_prod":false,"is_daily":false,"chose_seed":false,"campfire_upgraded":10,"win_rate":0,"timestamp":1533213713,"path_taken":["M","M","M","?","?","R","E","R","T","R","M","R","M","?","R","BOSS","M","?","M","?","M","R","M","?","T","R","M","R","E","$","R","BOSS","M","M","M","M","?","R","E","R","T","$","R","E","M","M","R","BOSS"],"build_version":"2018-07-26","purchased_purges":1,"victory":true,"max_hp_per_floor":[80,80,80,80,80,80,80,80,80,80,82,82,84,84,84,84,84,86,86,86,86,88,88,90,90,90,90,92,92,94,94,94,94,94,96,98,104,104,104,104,106,106,106,106,106,108,108,112,112,116],"card_choices":[{"not_picked":["Armaments","Headbutt"],"picked":"Body Slam","floor":1.0},{"not_picked":["Body Slam","Uppercut"],"picked":"Flex","floor":2.0},{"not_picked":["Anger","Infernal Blade"],"picked":"Pommel Strike","floor":3.0},{"not_picked":["Pommel Strike","Hemokinesis"],"picked":"Impervious","floor":4.0},{"not_picked":["Inflame","Rage"],"picked":"Flame Barrier","floor":7.0},{"not_picked":["True Grit","Body Slam","Anger"],"picked":"Singing Bowl","floor":11.0},{"not_picked":["Power Through","Ghostly Armor","Sever Soul"],"picked":"Singing Bowl","floor":13.0},{"not_picked":["Dark Embrace","Exhume"],"picked":"Impervious","floor":16.0},{"not_picked":["Hemokinesis","Corruption","Evolve"],"picked":"Singing Bowl","floor":18.0},{"not_picked":["Headbutt","Burning Pact"],"picked":"Body Slam","floor":20.0},{"not_picked":["Headbutt","Disarm+1","Uppercut"],"picked":"Singing Bowl","floor":22.0},{"not_picked":["Evolve","Ghostly Armor","Combust"],"picked":"Singing Bowl","floor":24.0},{"not_picked":["Thunderclap+1","Feel No Pain","Warcry"],"picked":"Singing Bowl","floor":28.0},{"not_picked":["Wild Strike+1","Havoc","Burning Pact"],"picked":"Singing Bowl","floor":30.0},{"not_picked":["Immolate+1","Berserk"],"picked":"Demon Form","floor":33.0},{"not_picked":["Rampage+1","Cleave+1","Warcry"],"picked":"Singing Bowl","floor":35.0},{"not_picked":["Reckless Charge+1","Clothesline+1","Sever Soul+1"],"picked":"Singing Bowl","floor":36.0},{"not_picked":["Clothesline+1","Second Wind","True Grit+1"],"picked":"Singing Bowl","floor":37.0},{"not_picked":["Iron Wave+1","Dropkick+1"],"picked":"Impervious","floor":38.0},{"not_picked":["Carnage+1","Sword Boomerang+1","Armaments"],"picked":"Singing Bowl","floor":41.0},{"not_picked":["Spot Weakness","Fire Breathing","Ghostly Armor+1"],"picked":"Singing Bowl","floor":46.0},{"not_picked":["Inflame","Flex","Carnage+1"],"picked":"Sword Boomerang+1","floor":47.0},{"not_picked":["Headbutt+1","Perfected Strike+1","Thunderclap+1"],"picked":"Body Slam+1","floor":48.0}],"player_experience":392859,"relics_obtained":[{"floor":7.0,"key":"Pantograph"},{"floor":9.0,"key":"Singing Bowl"},{"floor":25.0,"key":"Molten Egg 2"},{"floor":26.0,"key":"Turnip"},{"floor":30.0,"key":"Peace Pipe"},{"floor":41.0,"key":"Mercury Hourglass"},{"floor":43.0,"key":"Lantern"},{"floor":46.0,"key":"Question Card"}],"event_choices":[{"event_name":"Golden Wing","player_choice":"Card Removal","floor":5.0,"damage_taken":0.0},{"event_name":"Living Wall","player_choice":"Grow","floor":14.0,"damage_taken":0.0},{"event_name":"Purifier","player_choice":"One Purge","floor":19.0,"damage_taken":0.0},{"event_name":"The Mausoleum","player_choice":"Yes","floor":21.0,"damage_taken":0.0},{"event_name":"Tomb of Lord Red Mask","player_choice":"Paid","floor":39.0,"damage_taken":0.0}],"is_beta":false,"boss_relics":[{"not_picked":["Eternal Feather","Mark of Pain"],"picked":"Ectoplasm"},{"not_picked":["Coffee Dripper","Tiny House"],"picked":"Astrolabe"}],"items_purged_floors":[31],"is_endless":false,"potions_floor_spawned":[2,7,13,16,22,24,28,36,37,38,41],"ascension_level":12}