{"gold_per_floor":[110,130,146,116,128,162,178,204,255,220,235,235,235,248,248,352,352,364,364,383,383,298,40,66,66],"floor_reached":25,"playtime":1042,"items_purged":[],"score":281,"play_id":"ea8309ad-4748-4114-99b9-bba475cce5fe","local_time":"20180826174245","is_ascension_mode":true,"campfire_choices":[{"floor":15.0,"key":"REST"}],"neow_cost":"","seed_source_timestamp":0,"circlet_count":0,"master_deck":["Zap","Dualcast","Defragment","Go for the Eyes","Loop","Static Discharge","Conserve Battery","White Noise","Storm+1","Chaos","Electrodynamics+1","Thunder Strike","Ball Lightning","Turbo","Gash","Steam","Go for the Eyes","Sweeping Beam","Turbo","Rebound","Rebound+1","Bite","Bite","Bite","Bite","Bite","Beam Cell","Writhe","Static Discharge+1","Genetic Algorithm"],"special_seed":0,"relics":["Cracked Core","Ginger","Frozen Egg 2","Pen Nib","Ornamental Fan","Pandora\u0027s Box","Ancient Tea Set","Letter Opener","DataDisk","Bag of Preparation"],"potions_floor_usage":[18,25],"damage_taken":[{"damage":0.0,"enemies":"Small Slimes","floor":1.0,"turns":3.0},{"damage":1.0,"enemies":"Cultist","floor":2.0,"turns":3.0},{"damage":9.0,"enemies":"Jaw Worm","floor":3.0,"turns":3.0},{"damage":6.0,"enemies":"2 Fungi Beasts","floor":5.0,"turns":3.0},{"damage":10.0,"enemies":"Lagavulin","floor":6.0,"turns":5.0},{"damage":11.0,"enemies":"Red Slaver","floor":7.0,"turns":3.0},{"damage":15.0,"enemies":"3 Sentries","floor":8.0,"turns":6.0},{"damage":3.0,"enemies":"Looter","floor":11.0,"turns":3.0},{"damage":10.0,"enemies":"2 Fungi Beasts","floor":14.0,"turns":3.0},{"damage":25.0,"enemies":"Hexaghost","floor":16.0,"turns":5.0},{"damage":10,"enemies":"Shell Parasite","floor":18,"turns":3},{"damage":33,"enemies":"2 Thieves","floor":20,"turns":4},{"damage":31,"enemies":"Book of Stabbing","floor":25,"turns":2}],"seed_played":"78023472502912825","potions_obtained":[{"floor":2.0,"key":"AttackPotion"},{"floor":4.0,"key":"SpeedPotion"},{"floor":4.0,"key":"Weak Potion"},{"floor":6.0,"key":"LiquidBronze"},{"floor":8.0,"key":"GamblersBrew"},{"floor":11.0,"key":"SneckoOil"},{"floor":12.0,"key":"FocusPotion"},{"floor":12.0,"key":"EssenceOfSteel"},{"floor":16.0,"key":"SteroidPotion"},{"floor":20,"key":"SteroidPotion"}],"is_trial":false,"path_per_floor":["M","M","M","?","M","E","M","E","T","?","M","?","?","M","R","B",null,"M","?","M","?","?","$","T"],"character_chosen":"DEFECT","items_purchased":["DataDisk","Static Discharge+1","Genetic Algorithm"],"campfire_rested":1,"item_purchase_floors":[23,23,23],"current_hp_per_floor":[75,74,65,65,59,49,38,23,23,41,38,38,38,28,50,25,75,65,52,25,25,25,25,25,0],"gold":66,"neow_bonus":"","is_prod":false,"is_daily":false,"chose_seed":false,"campfire_upgraded":0,"win_rate":0,"timestamp":1535330565,"path_taken":["M","M","M","?","?","E","M","E","T","?","M","?","?","?","R","BOSS","M","?","?","?","?","$","?","E"],"build_version":"2018-08-23v2","purchased_purges":0,"victory":false,"max_hp_per_floor":[75,75,75,75,75,75,75,75,75,75,75,75,75,75,75,75,75,75,52,52,52,52,52,52,52],"card_choices":[{"not_picked":["Streamline","Redo"],"picked":"Defragment","floor":1.0},{"not_picked":["Barrage","Coolheaded"],"picked":"Go for the Eyes","floor":2.0},{"not_picked":["Go for the Eyes","Turbo"],"picked":"Loop","floor":3.0},{"not_picked":["Lockon","Beam Cell"],"picked":"Static Discharge","floor":5.0},{"not_picked":["Steam Power","Melter"],"picked":"Conserve Battery","floor":6.0},{"not_picked":["Leap","Ball Lightning"],"picked":"White Noise","floor":7.0},{"not_picked":["Scrape","Streamline"],"picked":"Storm","floor":8.0},{"not_picked":["Barrage","Stack"],"picked":"Chaos","floor":11.0},{"not_picked":["Steam","FTL"],"picked":"Electrodynamics+1","floor":14.0},{"not_picked":["Reboot","All For One"],"picked":"Thunder Strike","floor":16.0},{"not_picked":["Steam Power","Coolheaded"],"picked":"Rebound+1","floor":18},{"not_picked":["Conserve Battery","Leap"],"picked":"Beam Cell","floor":20}],"player_experience":198843,"relics_obtained":[{"floor":6.0,"key":"Ginger"},{"floor":8.0,"key":"Frozen Egg 2"},{"floor":9.0,"key":"Pen Nib"},{"floor":13.0,"key":"Ornamental Fan"},{"floor":24,"key":"Bag of Preparation"}],"event_choices":[{"event_name":"The Woman in Blue","player_choice":"Bought 2 Potions","floor":4.0,"damage_taken":0.0},{"event_name":"The Cleric","player_choice":"Healed","floor":10.0,"damage_taken":0.0},{"event_name":"The Lab","player_choice":"Got Potions","floor":12.0,"damage_taken":0.0},{"event_name":"Wheel of Change","player_choice":"Relic","floor":13.0,"damage_taken":0.0},{"event_name":"Vampires","player_choice":"Became a vampire","floor":19,"damage_taken":0},{"event_name":"The Mausoleum","player_choice":"Yes","floor":21,"damage_taken":0},{"event_name":"Addict","player_choice":"Obtained Relic","floor":22,"damage_taken":0}],"is_beta":false,"boss_relics":[{"not_picked":["Orrery","Nuclear Battery"],"picked":"Pandora\u0027s Box"}],"items_purged_floors":[],"is_endless":false,"potions_floor_spawned":[2,6,8,11,16,20],"killed_by":"Book of Stabbing","ascension_level":4}