{"gold_per_floor":[109,129,129,145,165,206,206,224,224,237,253,276,276,309,309,437,437,451,470,470,480,480,480,505,522,522,535,535,547,547,561,561,561],"floor_reached":33,"playtime":2982,"items_purged":[],"score":285,"play_id":"c0884399-97a9-4907-87b1-604a179f212f","local_time":"20190507184610","is_ascension_mode":false,"campfire_choices":[{"data":"Metallicize","floor":7,"key":"SMITH"},{"data":"Double Tap","floor":13,"key":"SMITH"},{"data":"Disarm","floor":15,"key":"SMITH"},{"floor":23,"key":"REST"},{"data":"Demon Form","floor":28,"key":"SMITH"},{"data":"Armaments","floor":30,"key":"SMITH"},{"data":"Limit Break","floor":32,"key":"SMITH"}],"neow_cost":"NONE","seed_source_timestamp":209020267263918,"circlet_count":0,"master_deck":["Strike_R","Strike_R","Strike_R","Strike_R","Strike_R","Defend_R","Defend_R","Defend_R","Defend_R","Bash","Double Tap+1","Shrug It Off","Metallicize+1","Rage","Intimidate","Headbutt","Iron Wave","Headbutt","Whirlwind","Disarm+1","Demon Form+1","Seeing Red","Shrug It Off","Decay","Limit Break+1","Corruption+1","Iron Wave+1","Armaments+1"],"relics":["Burning Blood","Bloody Idol","Anchor","Vajra","Frozen Egg 2","Red Skull"],"potions_floor_usage":[6,24,25,33],"damage_taken":[{"damage":1,"enemies":"Jaw Worm","floor":1,"turns":3},{"damage":0,"enemies":"Cultist","floor":2,"turns":5},{"damage":0,"enemies":"2 Louse","floor":4,"turns":4},{"damage":11,"enemies":"2 Fungi Beasts","floor":5,"turns":5},{"damage":32,"enemies":"Lagavulin","floor":6,"turns":9},{"damage":6,"enemies":"Large Slime","floor":8,"turns":7},{"damage":1,"enemies":"Blue Slaver","floor":10,"turns":3},{"damage":10,"enemies":"Looter","floor":11,"turns":3},{"damage":0,"enemies":"2 Fungi Beasts","floor":12,"turns":3},{"damage":18,"enemies":"Gremlin Nob","floor":14,"turns":5},{"damage":13,"enemies":"The Guardian","floor":16,"turns":14},{"damage":2,"enemies":"Shell Parasite","floor":18,"turns":6},{"damage":33,"enemies":"Spheric Guardian","floor":19,"turns":7},{"damage":29,"enemies":"Centurion and Healer","floor":21,"turns":9},{"damage":45,"enemies":"Gremlin Leader","floor":24,"turns":8},{"damage":6,"enemies":"Snake Plant","floor":25,"turns":7},{"damage":22,"enemies":"Cultist and Chosen","floor":27,"turns":8},{"damage":13,"enemies":"Chosen and Byrds","floor":29,"turns":5},{"damage":13,"enemies":"Snake Plant","floor":31,"turns":6},{"damage":78,"enemies":"Automaton","floor":33,"turns":8}],"seed_played":"-3922048564688726788","potions_obtained":[{"floor":2,"key":"Strength Potion"},{"floor":5,"key":"Dexterity Potion"},{"floor":6,"key":"LiquidBronze"},{"floor":8,"key":"Swift Potion"},{"floor":14,"key":"BloodPotion"},{"floor":16,"key":"Strength Potion"},{"floor":18,"key":"Energy Potion"},{"floor":31,"key":"FairyPotion"}],"is_trial":false,"path_per_floor":["M","M","?","M","M","E","R","M","T","M","M","M","R","E","R","B",null,"M","M","?","M","?","R","E","M","T","M","R","M","R","M","R","B"],"character_chosen":"IRONCLAD","items_purchased":[],"campfire_rested":1,"item_purchase_floors":[],"current_hp_per_floor":[80,80,60,66,61,35,35,35,35,40,36,42,42,30,30,23,80,80,53,53,35,35,59,25,38,38,27,27,25,25,23,23,0],"gold":561,"neow_bonus":"ONE_RANDOM_RARE_CARD","is_prod":false,"is_daily":false,"chose_seed":false,"campfire_upgraded":6,"win_rate":0,"timestamp":1557247570,"path_taken":["M","M","?","M","M","E","R","M","T","M","M","M","R","E","R","BOSS","M","M","?","M","?","R","E","M","T","M","R","?","R","?","R","BOSS"],"build_version":"2019-01-23","purchased_purges":0,"victory":false,"max_hp_per_floor":[80,80,80,80,80,80,80,80,80,80,80,80,80,80,80,80,80,80,80,80,80,80,80,80,80,80,80,80,80,80,80,80,80],"card_choices":[{"not_picked":["Wild Strike","Hemokinesis"],"picked":"Shrug It Off","floor":1},{"not_picked":["Havoc","Entrench"],"picked":"Metallicize","floor":2},{"not_picked":["Havoc","Heavy Blade"],"picked":"Rage","floor":4},{"not_picked":["Twin Strike","Sword Boomerang"],"picked":"Intimidate","floor":5},{"not_picked":["Searing Blow","Twin Strike"],"picked":"Headbutt","floor":6},{"not_picked":["Clash","Sever Soul"],"picked":"Iron Wave","floor":8},{"not_picked":["Heavy Blade","Brutality"],"picked":"Headbutt","floor":10},{"not_picked":["Sword Boomerang","True Grit"],"picked":"Whirlwind","floor":11},{"not_picked":["Carnage","Anger","Flex"],"picked":"SKIP","floor":12},{"not_picked":["Rupture","Pommel Strike"],"picked":"Disarm","floor":14},{"not_picked":["Berserk","Fiend Fire"],"picked":"Demon Form","floor":16},{"not_picked":["Perfected Strike","Combust+1"],"picked":"Seeing Red","floor":18},{"not_picked":["Heavy Blade","Rupture","Corruption"],"picked":"SKIP","floor":19},{"not_picked":["Anger+1","Havoc"],"picked":"Shrug It Off","floor":21},{"not_picked":["Heavy Blade","Metallicize"],"picked":"Limit Break","floor":24},{"not_picked":["Fire Breathing+1","Warcry"],"picked":"Corruption+1","floor":25},{"not_picked":["Power Through","Entrench+1"],"picked":"Iron Wave+1","floor":27},{"not_picked":["Hemokinesis+1","Rupture+1"],"picked":"Armaments","floor":29},{"not_picked":["Fire Breathing+1","Pommel Strike+1","Headbutt"],"picked":"SKIP","floor":31}],"player_experience":223107,"relics_obtained":[{"floor":6,"key":"Anchor"},{"floor":14,"key":"Vajra"},{"floor":24,"key":"Frozen Egg 2"},{"floor":26,"key":"Red Skull"}],"event_choices":[{"damage_healed":0,"gold_gain":0,"player_choice":"Take Damage","damage_taken":20,"relics_obtained":["Golden Idol"],"max_hp_gain":0,"max_hp_loss":0,"event_name":"Golden Idol","floor":3,"gold_loss":0},{"damage_healed":0,"gold_gain":0,"player_choice":"Gave Idol","damage_taken":0,"relics_obtained":["Bloody Idol"],"max_hp_gain":0,"max_hp_loss":0,"event_name":"Forgotten Altar","floor":20,"relics_lost":["Golden Idol"],"gold_loss":0},{"damage_healed":0,"gold_gain":0,"player_choice":"Cursed","damage_taken":0,"max_hp_gain":0,"max_hp_loss":0,"event_name":"Wheel of Change","floor":22,"gold_loss":0,"cards_obtained":["Decay"]}],"is_beta":false,"boss_relics":[{"not_picked":["Sozu","Ectoplasm","Calling Bell"]}],"items_purged_floors":[],"is_endless":false,"potions_floor_spawned":[2,5,6,8,14,16,18,21,31],"killed_by":"Automaton","ascension_level":0}