{"gold_per_floor":[109,109,72,89,151,182,243,243,243,272,322,339,339,350,350,452,452,470,175,225,237,46,46,74,74,100,150,150,22,41,58,58,162,162,180,230,49,65,115,115,140,140],"floor_reached":42,"playtime":1765,"items_purged":["Strike_G","Defend_G","Strike_G"],"score":731,"play_id":"79e3ce2c-7c61-4847-a245-0ef0cd91da39","local_time":"20190104055544","is_ascension_mode":true,"campfire_choices":[{"floor":8,"key":"REST"},{"floor":13,"key":"REST"},{"floor":15,"key":"REST"},{"floor":23,"key":"REST"},{"floor":25,"key":"REST"},{"data":"Noxious Fumes","floor":28,"key":"SMITH"},{"floor":32,"key":"REST"},{"data":"Caltrops","floor":40,"key":"SMITH"}],"neow_cost":"NONE","seed_source_timestamp":58942766266879,"circlet_count":0,"master_deck":["Defend_G","Defend_G","Defend_G","Strike_G","Strike_G+1","Strike_G","Survivor","Neutralize+1","Noxious Fumes+1","Leg Sweep","Deflect","Dagger Spray","Quick Slash","Cloak And Dagger","Leg Sweep","Dash","Bouncing Flask","Deadly Poison","Dodge and Roll","A Thousand Cuts","PiercingWail","Caltrops+1","Terror+1","Well Laid Plans","Crippling Poison","Bullet Time","Predator","Night Terror"],"relics":["Ring of the Snake","NeowsBlessing","SsserpentHead","Dream Catcher","Dodecahedron","Unceasing Top","Velvet Choker","Membership Card","Incense Burner","Bag of Marbles","Vajra","Whetstone","Snecko Eye","Blood Vial","Bottled Lightning"],"potions_floor_usage":[6,7,24,24,42,42],"damage_taken":[{"damage":0,"enemies":"2 Louse","floor":1,"turns":1},{"damage":0,"enemies":"Cultist","floor":4,"turns":1},{"damage":0,"enemies":"Jaw Worm","floor":5,"turns":1},{"damage":25,"enemies":"Lagavulin","floor":6,"turns":9},{"damage":1,"enemies":"Exordium Thugs","floor":7,"turns":5},{"damage":46,"enemies":"Gremlin Nob","floor":10,"turns":6},{"damage":4,"enemies":"2 Fungi Beasts","floor":12,"turns":4},{"damage":16,"enemies":"3 Louse","floor":14,"turns":3},{"damage":0,"enemies":"Hexaghost","floor":16,"turns":10},{"damage":11,"enemies":"Spheric Guardian","floor":18,"turns":4},{"damage":13,"enemies":"Colosseum Slavers","floor":20,"turns":6},{"damage":7,"enemies":"Shell Parasite","floor":21,"turns":6},{"damage":34,"enemies":"Gremlin Leader","floor":24,"turns":8},{"damage":3,"enemies":"Centurion and Healer","floor":30,"turns":6},{"damage":0,"enemies":"Shelled Parasite and Fungi","floor":31,"turns":7},{"damage":28,"enemies":"Collector","floor":33,"turns":10},{"damage":5,"enemies":"Orb Walker","floor":35,"turns":5},{"damage":0,"enemies":"3 Darklings","floor":38,"turns":5},{"damage":32,"enemies":"Reptomancer","floor":41,"turns":8},{"damage":35,"enemies":"Spire Growth","floor":42,"turns":3}],"seed_played":"-4640511020399814947","potions_obtained":[{"floor":1,"key":"Poison Potion"},{"floor":5,"key":"Fire Potion"},{"floor":16,"key":"SkillPotion"},{"floor":21,"key":"Explosive Potion"},{"floor":31,"key":"GamblersBrew"},{"floor":33,"key":"Fire Potion"},{"floor":35,"key":"SteroidPotion"}],"is_trial":false,"path_per_floor":["M","?","$","M","M","E","M","R","T","E","?","M","R","M","R","B",null,"M","$","?","M","$","R","E","R","T","?","R","$","M","M","R","B",null,"M","?","$","M","?","R","E","M"],"character_chosen":"THE_SILENT","items_purchased":["Leg Sweep","Membership Card","PiercingWail","Caltrops","Incense Burner","Well Laid Plans","Whetstone","Predator","Blood Vial"],"campfire_rested":6,"item_purchase_floors":[3,19,19,19,22,22,29,37,37],"current_hp_per_floor":[63,63,63,63,63,38,37,58,58,12,12,8,29,13,34,34,61,50,50,37,30,30,51,17,38,38,38,38,38,35,35,56,28,60,55,55,55,57,57,57,27,0],"gold":140,"neow_bonus":"THREE_ENEMY_KILL","is_prod":false,"is_daily":false,"chose_seed":false,"campfire_upgraded":2,"win_rate":0,"timestamp":1546570544,"path_taken":["M","?","$","M","?","E","?","R","T","E","?","M","R","M","R","BOSS","M","$","?","M","$","R","E","R","T","?","R","$","M","M","R","BOSS","M","?","$","M","?","R","E","M"],"build_version":"2019-01-03","purchased_purges":3,"victory":false,"max_hp_per_floor":[70,70,70,70,70,70,70,70,70,70,70,70,70,70,70,70,70,70,70,70,70,70,70,70,70,70,70,70,70,70,70,70,70,70,70,70,70,70,70,70,70,70],"card_choices":[{"not_picked":["Accuracy","Flying Knee"],"picked":"Noxious Fumes","floor":1},{"not_picked":["Slice","Prepared"],"picked":"Deflect","floor":4},{"not_picked":["Burst","Reflex"],"picked":"Dagger Spray","floor":5},{"not_picked":["Storm of Steel","Deflect"],"picked":"Quick Slash","floor":6},{"not_picked":["All Out Attack","Blade Dance","Flying Knee"],"picked":"SKIP","floor":7},{"not_picked":["Deflect","Dagger Throw"],"picked":"Cloak And Dagger","floor":8},{"not_picked":["Eviscerate","All Out Attack","Blade Dance"],"picked":"SKIP","floor":10},{"not_picked":["Endless Agony","Sucker Punch"],"picked":"Dash","floor":12},{"not_picked":["Blade Dance","Unload"],"picked":"Bouncing Flask","floor":13},{"not_picked":["Flying Knee","Bane"],"picked":"Deadly Poison","floor":14},{"not_picked":["Quick Slash","Leg Sweep"],"picked":"Dodge and Roll","floor":15},{"not_picked":["Venomology","Die Die Die"],"picked":"A Thousand Cuts","floor":16},{"not_picked":["Deflect","Masterful Stab","Dodge and Roll+1"],"picked":"SKIP","floor":18},{"not_picked":["Slice","Endless Agony"],"picked":"Terror+1","floor":21},{"not_picked":["Blade Dance+1","Bane+1","All Out Attack+1"],"picked":"SKIP","floor":24},{"not_picked":["Reflex+1","Cloak And Dagger"],"picked":"Crippling Poison","floor":30},{"not_picked":["Flying Knee","Quick Slash+1","Skewer"],"picked":"SKIP","floor":31},{"not_picked":["Burst","Storm of Steel"],"picked":"Bullet Time","floor":33},{"not_picked":["Bane","Outmaneuver","Acrobatics+1"],"picked":"SKIP","floor":35},{"not_picked":["Bane+1","Backflip+1"],"picked":"Night Terror","floor":38},{"not_picked":["Night Terror","Flechettes","Outmaneuver"],"picked":"SKIP","floor":41}],"player_experience":646276,"relics_obtained":[{"floor":6,"key":"Dream Catcher"},{"floor":9,"key":"Dodecahedron"},{"floor":10,"key":"Unceasing Top"},{"floor":24,"key":"Bag of Marbles"},{"floor":26,"key":"Vajra"},{"floor":41,"key":"Bottled Lightning"}],"event_choices":[{"damage_healed":0,"gold_gain":0,"player_choice":"Trade","damage_taken":0,"relics_obtained":["SsserpentHead"],"max_hp_gain":0,"max_hp_loss":0,"event_name":"FaceTrader","floor":2,"gold_loss":0},{"damage_healed":0,"gold_gain":0,"player_choice":"1 cards matched","damage_taken":0,"max_hp_gain":0,"max_hp_loss":0,"event_name":"Match and Keep!","floor":11,"gold_loss":0,"cards_obtained":["Leg Sweep"]},{"damage_healed":0,"gold_gain":0,"player_choice":"Fight","damage_taken":0,"max_hp_gain":0,"max_hp_loss":0,"event_name":"Colosseum","floor":20,"gold_loss":0},{"damage_healed":0,"gold_gain":0,"player_choice":"Fled From Nobs","damage_taken":0,"max_hp_gain":0,"max_hp_loss":0,"event_name":"Colosseum","floor":20,"gold_loss":0},{"damage_healed":0,"gold_gain":0,"player_choice":"Ignored","damage_taken":0,"max_hp_gain":0,"max_hp_loss":0,"event_name":"Cursed Tome","floor":27,"gold_loss":0},{"cards_removed":["Defend_G"],"damage_healed":0,"gold_gain":0,"player_choice":"Removed Skill","damage_taken":0,"max_hp_gain":0,"max_hp_loss":0,"event_name":"Falling","floor":36,"gold_loss":0},{"damage_healed":0,"gold_gain":0,"player_choice":"Memory 1","damage_taken":0,"max_hp_gain":0,"max_hp_loss":0,"event_name":"SensoryStone","floor":39,"gold_loss":0}],"is_beta":false,"boss_relics":[{"not_picked":["White Beast Statue","Black Star"],"picked":"Velvet Choker"},{"not_picked":["Coffee Dripper","Lizard Tail"],"picked":"Snecko Eye"}],"items_purged_floors":[19,29,37],"is_endless":false,"potions_floor_spawned":[1,5,16,21,31,33,35],"killed_by":"Spire Growth","ascension_level":9}