{"gold_per_floor":[115,128,140,140,140,140,34,34,34,34,59,35,110,126,126,222,222,235,145,160,21,34,34,64,75,101,200,226,226,83,93,93,195,195,205,220,320,320,338,368,368,368,368,368,368,381,408,418,418,418],"floor_reached":51,"playtime":1682,"items_purged":["Strike_R"],"score":804,"play_id":"95372cf6-bf18-4ad7-a4c9-93337a8ac7b1","local_time":"20181207031356","is_ascension_mode":true,"campfire_choices":[{"data":"Spot Weakness","floor":6.0,"key":"SMITH"},{"data":"Corruption","floor":8.0,"key":"SMITH"},{"data":"Pommel Strike","floor":10.0,"key":"SMITH"},{"data":"Flame Barrier","floor":15.0,"key":"SMITH"},{"data":"Flame Barrier","floor":23,"key":"SMITH"},{"floor":32,"key":"REST"},{"data":"Barricade","floor":42,"key":"SMITH"},{"data":"Pummel","floor":45,"key":"SMITH"},{"floor":49,"key":"REST"}],"neow_cost":"CURSE","seed_source_timestamp":50918600964075,"circlet_count":0,"master_deck":["Strike_R","Strike_R","Strike_R","Defend_R+1","Defend_R","Defend_R","Defend_R","Bash","Pommel Strike+1","Spot Weakness+1","Flex","Corruption+1","Heavy Blade+1","Flame Barrier+1","Limit Break","Iron Wave+1","Flame Barrier+1","Impervious","Whirlwind+1","Clothesline","Limit Break","Battle Trance","Reaper","Pummel+1","Fire Breathing+1","True Grit+1","Barricade+1","Bandage Up","Battle Trance+1","Shockwave+1"],"special_seed":0,"relics":["Black Blood","Torii","Meat on the Bone","Mercury Hourglass","Shuriken","Black Star","Vajra","Juzu Bracelet","Potion Belt","Blood Vial","Lantern","Turnip","The Courier","Bottled Tornado","Unceasing Top","Nunchaku","Ginger"],"potions_floor_usage":[33,50,50,50,50,50,50,50,50,50],"damage_taken":[{"damage":1.0,"enemies":"Cultist","floor":1.0,"turns":3.0},{"damage":13.0,"enemies":"Jaw Worm","floor":2.0,"turns":3.0},{"damage":7.0,"enemies":"2 Louse","floor":3.0,"turns":3.0},{"damage":16.0,"enemies":"Gremlin Nob","floor":11.0,"turns":3.0},{"damage":1.0,"enemies":"Exordium Wildlife","floor":14.0,"turns":3.0},{"damage":20.0,"enemies":"Hexaghost","floor":16.0,"turns":9.0},{"damage":27.0,"enemies":"2 Thieves","floor":18.0,"turns":4.0},{"damage":0.0,"enemies":"3 Byrds","floor":20.0,"turns":3.0},{"damage":1,"enemies":"Cultist and Chosen","floor":22,"turns":6},{"damage":27,"enemies":"Gremlin Leader","floor":24,"turns":6},{"damage":10,"enemies":"3 Cultists","floor":25,"turns":5},{"damage":23,"enemies":"Slavers","floor":28,"turns":5},{"damage":9,"enemies":"Sentry and Sphere","floor":31,"turns":7},{"damage":44,"enemies":"Collector","floor":33,"turns":7},{"damage":1,"enemies":"3 Shapes","floor":35,"turns":4},{"damage":18,"enemies":"Orb Walker","floor":36,"turns":4},{"damage":34,"enemies":"Mind Bloom Boss Battle","floor":37,"turns":6},{"damage":23,"enemies":"Spire Growth","floor":39,"turns":6},{"damage":67,"enemies":"Reptomancer","floor":40,"turns":8},{"damage":11,"enemies":"Transient","floor":46,"turns":5},{"damage":100,"enemies":"Nemesis","floor":47,"turns":11},{"damage":5,"enemies":"Sphere and 2 Shapes","floor":48,"turns":5},{"damage":58,"enemies":"Time Eater","floor":50,"turns":9}],"seed_played":"8486762354709930092","potions_obtained":[{"floor":1.0,"key":"Explosive Potion"},{"floor":14.0,"key":"Regen Potion"},{"floor":16.0,"key":"Energy Potion"},{"floor":25,"key":"PowerPotion"},{"floor":33,"key":"Regen Potion"},{"floor":35,"key":"Dexterity Potion"},{"floor":39,"key":"GamblersBrew"},{"floor":47,"key":"EntropicBrew"}],"is_trial":false,"path_per_floor":["M","M","M","?","?","R","$","R","T","R","E","$","?","M","R","B",null,"M","?","M","$","M","R","E","M","T","?","E","?","$","M","R","B",null,"M","M","?","?","M","E","?","R","T","?","R","M","E","M","R","B",null],"character_chosen":"IRONCLAD","items_purchased":["Flex","Corruption","Heavy Blade","Flame Barrier","Impervious","Battle Trance"],"campfire_rested":2,"item_purchase_floors":[7,7,12,21,21,30],"current_hp_per_floor":[80,73,72,65,62,62,62,62,62,62,52,52,41,58,58,56,80,59,59,65,65,70,70,49,57,57,57,52,37,37,48,73,49,85,85,85,81,81,82,67,67,67,67,67,67,85,33,57,82,77],"gold":418,"neow_bonus":"ONE_RARE_RELIC","is_prod":false,"is_daily":false,"chose_seed":false,"campfire_upgraded":7,"win_rate":0,"timestamp":1544141636,"path_taken":["M","?","M","?","?","R","$","R","T","R","E","?","?","M","R","BOSS","M","?","?","$","M","R","E","M","T","?","E","?","$","M","R","BOSS","M","M","?","?","M","E","?","R","T","?","R","M","E","M","R","BOSS"],"build_version":"2018-11-15","purchased_purges":1,"victory":true,"max_hp_per_floor":[80,80,80,80,80,80,80,80,80,80,80,80,80,80,80,80,80,80,80,80,80,80,80,80,80,80,80,80,85,85,85,85,85,85,85,85,85,85,85,85,85,85,85,85,85,85,85,85,85,85],"card_choices":[{"not_picked":["True Grit","Wild Strike"],"picked":"Pommel Strike","floor":1.0},{"not_picked":["Flex","Cleave"],"picked":"Spot Weakness","floor":2.0},{"not_picked":["Rage","Havoc","Evolve"],"picked":"SKIP","floor":3.0},{"not_picked":["Clash","Intimidate","Sever Soul"],"picked":"SKIP","floor":11.0},{"not_picked":["Warcry","Ghostly Armor"],"picked":"Flame Barrier","floor":14.0},{"not_picked":["Juggernaut","Reaper"],"picked":"Limit Break","floor":16.0},{"not_picked":["Clash","Rampage","Headbutt"],"picked":"SKIP","floor":18.0},{"not_picked":["Corruption","Rampage"],"picked":"Iron Wave+1","floor":20.0},{"not_picked":["Pommel Strike","Metallicize"],"picked":"Whirlwind+1","floor":22},{"not_picked":["Headbutt","Evolve"],"picked":"Clothesline","floor":24},{"not_picked":["Brutality","Twin Strike+1","Reckless Charge"],"picked":"SKIP","floor":25},{"not_picked":["Anger","Thunderclap"],"picked":"Limit Break","floor":28},{"not_picked":["True Grit","Armaments","Perfected Strike"],"picked":"SKIP","floor":31},{"not_picked":["Fiend Fire","Offering"],"picked":"Reaper","floor":33},{"not_picked":["Pummel","Second Wind","Wild Strike+1"],"picked":"SKIP","floor":35},{"not_picked":["Second Wind","Wild Strike+1"],"picked":"Pummel","floor":35},{"not_picked":["Iron Wave+1","Dual Wield","Clothesline+1"],"picked":"SKIP","floor":36},{"not_picked":["Sword Boomerang+1","Cleave"],"picked":"Fire Breathing+1","floor":37},{"not_picked":["Clash","Intimidate"],"picked":"True Grit+1","floor":39},{"not_picked":["Infernal Blade","Pummel+1"],"picked":"Barricade","floor":40},{"not_picked":["Flash of Steel","Sadistic Nature"],"picked":"Bandage Up","floor":44},{"not_picked":["Sword Boomerang+1","Anger+1","Battle Trance+1"],"picked":"SKIP","floor":46},{"not_picked":["Sword Boomerang+1","Anger+1"],"picked":"Battle Trance+1","floor":46},{"not_picked":["Intimidate","Burning Pact+1","Sever Soul+1"],"picked":"SKIP","floor":47},{"not_picked":["Headbutt","Infernal Blade"],"picked":"Shockwave+1","floor":48}],"player_experience":572518,"relics_obtained":[{"floor":9.0,"key":"Mercury Hourglass"},{"floor":11.0,"key":"Shuriken"},{"floor":24,"key":"Vajra"},{"floor":24,"key":"Juzu Bracelet"},{"floor":26,"key":"Potion Belt"},{"floor":28,"key":"Blood Vial"},{"floor":28,"key":"Lantern"},{"floor":37,"key":"Turnip"},{"floor":40,"key":"The Courier"},{"floor":40,"key":"Bottled Tornado"},{"floor":43,"key":"Unceasing Top"},{"floor":47,"key":"Nunchaku"},{"floor":47,"key":"Ginger"}],"event_choices":[{"cards_removed":["Normality"],"damage_healed":0.0,"max_hp_gain":0.0,"max_hp_loss":0.0,"gold_gain":0.0,"event_name":"Golden Wing","player_choice":"Card Removal","floor":4.0,"gold_loss":0.0,"damage_taken":7.0},{"damage_healed":0.0,"max_hp_gain":0.0,"max_hp_loss":0.0,"gold_gain":0.0,"event_name":"Scrap Ooze","player_choice":"Success","floor":5.0,"gold_loss":0.0,"damage_taken":3.0,"relics_obtained":["Meat on the Bone"]},{"damage_healed":0.0,"max_hp_gain":0.0,"max_hp_loss":0.0,"gold_gain":75.0,"event_name":"World of Goop","player_choice":"Gather Gold","floor":13.0,"gold_loss":0.0,"damage_taken":11.0},{"cards_removed":["Strike_R"],"damage_healed":0.0,"max_hp_gain":0.0,"max_hp_loss":0.0,"gold_gain":0.0,"event_name":"Designer","player_choice":"Upgrade and Remove","floor":19.0,"gold_loss":90.0,"damage_taken":0.0,"cards_upgraded":["Defend_R"]},{"damage_healed":0,"gold_gain":99,"player_choice":"Stole From Cult","damage_taken":0,"max_hp_gain":0,"max_hp_loss":0,"event_name":"Nest","floor":27,"gold_loss":0},{"damage_healed":0,"gold_gain":0,"player_choice":"Shed Blood","damage_taken":20,"max_hp_gain":5,"max_hp_loss":0,"event_name":"Forgotten Altar","floor":29,"gold_loss":0},{"damage_healed":0,"gold_gain":0,"player_choice":"Fight","damage_taken":0,"max_hp_gain":0,"max_hp_loss":0,"event_name":"MindBloom","floor":37,"gold_loss":0},{"damage_healed":0,"gold_gain":0,"player_choice":"Forge","damage_taken":0,"max_hp_gain":0,"max_hp_loss":0,"event_name":"Accursed Blacksmith","floor":38,"gold_loss":0,"cards_upgraded":["Heavy Blade"]},{"damage_healed":0,"gold_gain":0,"player_choice":"Ignored","damage_taken":0,"max_hp_gain":0,"max_hp_loss":0,"event_name":"Tomb of Lord Red Mask","floor":41,"gold_loss":0},{"damage_healed":0,"gold_gain":0,"player_choice":"Memory 1","damage_taken":0,"max_hp_gain":0,"max_hp_loss":0,"event_name":"SensoryStone","floor":44,"gold_loss":0}],"is_beta":false,"boss_relics":[{"not_picked":["Eternal Feather","Calling Bell"],"picked":"Black Star"},{"not_picked":["Snecko Eye","Lizard Tail"],"picked":"Black Blood"}],"items_purged_floors":[30],"is_endless":false,"potions_floor_spawned":[1,14,16,18,20,25,33,35,39,40,47,48],"ascension_level":1}