{"gold_per_floor":[118,118,118,141,164,208,222,257,305,305,326,342,380,380,380,511,511,529,529,553,678,121,121,160,160,160,193,193,208,15,15,15,140,140,164,188,148,166,166],"floor_reached":39,"playtime":3036,"items_purged":[],"score":580,"play_id":"451531c0-a3f1-433f-8538-a30724e8e6bc","local_time":"20180824160158","is_ascension_mode":true,"campfire_choices":[{"data":"White Noise","floor":10.0,"key":"SMITH"},{"floor":15.0,"key":"REST"},{"floor":23.0,"key":"REST"},{"floor":28.0,"key":"REST"},{"data":"1","floor":32.0,"key":"LIFT"}],"neow_cost":"NONE","seed_source_timestamp":0,"circlet_count":0,"master_deck":["Zap","Dualcast","Cold Snap","Gash","Chill","Conserve Battery","Gash","White Noise+1","Go for the Eyes","Go for the Eyes","Gash","Electrodynamics","Heatsinks","Heatsinks","Go for the Eyes","Redo","Hologram","Beam Cell","Barrage","Blizzard","Genetic Algorithm+1","Fusion+1","Hello World","Defragment","Turbo","Ball Lightning","BootSequence","Defragment+1","Steam","Metamorphosis","Ghostly","Ghostly","Ghostly","Ghostly","Ghostly","Creative AI+1","Decay","Parasite","Clumsy","Gash"],"special_seed":0,"relics":["Cracked Core","Blood Vial","Golden Idol","Orichalcum","Dodecahedron","Anchor","Bronze Scales","Regal Pillow","Pandora\u0027s Box","Girya","Question Card","Happy Flower","Bag of Marbles","Gambling Chip","Enchiridion","Bag of Preparation","Strawberry","Calling Bell","DataDisk","Singing Bowl","Unceasing Top"],"potions_floor_usage":[],"damage_taken":[{"damage":1.0,"enemies":"2 Louse","floor":1.0,"turns":3.0},{"damage":0.0,"enemies":"Small Slimes","floor":4.0,"turns":3.0},{"damage":6.0,"enemies":"Cultist","floor":5.0,"turns":3.0},{"damage":3.0,"enemies":"3 Sentries","floor":6.0,"turns":10.0},{"damage":3.0,"enemies":"Blue Slaver","floor":7.0,"turns":3.0},{"damage":22.0,"enemies":"Lagavulin","floor":8.0,"turns":7.0},{"damage":1.0,"enemies":"Exordium Wildlife","floor":11.0,"turns":4.0},{"damage":0.0,"enemies":"Lots of Slimes","floor":12.0,"turns":4.0},{"damage":10.0,"enemies":"Gremlin Nob","floor":13.0,"turns":4.0},{"damage":26.0,"enemies":"Slime Boss","floor":16.0,"turns":12.0},{"damage":12.0,"enemies":"3 Byrds","floor":18.0,"turns":3.0},{"damage":9.0,"enemies":"2 Thieves","floor":20.0,"turns":3.0},{"damage":19.0,"enemies":"Colosseum Slavers","floor":21.0,"turns":5.0},{"damage":32.0,"enemies":"Colosseum Nobs","floor":21.0,"turns":4.0},{"damage":24.0,"enemies":"Book of Stabbing","floor":24.0,"turns":5.0},{"damage":3.0,"enemies":"Gremlin Leader","floor":27.0,"turns":4.0},{"damage":0.0,"enemies":"Centurion and Healer","floor":29.0,"turns":5.0},{"damage":38.0,"enemies":"Champ","floor":33.0,"turns":10.0},{"damage":0.0,"enemies":"3 Shapes","floor":35.0,"turns":4.0},{"damage":0.0,"enemies":"3 Darklings","floor":36.0,"turns":3.0},{"damage":26.0,"enemies":"Maw","floor":38.0,"turns":7.0},{"damage":19,"enemies":"Transient","floor":39,"turns":5}],"seed_played":"-8803823062208048048","potions_obtained":[{"floor":4.0,"key":"SkillPotion"},{"floor":6.0,"key":"GamblersBrew"},{"floor":7.0,"key":"GamblersBrew"},{"floor":13.0,"key":"Regen Potion"},{"floor":20.0,"key":"Regen Potion"},{"floor":24.0,"key":"Energy Potion"},{"floor":27.0,"key":"Weak Potion"}],"is_trial":false,"path_per_floor":["M","?","?","M","M","E","M","E","T","R","M","M","E","?","R","B",null,"M","?","M","?","$","R","E","?","T","E","R","M","$","?","R","B",null,"M","M","?","M"],"character_chosen":"DEFECT","items_purchased":["Happy Flower","FairyPotion","Defragment","Turbo","Bag of Marbles","Ball Lightning","Metamorphosis"],"campfire_rested":3,"item_purchase_floors":[22,22,22,22,22,22,30],"current_hp_per_floor":[74,74,69,69,63,62,61,41,41,41,42,44,36,29,64,62,69,57,57,50,17,17,52,30,14,14,20,57,73,73,38,38,3,38,40,40,40,16,0],"gold":166,"neow_bonus":"RANDOM_COMMON_RELIC","is_prod":false,"is_daily":false,"chose_seed":false,"campfire_upgraded":1,"win_rate":0,"timestamp":1535151718,"path_taken":["M","?","?","M","M","E","?","E","T","R","M","M","E","?","R","BOSS","M","?","M","?","$","R","E","?","T","E","R","M","$","?","R","BOSS","M","M","?","M","M"],"build_version":"2018-08-23v2","purchased_purges":0,"victory":false,"max_hp_per_floor":[75,75,69,69,69,69,69,69,69,69,69,69,69,69,69,69,69,69,69,69,69,69,69,69,69,69,76,76,76,76,38,38,38,38,40,40,40,42,42],"card_choices":[{"not_picked":["Hologram","Leap"],"picked":"Cold Snap","floor":1.0},{"not_picked":["Barrage","Conserve Battery"],"picked":"Gash","floor":4.0},{"not_picked":["Turbo","Cold Snap"],"picked":"Chill","floor":5.0},{"not_picked":["Sunder","Hologram"],"picked":"Conserve Battery","floor":6.0},{"not_picked":["Rebound","BootSequence"],"picked":"Gash","floor":7.0},{"not_picked":["Rebound","Beam Cell"],"picked":"White Noise","floor":8.0},{"not_picked":["Tempest","Leap"],"picked":"Go for the Eyes","floor":11.0},{"not_picked":["Compile Driver","FTL"],"picked":"Go for the Eyes","floor":12.0},{"not_picked":["Redo","Recycle"],"picked":"Gash","floor":13.0},{"not_picked":["Buffer","Meteor Strike"],"picked":"Electrodynamics","floor":16.0},{"not_picked":["Sweeping Beam","Rebound"],"picked":"Genetic Algorithm+1","floor":18.0},{"not_picked":["Hologram","Doom and Gloom"],"picked":"Fusion+1","floor":20.0},{"not_picked":["Consume","Cold Snap"],"picked":"Hello World","floor":21.0},{"not_picked":["Hologram","Streamline+1","Beam Cell"],"picked":"BootSequence","floor":24.0},{"not_picked":["Stack","Beam Cell","Streamline"],"picked":"Defragment+1","floor":27.0},{"not_picked":["Doom and Gloom","Capacitor","Cold Snap"],"picked":"Steam","floor":29.0},{"not_picked":["Buffer","Core Surge","Seek"],"picked":"Creative AI","floor":33.0},{"not_picked":["Streamline+1","Hologram+1","Steam","Barrage+1"],"picked":"Singing Bowl","floor":35.0},{"not_picked":["Conserve Battery","Tempest+1","BootSequence"],"picked":"Gash","floor":36.0},{"not_picked":["Gash+1","Cold Snap+1","Rainbow","Compile Driver+1"],"picked":"Singing Bowl","floor":38.0}],"player_experience":171460,"relics_obtained":[{"floor":6.0,"key":"Orichalcum"},{"floor":8.0,"key":"Dodecahedron"},{"floor":9.0,"key":"Anchor"},{"floor":13.0,"key":"Bronze Scales"},{"floor":21.0,"key":"Girya"},{"floor":21.0,"key":"Question Card"},{"floor":24.0,"key":"Gambling Chip"},{"floor":25.0,"key":"Enchiridion"},{"floor":26.0,"key":"Bag of Preparation"},{"floor":27.0,"key":"Strawberry"},{"floor":34.0,"key":"DataDisk"},{"floor":34.0,"key":"Singing Bowl"},{"floor":34.0,"key":"Unceasing Top"}],"event_choices":[{"event_name":"The Cleric","player_choice":"Leave","floor":2.0,"damage_taken":0.0},{"event_name":"Golden Idol","player_choice":"Lose Max HP","floor":3.0,"damage_taken":0.0},{"event_name":"Scrap Ooze","player_choice":"success","floor":14.0,"damage_taken":7.0},{"event_name":"Beggar","player_choice":"Ignored","floor":19.0,"damage_taken":0.0},{"event_name":"Colosseum","player_choice":"Fight","floor":21.0,"damage_taken":0.0},{"event_name":"Colosseum","player_choice":"Fought Nobs","floor":21.0,"damage_taken":0.0},{"event_name":"Cursed Tome","player_choice":"Obtained Book","floor":25.0,"damage_taken":0.0},{"event_name":"Ghosts","player_choice":"Became a Ghost","floor":31.0,"damage_taken":0.0},{"event_name":"Designer","player_choice":"Upgrade Card","floor":37.0,"damage_taken":0.0}],"is_beta":false,"boss_relics":[{"not_picked":["Runic Dome","Lizard Tail"],"picked":"Pandora\u0027s Box"},{"not_picked":["Black Star","Fusion Hammer"],"picked":"Calling Bell"}],"items_purged_floors":[],"is_endless":false,"potions_floor_spawned":[4,6,7,13,20,21,24,27],"killed_by":"Transient","ascension_level":3}