{"gold_per_floor":[109,109,126,126,144,144,175,175,175,30,50,15,26,53,53,53],"floor_reached":16,"playtime":1282,"items_purged":[],"score":143,"play_id":"76011250-2658-42d3-9d0f-d9ade9995d4d","local_time":"20190707210427","is_ascension_mode":true,"campfire_choices":[{"data":"Leg Sweep","floor":6,"key":"SMITH"},{"data":"Deflect","floor":8,"key":"SMITH"},{"data":"Dagger Spray","floor":15,"key":"SMITH"}],"neow_cost":"NONE","seed_source_timestamp":84573067875800,"circlet_count":0,"master_deck":["Strike_G","Strike_G","Strike_G","Strike_G","Strike_G","Defend_G","Defend_G","Defend_G","Defend_G","Defend_G","Survivor","Neutralize","Catalyst","Leg Sweep+1","Flying Knee","Deflect+1","Doppelganger","Dagger Spray+1","PiercingWail","Calculated Gamble"],"relics":["Ring of the Snake","NeowsBlessing","Mummified Hand","Blood Vial","MawBank","Ninja Scroll"],"potions_floor_usage":[7,14,16,16],"damage_taken":[{"damage":0,"enemies":"Small Slimes","floor":1,"turns":1},{"damage":0,"enemies":"Jaw Worm","floor":3,"turns":1},{"damage":0,"enemies":"2 Louse","floor":5,"turns":2},{"damage":28,"enemies":"Lagavulin","floor":7,"turns":11},{"damage":4,"enemies":"2 Fungi Beasts","floor":11,"turns":5},{"damage":4,"enemies":"Blue Slaver","floor":13,"turns":6},{"damage":21,"enemies":"3 Sentries","floor":14,"turns":11},{"damage":43,"enemies":"Slime Boss","floor":16,"turns":11}],"seed_played":"-71310254567971693","potions_obtained":[{"floor":5,"key":"Weak Potion"},{"floor":7,"key":"SkillPotion"},{"floor":11,"key":"GamblersBrew"},{"floor":13,"key":"GhostInAJar"},{"floor":14,"key":"Explosive Potion"}],"is_trial":false,"path_per_floor":["M","?","M","?","M","R","E","R","T","$","M","?","M","E","R","B"],"character_chosen":"THE_SILENT","items_purchased":["Doppelganger"],"campfire_rested":0,"item_purchase_floors":[10],"current_hp_per_floor":[63,68,68,65,65,65,37,37,37,37,35,53,51,32,32,0],"gold":53,"neow_bonus":"THREE_ENEMY_KILL","is_prod":false,"is_daily":false,"chose_seed":false,"campfire_upgraded":3,"win_rate":0,"timestamp":1562547867,"path_taken":["M","?","M","?","M","R","E","R","T","$","M","?","M","E","R","BOSS"],"build_version":"2019-07-05","purchased_purges":0,"victory":false,"max_hp_per_floor":[70,75,75,75,75,75,75,75,75,75,75,75,75,75,75,75],"card_choices":[{"not_picked":["Quick Slash","Heel Hook"],"picked":"Catalyst","floor":1},{"not_picked":["Backflip","Prepared"],"picked":"Leg Sweep","floor":3},{"not_picked":["Sucker Punch","Quick Slash"],"picked":"Flying Knee","floor":5},{"not_picked":["Tactician","Outmaneuver"],"picked":"Deflect","floor":7},{"not_picked":["Quick Slash","Venomology"],"picked":"Dagger Spray","floor":11},{"not_picked":["Acrobatics","Reflex"],"picked":"PiercingWail","floor":13},{"not_picked":["Choke","Acrobatics"],"picked":"Calculated Gamble","floor":14}],"player_experience":455190,"relics_obtained":[{"floor":7,"key":"Blood Vial"},{"floor":9,"key":"MawBank"},{"floor":14,"key":"Ninja Scroll"}],"event_choices":[{"damage_healed":0,"gold_gain":0,"player_choice":"Donut","damage_taken":0,"max_hp_gain":5,"max_hp_loss":0,"event_name":"Big Fish","floor":2,"gold_loss":0},{"damage_healed":0,"gold_gain":0,"player_choice":"Success","damage_taken":3,"relics_obtained":["Mummified Hand"],"max_hp_gain":0,"max_hp_loss":0,"event_name":"Scrap Ooze","floor":4,"gold_loss":0},{"damage_healed":18,"gold_gain":0,"player_choice":"Healed","damage_taken":0,"max_hp_gain":0,"max_hp_loss":0,"event_name":"The Cleric","floor":12,"gold_loss":35}],"is_beta":false,"boss_relics":[],"items_purged_floors":[],"is_endless":false,"potions_floor_spawned":[5,7,11,13,14],"killed_by":"Slime Boss","ascension_level":6}