{"gold_per_floor":[114,129,144,159,174,174,204,204,204,219,219,234,249,264,264,364,364,379,419,419],"floor_reached":20,"playtime":4661,"items_purged":[],"score":182,"play_id":"a9b9cf68-58d9-4698-8936-c0c0cc5e252e","local_time":"20190806191732","daily_mods":["Cursed Run","Colorless Cards","Terminal"],"is_ascension_mode":false,"campfire_choices":[{"data":"Sunder","floor":6.0,"key":"SMITH"},{"data":"Zap","floor":8.0,"key":"SMITH"},{"data":"Enlightenment","floor":11.0,"key":"SMITH"},{"data":"Transmutation","floor":15.0,"key":"SMITH"}],"neow_cost":"","seed_source_timestamp":0,"circlet_count":0,"master_deck":["Strike_B","Strike_B","Strike_B","Strike_B","Defend_B","Defend_B","Defend_B","Defend_B","Zap+1","Dualcast","Redo","Ball Lightning","Conserve Battery","Streamline","Sunder+1","Ball Lightning","Pain","Enlightenment+1","Sweeping Beam","Sweeping Beam","Transmutation+1","Doubt","Magnetism","Undo+1","Reinforced Body"],"special_seed":18114,"relics":["Cursed Key","Darkstone Periapt","Du-Vu Doll","Gremlin Horn","Matryoshka","White Beast Statue"],"potions_floor_usage":[],"damage_taken":[{"damage":0.0,"enemies":"Small Slimes","floor":1.0,"turns":3.0},{"damage":1.0,"enemies":"Jaw Worm","floor":2.0,"turns":3.0},{"damage":0.0,"enemies":"Cultist","floor":3.0,"turns":2.0},{"damage":1.0,"enemies":"Exordium Thugs","floor":4.0,"turns":4.0},{"damage":1.0,"enemies":"3 Louse","floor":5.0,"turns":2.0},{"damage":4.0,"enemies":"Gremlin Nob","floor":7.0,"turns":3.0},{"damage":9.0,"enemies":"2 Fungi Beasts","floor":10.0,"turns":3.0},{"damage":4.0,"enemies":"Large Slime","floor":12.0,"turns":4.0},{"damage":0.0,"enemies":"Exordium Thugs","floor":13.0,"turns":2.0},{"damage":0.0,"enemies":"Looter","floor":14.0,"turns":2.0},{"damage":37.0,"enemies":"Hexaghost","floor":16.0,"turns":7.0},{"damage":34,"enemies":"3 Byrds","floor":18,"turns":4},{"damage":21,"enemies":"2 Thieves","floor":19,"turns":3},{"damage":19,"enemies":"Snake Plant","floor":20,"turns":1}],"seed_played":"6970296724867873700","potions_obtained":[{"floor":1.0,"key":"LiquidBronze"},{"floor":5.0,"key":"FearPotion"},{"floor":7.0,"key":"Energy Potion"},{"floor":18,"key":"FocusPotion"},{"floor":19,"key":"Energy Potion"}],"is_trial":false,"path_per_floor":["M","M","M","M","M","R","E","R","T","M","R","M","M","M","R","B",null,"M","M","M"],"character_chosen":"DEFECT","items_purchased":[],"campfire_rested":0,"item_purchase_floors":[],"current_hp_per_floor":[73,72,71,70,69,68,64,64,70,61,61,57,57,57,57,26,69,35,14,0],"gold":419,"neow_bonus":"","is_prod":false,"is_daily":true,"chose_seed":false,"campfire_upgraded":4,"win_rate":0.0,"timestamp":1565133452,"path_taken":["M","M","M","M","M","R","E","R","T","M","R","M","M","M","R","BOSS","M","M","M"],"build_version":"2019-07-17","purchased_purges":0,"victory":false,"max_hp_per_floor":[73,72,71,70,69,68,67,66,71,70,69,68,67,66,65,70,69,68,67,67],"card_choices":[{"not_picked":["Auto Shields","Hologram"],"picked":"Redo","floor":1.0},{"not_picked":["Conserve Battery","Sweeping Beam"],"picked":"Ball Lightning","floor":2.0},{"not_picked":["Go for the Eyes","Streamline"],"picked":"Conserve Battery","floor":3.0},{"not_picked":["Beam Cell","Hologram"],"picked":"Streamline","floor":4.0},{"not_picked":["Swift Strike","Capacitor"],"picked":"Sunder","floor":5.0},{"not_picked":["Chaos","Jack Of All Trades"],"picked":"Ball Lightning","floor":7.0},{"not_picked":["Blind","Double Energy"],"picked":"Enlightenment","floor":10.0},{"not_picked":["Beam Cell","Chaos"],"picked":"Sweeping Beam","floor":12.0},{"not_picked":["Forethought","Stack"],"picked":"Sweeping Beam","floor":13.0},{"not_picked":["Gash","Turbo"],"picked":"Transmutation","floor":14.0},{"not_picked":["Transmutation","Secret Weapon"],"picked":"Magnetism","floor":16.0},{"not_picked":["Leap","Beam Cell+1"],"picked":"Undo+1","floor":18},{"not_picked":["Coolheaded","Heatsinks"],"picked":"Reinforced Body","floor":19}],"player_experience":14288,"relics_obtained":[{"floor":7.0,"key":"Gremlin Horn"},{"floor":9.0,"key":"Matryoshka"}],"event_choices":[],"is_beta":false,"boss_relics":[{"not_picked":["Coffee Dripper","Snecko Eye"],"picked":"White Beast Statue"}],"items_purged_floors":[],"is_endless":false,"potions_floor_spawned":[1,5,7,10,14,18,19],"killed_by":"Snake Plant","ascension_level":0}