{"gold_per_floor":[119,137,137,137,147,147,172,186,212,212,137,169,169,201,201,280,280,291,307,307,332,332,332,348,187,187,203,215,51,81,100,100,171,171,189,202,256,30,46,80,80,108,132,147,165,165,194,294,294,294,294,294,294,47,47],"floor_reached":55,"playtime":3700,"items_purged":["Strike_R","Strike_R"],"score":1890,"play_id":"f080ecad-a302-4d4d-9ab7-b08c4cbe1dae","local_time":"20190806234945","is_ascension_mode":true,"campfire_choices":[{"data":"Inflame","floor":6,"key":"SMITH"},{"data":"Shrug It Off","floor":10,"key":"SMITH"},{"data":"Sword Boomerang","floor":15,"key":"SMITH"},{"floor":23,"key":"RECALL"},{"floor":32,"key":"REST"},{"floor":49,"key":"REST"},{"floor":53,"key":"REST"}],"neow_cost":"NONE","seed_source_timestamp":451512381639700,"circlet_count":0,"master_deck":["AscendersBane","Defend_R","Defend_R","Defend_R","Defend_R","Bash+1","Pummel","Inflame+1","Sword Boomerang+1","Shrug It Off+1","Spot Weakness","Sword Boomerang","Fiend Fire","Shrug It Off","Inflame+1","Whirlwind","Shrug It Off+1","Reaper","Evolve","Limit Break+1"],"relics":["Burning Blood","Oddly Smooth Stone","Strawberry","Pen Nib","Gambling Chip","Fusion Hammer","Red Mask","Mummified Hand","Bronze Scales","Smiling Mask","White Beast Statue","Blood Vial","Dream Catcher","Red Skull","PreservedInsect","Ice Cream","Anchor"],"potions_floor_usage":[7,12,16,16,21,33,39,40,44,47,50,50,55],"damage_taken":[{"damage":0,"enemies":"Small Slimes","floor":1,"turns":3},{"damage":5,"enemies":"2 Louse","floor":2,"turns":4},{"damage":1,"enemies":"Cultist","floor":5,"turns":4},{"damage":22,"enemies":"Lagavulin","floor":7,"turns":6},{"damage":3,"enemies":"Blue Slaver","floor":8,"turns":4},{"damage":18,"enemies":"3 Sentries","floor":12,"turns":5},{"damage":8,"enemies":"Gremlin Nob","floor":14,"turns":3},{"damage":34,"enemies":"Hexaghost","floor":16,"turns":8},{"damage":0,"enemies":"Chosen","floor":18,"turns":3},{"damage":2,"enemies":"3 Byrds","floor":19,"turns":5},{"damage":12,"enemies":"Masked Bandits","floor":21,"turns":3},{"damage":0,"enemies":"Snake Plant","floor":24,"turns":2},{"damage":0,"enemies":"Chosen and Byrds","floor":27,"turns":3},{"damage":0,"enemies":"3 Cultists","floor":28,"turns":3},{"damage":27,"enemies":"Slavers","floor":30,"turns":3},{"damage":0,"enemies":"Centurion and Healer","floor":31,"turns":3},{"damage":79,"enemies":"Collector","floor":33,"turns":8},{"damage":0,"enemies":"3 Shapes","floor":35,"turns":4},{"damage":38,"enemies":"3 Darklings","floor":36,"turns":6},{"damage":44,"enemies":"Sphere and 2 Shapes","floor":39,"turns":9},{"damage":80,"enemies":"Reptomancer","floor":40,"turns":6},{"damage":54,"enemies":"Nemesis","floor":42,"turns":7},{"damage":6,"enemies":"Writhing Mass","floor":44,"turns":4},{"damage":33,"enemies":"4 Shapes","floor":45,"turns":6},{"damage":20,"enemies":"Giant Head","floor":47,"turns":5},{"damage":0,"enemies":"Mind Bloom Boss Battle","floor":48,"turns":4},{"damage":71,"enemies":"Awakened One","floor":50,"turns":6},{"damage":78,"enemies":"Time Eater","floor":51,"turns":6},{"damage":79,"enemies":"Shield and Spear","floor":55,"turns":3}],"seed_played":"4343006141484073006","potions_obtained":[{"floor":1,"key":"Fire Potion"},{"floor":5,"key":"Strength Potion"},{"floor":12,"key":"Swift Potion"},{"floor":14,"key":"GamblersBrew"},{"floor":18,"key":"Regen Potion"},{"floor":19,"key":"Fire Potion"},{"floor":27,"key":"GamblersBrew"},{"floor":30,"key":"SteroidPotion"},{"floor":33,"key":"Weak Potion"},{"floor":35,"key":"EssenceOfSteel"},{"floor":36,"key":"Swift Potion"},{"floor":39,"key":"Ancient Potion"},{"floor":40,"key":"Energy Potion"},{"floor":42,"key":"Weak Potion"},{"floor":44,"key":"SkillPotion"},{"floor":47,"key":"Swift Potion"},{"floor":48,"key":"Weak Potion"}],"is_trial":false,"path_per_floor":["M","M","?","?","M","R","E","M","T","R","?","E","?","E","R","B",null,"M","M","?","?","?","R","M","$","T","M","M","$","E","M","R","B",null,"M","M","T","$","M","E","?","E","T","M","M","?","E","?","R","B","B",null,"R","$","E"],"character_chosen":"IRONCLAD","items_purchased":["Whirlwind","Bronze Scales","Limit Break","GamblersBrew","Anchor"],"campfire_rested":3,"item_purchase_floors":[25,29,38,54,54],"current_hp_per_floor":[74,75,68,68,73,73,57,60,67,67,67,55,55,53,53,25,68,74,78,78,72,72,72,78,78,78,82,82,82,61,67,82,24,68,82,82,82,82,82,54,54,8,8,38,75,75,63,78,78,55,16,63,78,78,0],"gold":47,"neow_bonus":"THREE_CARDS","is_prod":false,"is_daily":false,"chose_seed":false,"campfire_upgraded":3,"win_rate":0,"timestamp":1565149785,"path_taken":["M","M","?","?","?","R","E","M","T","R","?","E","?","E","R","BOSS","M","?","?","?","?","R","M","$","T","M","M","$","E","M","R","BOSS","M","M","?","$","M","E","?","E","T","M","?","?","E","?","R","BOSS","BOSS","R","$","E"],"build_version":"2019-07-17","purchased_purges":2,"victory":false,"max_hp_per_floor":[75,75,75,75,75,75,75,75,82,82,82,82,82,82,82,82,82,82,82,82,82,82,82,82,82,82,82,82,82,82,82,82,82,82,82,82,82,82,82,82,82,82,82,82,82,78,78,78,78,78,78,78,78,78,78],"card_choices":[{"not_picked":["Sentinel","Flex"],"picked":"Pummel","floor":0},{"not_picked":["Clothesline","Battle Trance"],"picked":"Inflame","floor":1},{"not_picked":["Warcry","Evolve"],"picked":"Sword Boomerang","floor":2},{"not_picked":["Havoc","Ghostly Armor"],"picked":"Shrug It Off","floor":5},{"not_picked":["Rage","Flex"],"picked":"Spot Weakness","floor":7},{"not_picked":["Armaments","Clothesline"],"picked":"Sword Boomerang","floor":8},{"not_picked":["Sword Boomerang","Spot Weakness","Brutality"],"picked":"SKIP","floor":12},{"not_picked":["Intimidate","Body Slam","Feel No Pain"],"picked":"SKIP","floor":14},{"not_picked":["Barricade","Brutality"],"picked":"Fiend Fire","floor":16},{"not_picked":["Carnage","Anger"],"picked":"Shrug It Off","floor":18},{"not_picked":["Blood for Blood","Anger","Heavy Blade+1"],"picked":"SKIP","floor":19},{"not_picked":["Sword Boomerang","Dropkick","Warcry"],"picked":"SKIP","floor":24},{"not_picked":["Pommel Strike","Sword Boomerang"],"picked":"Shrug It Off+1","floor":27},{"not_picked":["Uppercut","Twin Strike","Sever Soul"],"picked":"SKIP","floor":28},{"not_picked":["Pommel Strike","Twin Strike","Pummel"],"picked":"SKIP","floor":30},{"not_picked":["True Grit","Seeing Red","Havoc"],"picked":"SKIP","floor":31},{"not_picked":["Feed","Juggernaut"],"picked":"Reaper","floor":33},{"not_picked":["Bloodletting","Thunderclap"],"picked":"Evolve","floor":35},{"not_picked":["Sword Boomerang","Entrench","Wild Strike"],"picked":"SKIP","floor":36},{"not_picked":["Havoc+1","Metallicize","Flex+1"],"picked":"SKIP","floor":39},{"not_picked":["Ghostly Armor","Barricade","Twin Strike"],"picked":"SKIP","floor":40},{"not_picked":["Clash+1","Cleave","Body Slam"],"picked":"SKIP","floor":42},{"not_picked":["Shrug It Off","Anger+1","Headbutt+1"],"picked":"SKIP","floor":44},{"not_picked":["Fire Breathing+1","Dual Wield","Pommel Strike"],"picked":"SKIP","floor":45},{"not_picked":["Rage","Dropkick","True Grit"],"picked":"SKIP","floor":47}],"player_experience":2626211,"relics_obtained":[{"floor":7,"key":"Oddly Smooth Stone"},{"floor":9,"key":"Strawberry"},{"floor":12,"key":"Pen Nib"},{"floor":14,"key":"Gambling Chip"},{"floor":21,"key":"Red Mask"},{"floor":26,"key":"Mummified Hand"},{"floor":30,"key":"Smiling Mask"},{"floor":40,"key":"Blood Vial"},{"floor":42,"key":"Dream Catcher"},{"floor":43,"key":"Red Skull"},{"floor":47,"key":"PreservedInsect"},{"floor":48,"key":"Ice Cream"}],"event_choices":[{"cards_removed":["Strike_R"],"damage_healed":0,"gold_gain":0,"player_choice":"Card Removal","damage_taken":7,"max_hp_gain":0,"max_hp_loss":0,"event_name":"Golden Wing","floor":3,"gold_loss":0},{"damage_healed":0,"gold_gain":0,"player_choice":"Upgraded","damage_taken":0,"max_hp_gain":0,"max_hp_loss":0,"event_name":"Upgrade Shrine","floor":4,"gold_loss":0,"cards_upgraded":["Bash"]},{"cards_removed":["Strike_R"],"damage_healed":0,"gold_gain":0,"player_choice":"Card Removal","damage_taken":0,"max_hp_gain":0,"max_hp_loss":0,"event_name":"The Cleric","floor":11,"gold_loss":75},{"cards_removed":["Strike_R"],"damage_healed":0,"gold_gain":0,"player_choice":"Purged","damage_taken":0,"max_hp_gain":0,"max_hp_loss":0,"event_name":"Purifier","floor":13,"gold_loss":0},{"damage_healed":0,"gold_gain":0,"player_choice":"Ignored","damage_taken":0,"max_hp_gain":0,"max_hp_loss":0,"event_name":"Vampires","floor":20,"gold_loss":0},{"damage_healed":0,"gold_gain":0,"player_choice":"Fought Bandits","damage_taken":0,"max_hp_gain":0,"max_hp_loss":0,"event_name":"Masked Bandits","floor":21,"gold_loss":0},{"damage_healed":0,"gold_gain":0,"player_choice":"Copied","damage_taken":0,"max_hp_gain":0,"max_hp_loss":0,"event_name":"Duplicator","floor":22,"gold_loss":0,"cards_obtained":["Inflame"]},{"damage_healed":0,"gold_gain":0,"player_choice":"Upgraded","damage_taken":0,"max_hp_gain":0,"max_hp_loss":0,"event_name":"Upgrade Shrine","floor":41,"gold_loss":0,"cards_upgraded":["Limit Break"]},{"damage_healed":0,"gold_gain":0,"player_choice":"Max HP","damage_taken":0,"max_hp_gain":0,"max_hp_loss":4,"event_name":"Winding Halls","floor":46,"gold_loss":0},{"damage_healed":0,"gold_gain":0,"player_choice":"Fight","damage_taken":0,"max_hp_gain":0,"max_hp_loss":0,"event_name":"MindBloom","floor":48,"gold_loss":0}],"is_beta":false,"boss_relics":[{"not_picked":["Black Blood","Orrery"],"picked":"Fusion Hammer"},{"not_picked":["Calling Bell","Philosopher\u0027s Stone"],"picked":"White Beast Statue"}],"items_purged_floors":[25,38],"is_endless":false,"potions_floor_spawned":[1,5,12,14,18,19,27,30,31,33,35,36,39,40,42,44,45,47,48],"killed_by":"Shield and Spear","ascension_level":20}