{"gold_per_floor":[119,119,119,119,294,334,349,349,373,69,90,125,125,164,164,290,290,305,305,305,324,342,342,377,396,396,396,415,340,439,53,53,182,182,200,200,265,265,286,286,286,327,327,24,40,2,33,49,49,49],"floor_reached":50,"playtime":2983,"items_purged":[],"score":739,"play_id":"6778f171-482b-4f26-971c-a7c9b97d0ab7","local_time":"20180823165918","is_ascension_mode":true,"campfire_choices":[{"data":"Gash","floor":8.0,"key":"SMITH"},{"floor":15.0,"key":"REST"},{"data":"Storm","floor":23.0,"key":"SMITH"},{"floor":27,"key":"REST"},{"data":"Defragment","floor":32,"key":"SMITH"},{"floor":40,"key":"REST"},{"floor":49,"key":"REST"}],"neow_cost":"","seed_source_timestamp":0,"circlet_count":0,"master_deck":["Strike_B","Strike_B","Defend_B","Defend_B","Defend_B","Defend_B","Zap","Dualcast","Static Discharge+1","Gash+1","Cold Snap","Go for the Eyes","Undo","Creative AI","Sunder","Streamline","Doom and Gloom","All For One","Coolheaded","All For One","Beam Cell+1","Ghostly","Ghostly","Ghostly","Ghostly","Ghostly","Compile Driver+1","Storm+1","All For One","Go for the Eyes","Barrage","Beam Cell","Defragment+1","Double Energy","Force Field","Meteor Strike","Rebound+1","Madness","Madness","Static Discharge+1","Hello World","Melter","Doom and Gloom+1","Gash","Hello World","Turbo+1","Hologram+1","Steam+1","Hologram+1","Stack+1","FTL","Skim+1"],"special_seed":0,"relics":["Cracked Core","Golden Idol","Happy Flower","Regal Pillow","Pear","Bottled Flame","Oddly Smooth Stone","Inserter","Enchiridion","Omamori","Orichalcum","Dream Catcher","Sozu","Emotion Chip","The Courier","Toxic Egg 2","Runic Capacitor","Anchor"],"potions_floor_usage":[25,33,45],"damage_taken":[{"damage":7.0,"enemies":"Jaw Worm","floor":1.0,"turns":3.0},{"damage":25.0,"enemies":"3 Sentries","floor":6.0,"turns":5.0},{"damage":3.0,"enemies":"2 Louse","floor":7.0,"turns":3.0},{"damage":11.0,"enemies":"Small Slimes","floor":11.0,"turns":2.0},{"damage":15.0,"enemies":"Lagavulin","floor":12.0,"turns":6.0},{"damage":7.0,"enemies":"Gremlin Nob","floor":14.0,"turns":3.0},{"damage":32.0,"enemies":"The Guardian","floor":16.0,"turns":7.0},{"damage":12.0,"enemies":"Chosen","floor":18.0,"turns":4.0},{"damage":13.0,"enemies":"2 Thieves","floor":21.0,"turns":4.0},{"damage":3.0,"enemies":"3 Cultists","floor":22.0,"turns":4.0},{"damage":9,"enemies":"Book of Stabbing","floor":24,"turns":7},{"damage":6,"enemies":"Chosen and Byrds","floor":25,"turns":7},{"damage":6,"enemies":"Cultist and Chosen","floor":28,"turns":4},{"damage":14,"enemies":"Champ","floor":33,"turns":11},{"damage":21,"enemies":"Orb Walker","floor":35,"turns":3},{"damage":0,"floor":37,"turns":3},{"damage":0,"enemies":"Flame Bruiser 1 Orb","floor":39,"turns":6},{"damage":1,"enemies":"Nemesis","floor":42,"turns":7},{"damage":26,"enemies":"4 Shapes","floor":45,"turns":5},{"damage":6,"enemies":"2 Orb Walkers","floor":47,"turns":6},{"damage":3,"enemies":"3 Darklings","floor":48,"turns":4},{"damage":37,"enemies":"Awakened One","floor":50,"turns":5}],"seed_played":"4304116994951572462","potions_obtained":[{"floor":1.0,"key":"FearPotion"},{"floor":7.0,"key":"SpeedPotion"},{"floor":11.0,"key":"GamblersBrew"},{"floor":21.0,"key":"SpeedPotion"},{"floor":22.0,"key":"GamblersBrew"},{"floor":25,"key":"GamblersBrew"}],"is_trial":false,"path_per_floor":["M","?","?","?","?","E","M","R","T","$","M","E","T","E","R","B",null,"M","?","?","M","M","R","E","M","T","R","M","?","?","$","R","B",null,"M","?","?","?","M","R","?","E","T","$","M","$","E","M","R"],"character_chosen":"DEFECT","items_purchased":["Undo","Creative AI","Sunder","Streamline","Beam Cell","Defragment","Double Energy","Force Field","Dream Catcher","Gash","Hello World","Runic Capacitor","Turbo+1","Hologram+1","Hologram+1"],"campfire_rested":4,"item_purchase_floors":[10,10,10,10,31,31,31,31,31,44,44,44,44,44,46],"current_hp_per_floor":[68,68,68,68,68,43,40,40,40,40,29,24,24,17,55,23,79,67,51,39,26,23,23,14,8,8,34,28,28,28,28,28,14,39,18,13,13,13,13,39,39,38,38,38,12,12,6,3,29,0],"gold":49,"neow_bonus":"","is_prod":false,"is_daily":false,"chose_seed":false,"campfire_upgraded":3,"win_rate":0,"timestamp":1535068758,"path_taken":["M","?","?","?","?","E","M","R","T","$","M","E","?","E","R","BOSS","M","?","?","?","M","R","E","M","T","R","M","?","?","$","R","BOSS","M","?","?","?","?","R","?","E","T","$","?","?","E","?","R","BOSS"],"build_version":"2018-08-16","purchased_purges":0,"victory":false,"max_hp_per_floor":[75,75,75,69,69,69,69,69,69,69,69,79,79,79,79,79,79,79,79,39,39,39,39,39,39,39,39,39,39,39,39,39,39,39,39,39,39,39,39,39,39,39,39,39,39,39,39,39,39,39],"card_choices":[{"not_picked":["Tempest","Cold Snap"],"picked":"Static Discharge","floor":1.0},{"not_picked":["Steam","Stack"],"picked":"Cold Snap","floor":6.0},{"not_picked":["Beam Cell","Turbo"],"picked":"Go for the Eyes","floor":7.0},{"not_picked":["Rip and Tear","Coolheaded"],"picked":"Doom and Gloom","floor":11.0},{"not_picked":["Auto Shields","Doom and Gloom"],"picked":"All For One","floor":12.0},{"not_picked":["Reinforced Body","Redo"],"picked":"Coolheaded","floor":14.0},{"not_picked":["Core Surge","Multi-Cast"],"picked":"All For One","floor":16.0},{"not_picked":["Doom and Gloom","Stack"],"picked":"Beam Cell+1","floor":18.0},{"not_picked":["Coolheaded","Ball Lightning+1"],"picked":"Compile Driver+1","floor":21.0},{"not_picked":["Self Repair","Coolheaded"],"picked":"Storm","floor":22.0},{"not_picked":["Leap","Melter"],"picked":"All For One","floor":24},{"not_picked":["Tempest","Compile Driver"],"picked":"Go for the Eyes","floor":25},{"not_picked":["Cold Snap","Ball Lightning"],"picked":"Barrage","floor":28},{"not_picked":["Echo Form","Core Surge"],"picked":"Meteor Strike","floor":33},{"not_picked":["Cold Snap+1","Stack"],"picked":"Rebound+1","floor":35},{"not_picked":["Leap+1","Streamline+1"],"picked":"Static Discharge+1","floor":37},{"not_picked":["Barrage+1","Redo"],"picked":"Hello World","floor":39},{"not_picked":["Coolheaded","Leap+1"],"picked":"Melter","floor":40},{"not_picked":["Reprogram","Hologram"],"picked":"Doom and Gloom+1","floor":42},{"not_picked":["Beam Cell+1","Leap+1"],"picked":"Steam+1","floor":45},{"not_picked":["Recycle+1","Reinforced Body+1"],"picked":"Stack+1","floor":47},{"not_picked":["Cold Snap+1","Go for the Eyes"],"picked":"FTL","floor":48},{"not_picked":["Coolheaded+1","Streamline+1"],"picked":"Skim+1","floor":49}],"player_experience":168477,"relics_obtained":[{"floor":6.0,"key":"Happy Flower"},{"floor":9.0,"key":"Regal Pillow"},{"floor":12.0,"key":"Pear"},{"floor":13.0,"key":"Bottled Flame"},{"floor":14.0,"key":"Oddly Smooth Stone"},{"floor":19.0,"key":"Enchiridion"},{"floor":24,"key":"Omamori"},{"floor":26,"key":"Orichalcum"},{"floor":37,"key":"Emotion Chip"},{"floor":42,"key":"The Courier"},{"floor":43,"key":"Toxic Egg 2"},{"floor":47,"key":"Anchor"}],"event_choices":[{"event_name":"Living Wall","player_choice":"Change","floor":2.0,"damage_taken":0.0},{"event_name":"Upgrade Shrine","player_choice":"Upgraded","floor":3.0,"damage_taken":0.0},{"event_name":"Golden Idol","player_choice":"Lose Max HP","floor":4.0,"damage_taken":0.0},{"event_name":"Liars Game","player_choice":"agreed","floor":5.0,"damage_taken":0.0},{"event_name":"Cursed Tome","player_choice":"Obtained Book","floor":19.0,"damage_taken":0.0},{"event_name":"Ghosts","player_choice":"Became a Ghost","floor":20.0,"damage_taken":0.0},{"event_name":"Beggar","player_choice":"Gave Gold","floor":29,"damage_taken":0},{"event_name":"Nest","player_choice":"Stole From Cult","floor":30,"damage_taken":0},{"event_name":"Winding Halls","player_choice":"Embrace Madness","floor":36,"damage_taken":0},{"event_name":"Mysterious Sphere","player_choice":"Fight","floor":37,"damage_taken":0},{"event_name":"Purifier","player_choice":"One Purge","floor":38,"damage_taken":0},{"event_name":"Tomb of Lord Red Mask","player_choice":"Ignored","floor":41,"damage_taken":0}],"is_beta":false,"boss_relics":[{"not_picked":["Coffee Dripper","Runic Dome"],"picked":"Inserter"},{"not_picked":["White Beast Statue","Empty Cage"],"picked":"Sozu"}],"items_purged_floors":[],"is_endless":false,"potions_floor_spawned":[1,7,11,21,22,25,35,39,48],"killed_by":"Awakened One","ascension_level":3}