{"gold_per_floor":[109,34,54,54,71,71,85,114,114,114,114,133,148,181,181,277,277,293,293,312,244,14,14],"floor_reached":23,"playtime":1395,"items_purged":["Defend_B"],"score":271,"play_id":"b43c3fee-e096-435f-9f70-4efeb3825bab","local_time":"20190803105314","is_ascension_mode":true,"campfire_choices":[{"data":"Dualcast","floor":6,"key":"SMITH"},{"floor":10,"key":"REST"},{"floor":15,"key":"REST"}],"neow_cost":"TEN_PERCENT_HP_LOSS","seed_source_timestamp":128801278781647,"circlet_count":0,"master_deck":["Strike_B","Strike_B","Defend_B","Defend_B","Defend_B","Zap","Dualcast+1","Capacitor","Gash","Compile Driver","Glacier","Loop","Melter","Defragment","Machine Learning","Ball Lightning","Creative AI","Buffer","Self Repair"],"relics":["Cracked Core","NlothsMask","Meat on the Bone","Cursed Key","Nloth\u0027s Gift","Membership Card"],"potions_floor_usage":[8,13,16,23],"damage_taken":[{"damage":9,"enemies":"Jaw Worm","floor":1,"turns":4},{"damage":0,"enemies":"Cultist","floor":3,"turns":4},{"damage":0,"enemies":"Small Slimes","floor":5,"turns":3},{"damage":7,"enemies":"Red Slaver","floor":7,"turns":4},{"damage":35,"enemies":"Gremlin Nob","floor":8,"turns":4},{"damage":2,"enemies":"Looter","floor":12,"turns":3},{"damage":13,"enemies":"Gremlin Gang","floor":13,"turns":5},{"damage":6,"enemies":"Lagavulin","floor":14,"turns":7},{"damage":27,"enemies":"Hexaghost","floor":16,"turns":16},{"damage":0,"enemies":"Spheric Guardian","floor":18,"turns":2},{"damage":17,"enemies":"3 Byrds","floor":20,"turns":5},{"damage":46,"enemies":"Book of Stabbing","floor":23,"turns":5}],"seed_played":"3515399860418286875","potions_obtained":[{"floor":5,"key":"FocusPotion"},{"floor":12,"key":"AttackPotion"},{"floor":13,"key":"GamblersBrew"},{"floor":20,"key":"SkillPotion"}],"is_trial":false,"path_per_floor":["M","$","M","?","M","R","M","E","T","R","$","M","M","E","R","B",null,"M","?","M","$","$","E"],"character_chosen":"DEFECT","items_purchased":["Buffer","Membership Card","Self Repair"],"campfire_rested":2,"item_purchase_floors":[21,22,22],"current_hp_per_floor":[59,59,59,59,59,59,52,17,17,37,37,35,34,40,60,45,62,62,62,45,45,45,0],"gold":14,"neow_bonus":"REMOVE_TWO","is_prod":false,"is_daily":false,"chose_seed":false,"campfire_upgraded":1,"win_rate":0,"timestamp":1564847594,"path_taken":["M","$","M","?","?","R","M","E","T","R","?","M","M","E","R","BOSS","M","?","?","?","$","E"],"build_version":"2019-07-17","purchased_purges":1,"victory":false,"max_hp_per_floor":[68,68,68,68,68,68,68,68,68,68,68,68,68,68,68,68,68,68,68,68,68,68,68],"card_choices":[{"not_picked":["Go for the Eyes","Conserve Battery","Storm"],"picked":"SKIP","floor":1},{"not_picked":["Beam Cell","Coolheaded"],"picked":"Capacitor","floor":3},{"not_picked":["Beam Cell","Redo"],"picked":"Gash","floor":5},{"not_picked":["Stack","Fusion"],"picked":"Compile Driver","floor":7},{"not_picked":["Compile Driver","Defragment"],"picked":"Glacier","floor":8},{"not_picked":["Hologram","Steam"],"picked":"Loop","floor":12},{"not_picked":["Heatsinks","Streamline"],"picked":"Melter","floor":13},{"not_picked":["Streamline","Gash"],"picked":"Defragment","floor":14},{"not_picked":["Amplify","Rainbow"],"picked":"Machine Learning","floor":16},{"not_picked":["Hologram","Beam Cell"],"picked":"Ball Lightning","floor":18},{"not_picked":["Blizzard+1","Defragment"],"picked":"Creative AI","floor":20}],"player_experience":600493,"relics_obtained":[{"floor":8,"key":"Meat on the Bone"},{"floor":14,"key":"Gremlin Horn"}],"event_choices":[{"damage_healed":0,"gold_gain":0,"player_choice":"Trade","damage_taken":0,"relics_obtained":["NlothsMask"],"max_hp_gain":0,"max_hp_loss":0,"event_name":"FaceTrader","floor":4,"gold_loss":0},{"damage_healed":0,"gold_gain":0,"player_choice":"Traded Relic","damage_taken":0,"relics_obtained":["Nloth\u0027s Gift"],"max_hp_gain":0,"max_hp_loss":0,"event_name":"N\u0027loth","floor":19,"relics_lost":["Gremlin Horn"],"gold_loss":0}],"is_beta":false,"boss_relics":[{"not_picked":["Inserter","Black Star"],"picked":"Cursed Key"}],"items_purged_floors":[2],"is_endless":false,"potions_floor_spawned":[5,12,13,20],"killed_by":"Book of Stabbing","ascension_level":7}