{"gold_per_floor":[111,131,306,322,333,333,333,333,402,352,352,366,377,394,394,497,497,513,513,9,21,21,21,34,44,44,70,70,98,98,118,118,219,219,231,231,281,281,381,406,406,439,462,481,298,298,312,387,387,387,387,387,16,44,44],"floor_reached":56,"playtime":3100,"items_purged":["Decay"],"score":1365,"play_id":"946211a4-ae3e-4cbb-8a66-fe2a6100d85f","local_time":"20181201142908","is_ascension_mode":false,"campfire_choices":[{"data":"Neutralize","floor":6.0,"key":"SMITH"},{"floor":11.0,"key":"RECALL"},{"data":"Infinite Blades","floor":15.0,"key":"SMITH"},{"data":"Noxious Fumes","floor":23.0,"key":"SMITH"},{"floor":32.0,"key":"REST"},{"data":"Burst","floor":49.0,"key":"SMITH"},{"data":"After Image","floor":52.0,"key":"SMITH"}],"neow_cost":"NONE","seed_source_timestamp":4434368853892,"circlet_count":0,"master_deck":["Neutralize+1","Quick Slash","Backflip","Deflect","Deflect","Infinite Blades+1","Terror","Corpse Explosion","Accuracy","Noxious Fumes+1","Cloak And Dagger","Cloak And Dagger","Tools of the Trade","Cloak And Dagger+1","After Image+1","Backflip","Poisoned Stab","Accuracy","Dagger Throw","Bane","Dodge and Roll","Deadly Poison","Outmaneuver","Quick Slash","Deflect+1","Backflip","Crippling Poison","Burst+1","Heel Hook","Backflip+1","Blur","Backstab","Writhe","Finisher+1"],"special_seed":0,"relics":["Centennial Puzzle","Mercury Hourglass","Cursed Key","Nloth\u0027s Gift","Matryoshka","Ninja Scroll","Enchiridion","Bronze Scales","Darkstone Periapt","Juzu Bracelet","Gremlin Horn","Pandora\u0027s Box","Thread and Needle","Torii","Bottled Lightning","Singing Bowl","Kunai","Unceasing Top","Happy Flower"],"potions_floor_usage":[55,55],"damage_taken":[{"damage":1.0,"enemies":"Cultist","floor":1.0,"turns":5.0},{"damage":6.0,"enemies":"Jaw Worm","floor":2.0,"turns":5.0},{"damage":6.0,"enemies":"Small Slimes","floor":4.0,"turns":5.0},{"damage":1.0,"enemies":"2 Fungi Beasts","floor":5.0,"turns":5.0},{"damage":1.0,"enemies":"Looter","floor":12.0,"turns":3.0},{"damage":0.0,"enemies":"Lots of Slimes","floor":13.0,"turns":3.0},{"damage":0.0,"enemies":"3 Louse","floor":14.0,"turns":3.0},{"damage":42.0,"enemies":"Slime Boss","floor":16.0,"turns":12.0},{"damage":0.0,"enemies":"Chosen","floor":18.0,"turns":4.0},{"damage":8.0,"enemies":"Spheric Guardian","floor":21.0,"turns":4.0},{"damage":11.0,"enemies":"Snecko","floor":24.0,"turns":4.0},{"damage":6.0,"enemies":"Sentry and Sphere","floor":25.0,"turns":3.0},{"damage":0.0,"enemies":"Gremlin Leader","floor":27.0,"turns":5.0},{"damage":11.0,"enemies":"Book of Stabbing","floor":29.0,"turns":5.0},{"damage":3.0,"enemies":"Centurion and Healer","floor":31.0,"turns":4.0},{"damage":37.0,"enemies":"Automaton","floor":33.0,"turns":7.0},{"damage":6.0,"enemies":"Orb Walker","floor":35.0,"turns":3.0},{"damage":19.0,"enemies":"2 Orb Walkers","floor":37.0,"turns":3.0},{"damage":0.0,"enemies":"Mind Bloom Boss Battle","floor":39.0,"turns":5.0},{"damage":1.0,"enemies":"Giant Head","floor":40.0,"turns":7.0},{"damage":1.0,"enemies":"Reptomancer","floor":42.0,"turns":5.0},{"damage":6.0,"enemies":"3 Shapes","floor":44.0,"turns":2.0},{"damage":6.0,"enemies":"3 Darklings","floor":47.0,"turns":2.0},{"damage":14.0,"enemies":"Awakened One","floor":50.0,"turns":12.0},{"damage":9,"enemies":"Shield and Spear","floor":54,"turns":6},{"damage":25,"enemies":"The Heart","floor":55,"turns":10}],"seed_played":"-8550597435220369313","potions_obtained":[{"floor":1.0,"key":"Regen Potion"},{"floor":5.0,"key":"SkillPotion"},{"floor":16.0,"key":"Regen Potion"},{"floor":21.0,"key":"Strength Potion"},{"floor":24.0,"key":"SteroidPotion"},{"floor":25.0,"key":"EssenceOfSteel"},{"floor":33.0,"key":"EssenceOfSteel"},{"floor":40.0,"key":"SkillPotion"},{"floor":47.0,"key":"Dexterity Potion"}],"is_trial":false,"path_per_floor":["M","M","?","M","M","R","?","?","T","?","R","M","M","M","R","B",null,"M","?","$","M","?","R","M","M","T","E","?","E","?","M","R","B",null,"M","?","?","?","?","E","E","?","E","T","M","$","?","M","?","R","B",null,"R","$","E","B",null],"character_chosen":"THE_SILENT","items_purchased":["Matryoshka","Ninja Scroll","Blur","Backstab","Unceasing Top","GamblersBrew"],"campfire_rested":1,"item_purchase_floors":[20,20,45,45,53,53],"current_hp_per_floor":[76,70,70,64,63,63,60,60,60,60,60,59,59,59,59,32,77,77,77,77,69,53,53,42,36,36,36,36,39,39,36,59,22,77,71,71,52,52,52,51,51,50,56,50,50,77,71,63,63,49,89,89,89,82,57],"gold":44,"neow_bonus":"TEN_PERCENT_HP_BONUS","is_prod":false,"is_daily":false,"chose_seed":false,"campfire_upgraded":5,"win_rate":0,"timestamp":1543703348,"path_taken":["M","?","?","M","M","R","?","?","T","?","R","M","M","M","R","BOSS","M","?","$","?","?","R","M","M","T","E","?","E","?","M","R","BOSS","M","?","?","?","?","E","?","E","T","M","$","?","M","?","R","BOSS","R","$","E","BOSS"],"build_version":"2018-11-15","purchased_purges":1,"victory":true,"max_hp_per_floor":[77,77,77,77,77,77,77,77,77,77,77,77,77,77,77,77,77,77,77,77,77,77,77,77,77,77,77,77,77,77,77,77,77,77,77,77,77,77,77,77,77,77,83,83,83,89,89,89,89,89,89,89,89,91,91],"card_choices":[{"not_picked":["Eviscerate","Slice"],"picked":"Quick Slash","floor":1.0},{"not_picked":["Sucker Punch","Dagger Throw","Underhanded Strike"],"picked":"SKIP","floor":2.0},{"not_picked":["Bouncing Flask","Distraction"],"picked":"Backflip","floor":4.0},{"not_picked":["Bane","Dagger Throw"],"picked":"Deflect","floor":5.0},{"not_picked":["Deadly Poison","Skewer"],"picked":"Deflect","floor":12.0},{"not_picked":["Accuracy","Tactician"],"picked":"Infinite Blades","floor":13.0},{"not_picked":["Prepared","Deadly Poison"],"picked":"Terror","floor":14.0},{"not_picked":["Wraith Form v2","Tools of the Trade"],"picked":"Corpse Explosion","floor":16.0},{"not_picked":["PiercingWail","Quick Slash"],"picked":"Accuracy","floor":18.0},{"not_picked":["Bouncing Flask","Infinite Blades"],"picked":"Noxious Fumes","floor":21.0},{"not_picked":["Flechettes","Flying Knee"],"picked":"Cloak And Dagger","floor":24.0},{"not_picked":["Poisoned Stab+1","Choke","Dagger Throw"],"picked":"SKIP","floor":25.0},{"not_picked":["Wraith Form v2","Bullet Time"],"picked":"Cloak And Dagger","floor":27.0},{"not_picked":["Flechettes","Tools of the Trade","Poisoned Stab"],"picked":"SKIP","floor":29.0},{"not_picked":["Flechettes","Poisoned Stab"],"picked":"Tools of the Trade","floor":29.0},{"not_picked":["Acrobatics","Slice"],"picked":"Cloak And Dagger+1","floor":31.0},{"not_picked":["Storm of Steel","A Thousand Cuts"],"picked":"After Image","floor":33.0},{"not_picked":["Blade Dance","Deadly Poison+1"],"picked":"Deflect+1","floor":35.0},{"not_picked":["Bane","Flechettes+1"],"picked":"Backflip","floor":37.0},{"not_picked":["Dagger Throw+1","Poisoned Stab"],"picked":"Crippling Poison","floor":39.0},{"not_picked":["Caltrops","Doppelganger"],"picked":"Burst","floor":40.0},{"not_picked":["Outmaneuver","Dodge and Roll+1"],"picked":"Heel Hook","floor":42.0},{"not_picked":["Deadly Poison","Dagger Spray"],"picked":"Backflip+1","floor":44.0},{"not_picked":["Backstab+1","Dodge and Roll+1"],"picked":"Finisher+1","floor":47.0},{"not_picked":["After Image","Blade Dance+1","Slice"],"picked":"Singing Bowl","floor":54}],"player_experience":513292,"relics_obtained":[{"floor":9.0,"key":"Mercury Hourglass"},{"floor":22.0,"key":"Enchiridion"},{"floor":26.0,"key":"Bronze Scales"},{"floor":26.0,"key":"Darkstone Periapt"},{"floor":27.0,"key":"Juzu Bracelet"},{"floor":29.0,"key":"Gremlin Horn"},{"floor":37.0,"key":"Thread and Needle"},{"floor":39.0,"key":"Torii"},{"floor":40.0,"key":"Bottled Lightning"},{"floor":42.0,"key":"Singing Bowl"},{"floor":43.0,"key":"Kunai"},{"floor":54,"key":"Happy Flower"}],"event_choices":[{"damage_healed":0.0,"max_hp_gain":0.0,"max_hp_loss":0.0,"gold_gain":175.0,"event_name":"Liars Game","player_choice":"AGREE","floor":3.0,"gold_loss":0.0,"damage_taken":0.0,"cards_obtained":["Doubt"]},{"damage_healed":0.0,"max_hp_gain":0.0,"max_hp_loss":0.0,"gold_gain":0.0,"event_name":"Scrap Ooze","player_choice":"Success","floor":7.0,"gold_loss":0.0,"damage_taken":3.0,"relics_obtained":["Centennial Puzzle"]},{"cards_removed":["Doubt"],"damage_healed":0.0,"max_hp_gain":0.0,"max_hp_loss":0.0,"gold_gain":0.0,"event_name":"Living Wall","player_choice":"Forget","floor":8.0,"gold_loss":0.0,"damage_taken":0.0},{"cards_removed":["Strike_G"],"damage_healed":0.0,"max_hp_gain":0.0,"max_hp_loss":0.0,"gold_gain":0.0,"event_name":"The Cleric","player_choice":"Card Removal","floor":10.0,"gold_loss":50.0,"damage_taken":0.0},{"damage_healed":0.0,"max_hp_gain":0.0,"max_hp_loss":0.0,"gold_gain":0.0,"event_name":"N\u0027loth","player_choice":"Traded Relic","floor":19.0,"relics_lost":["Ring of the Snake"],"gold_loss":0.0,"damage_taken":0.0,"relics_obtained":["Nloth\u0027s Gift"]},{"damage_healed":0.0,"max_hp_gain":0.0,"max_hp_loss":0.0,"gold_gain":0.0,"event_name":"Cursed Tome","player_choice":"Obtained Book","floor":22.0,"gold_loss":0.0,"damage_taken":16.0},{"cards_removed":["Shame"],"damage_healed":0.0,"max_hp_gain":0.0,"max_hp_loss":0.0,"gold_gain":0.0,"event_name":"Purifier","player_choice":"Purged","floor":28.0,"gold_loss":0.0,"damage_taken":0.0},{"cards_removed":["Iron Wave"],"damage_healed":0.0,"max_hp_gain":0.0,"max_hp_loss":0.0,"gold_gain":0.0,"event_name":"NoteForYourself","player_choice":"Took Card","floor":30.0,"gold_loss":0.0,"damage_taken":0.0,"cards_obtained":["Iron Wave"]},{"cards_removed":["Survivor"],"damage_healed":0.0,"max_hp_gain":0.0,"max_hp_loss":0.0,"gold_gain":0.0,"event_name":"Falling","player_choice":"Removed Skill","floor":36.0,"gold_loss":0.0,"damage_taken":0.0},{"damage_healed":0.0,"max_hp_gain":0.0,"max_hp_loss":0.0,"gold_gain":0.0,"event_name":"Mysterious Sphere","player_choice":"Fight","floor":37.0,"gold_loss":0.0,"damage_taken":0.0},{"damage_healed":0.0,"max_hp_gain":0.0,"max_hp_loss":0.0,"gold_gain":0.0,"event_name":"Tomb of Lord Red Mask","player_choice":"Ignored","floor":38.0,"gold_loss":0.0,"damage_taken":0.0},{"damage_healed":0.0,"max_hp_gain":0.0,"max_hp_loss":0.0,"gold_gain":0.0,"event_name":"MindBloom","player_choice":"Fight","floor":39.0,"gold_loss":0.0,"damage_taken":0.0},{"damage_healed":0.0,"max_hp_gain":0.0,"max_hp_loss":0.0,"gold_gain":0.0,"event_name":"SecretPortal","player_choice":"Ignored","floor":41.0,"gold_loss":0.0,"damage_taken":0.0},{"damage_healed":21.0,"max_hp_gain":0.0,"max_hp_loss":0.0,"gold_gain":0.0,"event_name":"Winding Halls","player_choice":"Writhe","floor":46.0,"gold_loss":0.0,"damage_taken":0.0,"cards_obtained":["Writhe"]},{"damage_healed":0.0,"max_hp_gain":0.0,"max_hp_loss":0.0,"gold_gain":75.0,"event_name":"FaceTrader","player_choice":"Touch","floor":48.0,"gold_loss":0.0,"damage_taken":8.0}],"is_beta":false,"boss_relics":[{"not_picked":["Snecko Eye","Eternal Feather"],"picked":"Cursed Key"},{"not_picked":["Runic Dome","White Beast Statue"],"picked":"Pandora\u0027s Box"}],"items_purged_floors":[45],"is_endless":false,"potions_floor_spawned":[1,5,16,21,24,25,33,40,44,47],"ascension_level":0}