{"gold_per_floor":[110,34,34,52,227,227,256,256,256,331,331,356,372,66,66,162,162,176,40,57,57,69,69,69,102,102,120,44,44,79,90,90,193,193,208,225,244,88,7,7,39,53,99,126,126,126,126],"floor_reached":47,"playtime":1898,"items_purged":["Doubt","Strike_G"],"score":582,"play_id":"95b3de89-de4b-40d7-b389-79f65c525e2e","local_time":"20190531015241","is_ascension_mode":true,"campfire_choices":[{"data":"Noxious Fumes","floor":6.0,"key":"SMITH"},{"floor":8.0,"key":"REST"},{"floor":15.0,"key":"REST"},{"floor":23,"key":"REST"},{"data":"Footwork","floor":32,"key":"SMITH"},{"data":"Footwork","floor":40,"key":"SMITH"},{"floor":45,"key":"REST"}],"neow_cost":"NONE","seed_source_timestamp":31612804562202,"circlet_count":0,"master_deck":["Defend_G+1","Defend_G+1","Defend_G+1","Defend_G+1","Defend_G+1","Strike_G+1","Strike_G+1","Strike_G+1","Survivor","Neutralize","Cloak And Dagger+1","Noxious Fumes+1","Dagger Spray","Well Laid Plans","Footwork+1","Infinite Blades","Footwork+1","Deflect","Malaise","Noxious Fumes","Bouncing Flask+1","Catalyst+1","Well Laid Plans","Leg Sweep","Catalyst+1","After Image","Corpse Explosion","Dodge and Roll+1","Footwork","Cloak And Dagger+1"],"special_seed":0,"relics":["Ring of the Serpent","Ornamental Fan","Potion Belt","Anchor","Bag of Preparation","Turnip","Pantograph","Oddly Smooth Stone","Empty Cage","Happy Flower","PreservedInsect","Bronze Scales"],"potions_floor_usage":[30],"damage_taken":[{"damage":9.0,"enemies":"Jaw Worm","floor":1.0,"turns":6.0},{"damage":0.0,"enemies":"Small Slimes","floor":4.0,"turns":3.0},{"damage":17.0,"enemies":"3 Sentries","floor":7.0,"turns":5.0},{"damage":20.0,"enemies":"Gremlin Nob","floor":12.0,"turns":5.0},{"damage":0.0,"enemies":"2 Louse","floor":13.0,"turns":2.0},{"damage":22.0,"enemies":"Slime Boss","floor":16.0,"turns":9.0},{"damage":23,"enemies":"2 Thieves","floor":18,"turns":5},{"damage":0,"enemies":"Chosen","floor":20,"turns":6},{"damage":21,"enemies":"Snake Plant","floor":22,"turns":4},{"damage":8,"enemies":"Gremlin Leader","floor":25,"turns":7},{"damage":11,"enemies":"3 Cultists","floor":27,"turns":6},{"damage":20,"enemies":"Slavers","floor":30,"turns":9},{"damage":0,"enemies":"Sentry and Sphere","floor":31,"turns":5},{"damage":10,"enemies":"Automaton","floor":33,"turns":9},{"damage":2,"enemies":"3 Shapes","floor":35,"turns":5},{"damage":1,"enemies":"Orb Walker","floor":36,"turns":3},{"damage":19,"enemies":"4 Shapes","floor":37,"turns":5},{"damage":11,"enemies":"Nemesis","floor":41,"turns":7},{"damage":15,"enemies":"Jaw Worm Horde","floor":42,"turns":6},{"damage":2,"enemies":"Giant Head","floor":44,"turns":6},{"damage":46,"enemies":"Reptomancer","floor":47,"turns":3}],"seed_played":"3012944568435289957","potions_obtained":[{"floor":1.0,"key":"PowerPotion"},{"floor":4.0,"key":"Ancient Potion"},{"floor":13.0,"key":"Weak Potion"},{"floor":18,"key":"GhostInAJar"},{"floor":27,"key":"Swift Potion"},{"floor":30,"key":"Ancient Potion"},{"floor":33,"key":"Block Potion"},{"floor":35,"key":"Dexterity Potion"},{"floor":41,"key":"SpeedPotion"},{"floor":44,"key":"PowerPotion"}],"is_trial":false,"path_per_floor":["M","$","?","M","?","R","E","R","T","?","?","E","M","$","R","B",null,"M","$","M","$","M","R","?","E","T","M","$","?","E","M","R","B",null,"M","M","M","$","$","R","E","M","T","E","R","?","E"],"character_chosen":"THE_SILENT","items_purchased":["Noxious Fumes","Footwork","Bag of Preparation","Deflect","Noxious Fumes","Leg Sweep","Happy Flower","Footwork"],"campfire_rested":4,"item_purchase_floors":[2,14,14,14,19,28,38,39],"current_hp_per_floor":[61,61,47,47,47,47,30,51,51,40,40,20,20,20,41,19,70,47,47,47,47,26,47,47,39,39,28,28,28,8,8,8,23,70,68,67,48,48,48,48,37,22,22,20,41,41,0],"gold":126,"neow_bonus":"ONE_RANDOM_RARE_CARD","is_prod":false,"is_daily":false,"chose_seed":false,"campfire_upgraded":3,"win_rate":0,"timestamp":1559256761,"path_taken":["M","$","?","M","?","R","E","R","T","?","?","E","M","?","R","BOSS","M","$","M","$","M","R","?","E","T","M","$","?","E","M","R","BOSS","M","M","?","?","$","R","E","M","T","E","R","?","E"],"build_version":"2019-01-23","purchased_purges":2,"victory":false,"max_hp_per_floor":[70,70,70,70,70,70,70,70,70,70,70,70,70,70,70,70,70,70,70,70,70,70,70,70,70,70,70,70,70,70,70,70,70,70,70,70,70,70,70,70,70,70,70,70,70,66,66],"card_choices":[{"not_picked":["Distraction","PiercingWail"],"picked":"Cloak And Dagger","floor":1.0},{"not_picked":["Blade Dance","Reflex"],"picked":"Dagger Spray","floor":4.0},{"not_picked":["Dash","PiercingWail"],"picked":"Well Laid Plans","floor":7.0},{"not_picked":["Escape Plan","Slice"],"picked":"Footwork","floor":12.0},{"not_picked":["Blade Dance","Calculated Gamble"],"picked":"Infinite Blades","floor":13.0},{"not_picked":["Envenom","A Thousand Cuts"],"picked":"Malaise","floor":16.0},{"not_picked":["Quick Slash","Concentrate+1","Slice"],"picked":"SKIP","floor":18},{"not_picked":["Skewer","Sucker Punch"],"picked":"Bouncing Flask+1","floor":20},{"not_picked":["Flying Knee","Flechettes","All Out Attack"],"picked":"SKIP","floor":22},{"not_picked":["Prepared","Poisoned Stab"],"picked":"Catalyst+1","floor":25},{"not_picked":["Deadly Poison","Outmaneuver"],"picked":"Well Laid Plans","floor":27},{"not_picked":["Riddle With Holes","Dagger Spray","Slice+1"],"picked":"SKIP","floor":30},{"not_picked":["Deadly Poison","Noxious Fumes+1"],"picked":"After Image","floor":31},{"not_picked":["Grand Finale","Bullet Time"],"picked":"Corpse Explosion","floor":33},{"not_picked":["Dagger Spray+1","Slice+1"],"picked":"Dodge and Roll+1","floor":35},{"not_picked":["Outmaneuver","Reflex","Deadly Poison+1"],"picked":"SKIP","floor":36},{"not_picked":["Blade Dance","Distraction+1","Heel Hook+1"],"picked":"SKIP","floor":37},{"not_picked":["Well Laid Plans","Die Die Die","Prepared"],"picked":"SKIP","floor":41},{"not_picked":["Well Laid Plans","Die Die Die","Prepared"],"picked":"SKIP","floor":41},{"not_picked":["Underhanded Strike+1","Concentrate","Reflex+1"],"picked":"SKIP","floor":42},{"not_picked":["Eviscerate+1","Escape Plan"],"picked":"Cloak And Dagger+1","floor":44}],"player_experience":934911,"relics_obtained":[{"floor":7.0,"key":"Ornamental Fan"},{"floor":9.0,"key":"Potion Belt"},{"floor":12.0,"key":"Anchor"},{"floor":25,"key":"Turnip"},{"floor":26,"key":"Pantograph"},{"floor":30,"key":"Oddly Smooth Stone"},{"floor":41,"key":"PreservedInsect"},{"floor":44,"key":"Bronze Scales"}],"event_choices":[{"damage_healed":0.0,"max_hp_gain":0.0,"max_hp_loss":0.0,"gold_gain":0.0,"event_name":"Shining Light","player_choice":"Entered Light","floor":3.0,"gold_loss":0.0,"damage_taken":14.0,"cards_upgraded":["Defend_G","Cloak And Dagger"]},{"damage_healed":0.0,"max_hp_gain":0.0,"max_hp_loss":0.0,"gold_gain":175.0,"event_name":"Liars Game","player_choice":"AGREE","floor":5.0,"gold_loss":0.0,"damage_taken":0.0,"cards_obtained":["Doubt"]},{"damage_healed":0.0,"max_hp_gain":0.0,"max_hp_loss":0.0,"gold_gain":75.0,"event_name":"World of Goop","player_choice":"Gather Gold","floor":10.0,"gold_loss":0.0,"damage_taken":11.0},{"damage_healed":0.0,"max_hp_gain":0.0,"max_hp_loss":0.0,"gold_gain":0.0,"event_name":"Dead Adventurer","player_choice":"Searched \u00270\u0027 times","floor":11.0,"gold_loss":0.0,"damage_taken":0.0},{"damage_healed":0,"gold_gain":0,"player_choice":"Simplicity","damage_taken":0,"max_hp_gain":0,"max_hp_loss":0,"event_name":"Back to Basics","floor":24,"gold_loss":0,"cards_upgraded":["Defend_G","Defend_G","Defend_G","Defend_G","Strike_G","Strike_G","Strike_G","Strike_G"]},{"damage_healed":0,"gold_gain":0,"player_choice":"Copied","damage_taken":0,"max_hp_gain":0,"max_hp_loss":0,"event_name":"Duplicator","floor":29,"gold_loss":0,"cards_obtained":["Catalyst"]},{"damage_healed":0,"gold_gain":0,"player_choice":"Max HP","damage_taken":0,"max_hp_gain":0,"max_hp_loss":4,"event_name":"Winding Halls","floor":46,"gold_loss":0}],"is_beta":false,"boss_relics":[{"not_picked":["Tiny House","Coffee Dripper"],"picked":"Ring of the Serpent"},{"not_picked":["Orrery","Calling Bell"],"picked":"Empty Cage"}],"items_purged_floors":[14,19],"is_endless":false,"potions_floor_spawned":[1,4,13,18,27,30,33,35,41,44],"killed_by":"Reptomancer","ascension_level":1}