{"gold_per_floor":[366,67,142,154,166,166,200,200,200,235,235],"floor_reached":11,"playtime":685,"items_purged":["Normality"],"score":162,"play_id":"7d0d4ec2-bc76-4ec9-8a61-1635ea35a35a","local_time":"20190806120651","is_ascension_mode":true,"campfire_choices":[{"data":"Wild Strike","floor":6,"key":"SMITH"},{"data":"Feed","floor":8,"key":"SMITH"}],"neow_cost":"CURSE","seed_source_timestamp":412271556949500,"circlet_count":0,"master_deck":["AscendersBane","Strike_R","Strike_R","Strike_R","Strike_R","Strike_R","Defend_R","Defend_R","Defend_R","Defend_R","Bash","Thunderclap","Twin Strike","Wild Strike+1","Feed+1","Hemokinesis"],"special_seed":0,"relics":["Burning Blood","Oddly Smooth Stone","Singing Bowl","Letter Opener","Blood Vial"],"potions_floor_usage":[7,11],"damage_taken":[{"damage":8.0,"enemies":"Small Slimes","floor":1.0,"turns":4.0},{"damage":8,"enemies":"2 Louse","floor":4,"turns":3},{"damage":0,"enemies":"Cultist","floor":5,"turns":3},{"damage":18,"enemies":"3 Sentries","floor":7,"turns":8},{"damage":35,"enemies":"Gremlin Nob","floor":10,"turns":4},{"damage":26,"enemies":"Gremlin Gang","floor":11,"turns":3}],"seed_played":"319600811367410709","potions_obtained":[{"floor":4,"key":"SkillPotion"},{"floor":10,"key":"Dexterity Potion"}],"is_trial":false,"path_per_floor":["M","$","?","M","M","R","E","R","T","E","M"],"character_chosen":"IRONCLAD","items_purchased":["Oddly Smooth Stone","Thunderclap"],"campfire_rested":0,"item_purchase_floors":[2,2],"current_hp_per_floor":[66,66,55,53,59,59,47,47,47,18,0],"gold":235,"neow_bonus":"TWO_FIFTY_GOLD","is_prod":false,"is_daily":false,"chose_seed":false,"campfire_upgraded":2,"win_rate":0,"timestamp":1565107611,"path_taken":["M","$","?","M","M","R","E","R","T","E","M"],"build_version":"2019-07-17","purchased_purges":1,"victory":false,"max_hp_per_floor":[75,75,75,75,75,75,75,75,75,75,79],"card_choices":[{"not_picked":["Rage","Second Wind","Flex"],"picked":"SKIP","floor":1.0},{"not_picked":["True Grit","Disarm"],"picked":"Twin Strike","floor":4},{"not_picked":["Battle Trance","True Grit"],"picked":"Wild Strike","floor":5},{"not_picked":["Juggernaut","True Grit"],"picked":"Feed","floor":7},{"not_picked":["Havoc","Double Tap"],"picked":"Hemokinesis","floor":10}],"player_experience":2623794,"relics_obtained":[{"floor":7,"key":"Singing Bowl"},{"floor":9,"key":"Letter Opener"},{"floor":10,"key":"Blood Vial"}],"event_choices":[{"damage_healed":0.0,"max_hp_gain":0.0,"max_hp_loss":0.0,"gold_gain":75.0,"event_name":"World of Goop","player_choice":"Gather Gold","floor":3.0,"gold_loss":0.0,"damage_taken":11.0}],"is_beta":false,"boss_relics":[],"items_purged_floors":[2],"is_endless":false,"potions_floor_spawned":[4,10],"killed_by":"Gremlin Gang","ascension_level":20}