{"gold_per_floor":[115,65,65,80,93,93,121,121,121,139,149,177,197,217,217,314,314,332,208,219,232,250,250,265,165,165,165,165],"floor_reached":28,"playtime":1171,"items_purged":["Strike_R","Strike_R"],"score":318,"play_id":"4cf700a6-a09c-44f1-9fb2-867b7e9348cb","local_time":"20190205155910","is_ascension_mode":true,"campfire_choices":[{"data":"Bash","floor":6.0,"key":"SMITH"},{"floor":8.0,"key":"DIG"},{"floor":15.0,"key":"DIG"},{"data":"Armaments","floor":23,"key":"SMITH"}],"neow_cost":"NONE","seed_source_timestamp":10937070774077,"circlet_count":0,"master_deck":["Defend_R","Defend_R","Defend_R","Defend_R","Bash+1","Clothesline","Metallicize","Rage","Dropkick","Dropkick","Disarm","Juggernaut","Metallicize","Burning Pact","Feed","Armaments+1"],"special_seed":0,"relics":["Burning Blood","Shovel","Anchor","Matryoshka","Blue Candle","Pear","Sozu","Boot","Question Card"],"potions_floor_usage":[],"damage_taken":[{"damage":7.0,"enemies":"Small Slimes","floor":1.0,"turns":3.0},{"damage":3.0,"enemies":"Jaw Worm","floor":4.0,"turns":3.0},{"damage":0.0,"enemies":"Cultist","floor":5.0,"turns":3.0},{"damage":28.0,"enemies":"3 Sentries","floor":7.0,"turns":13.0},{"damage":3.0,"enemies":"Blue Slaver","floor":10.0,"turns":3.0},{"damage":0.0,"enemies":"2 Fungi Beasts","floor":11.0,"turns":3.0},{"damage":28.0,"enemies":"Gremlin Nob","floor":12.0,"turns":5.0},{"damage":3.0,"enemies":"Exordium Wildlife","floor":13.0,"turns":6.0},{"damage":18.0,"enemies":"Gremlin Gang","floor":14.0,"turns":6.0},{"damage":24,"enemies":"Hexaghost","floor":16,"turns":12},{"damage":5,"enemies":"Shell Parasite","floor":18,"turns":5},{"damage":34,"enemies":"3 Byrds","floor":20,"turns":5},{"damage":34,"enemies":"3 Cultists","floor":21,"turns":6},{"damage":5,"enemies":"Centurion and Healer","floor":22,"turns":7},{"damage":1,"enemies":"Cultist and Chosen","floor":24,"turns":8},{"damage":21,"enemies":"Colosseum Slavers","floor":27,"turns":5},{"damage":30,"enemies":"Masked Bandits","floor":28,"turns":3}],"seed_played":"-1223736493832212813","potions_obtained":[{"floor":1.0,"key":"Dexterity Potion"},{"floor":4.0,"key":"EntropicBrew"},{"floor":11.0,"key":"Ancient Potion"},{"floor":16,"key":"SpeedPotion"}],"is_trial":false,"path_per_floor":["M","?","?","M","M","R","E","R","T","M","M","E","M","M","R","B",null,"M","$","M","M","M","R","M","$","T","?","?"],"character_chosen":"IRONCLAD","items_purchased":["Armaments"],"campfire_rested":0,"item_purchase_floors":[19],"current_hp_per_floor":[79,79,79,80,80,80,58,58,58,61,67,45,48,36,46,28,75,79,79,54,29,33,33,42,42,42,30,0],"gold":165,"neow_bonus":"TRANSFORM_CARD","is_prod":false,"is_daily":false,"chose_seed":false,"campfire_upgraded":2,"win_rate":0,"timestamp":1549371550,"path_taken":["M","?","?","M","M","R","E","R","T","M","?","E","M","M","R","BOSS","M","$","M","M","M","R","M","$","T","?","?"],"build_version":"2019-01-23","purchased_purges":2,"victory":false,"max_hp_per_floor":[80,80,80,80,80,80,80,80,80,80,80,80,80,80,90,90,90,93,93,96,99,102,102,106,106,106,109,109],"card_choices":[{"not_picked":["Hemokinesis","Havoc"],"picked":"Metallicize","floor":1.0},{"not_picked":["Cleave","Havoc"],"picked":"Dropkick","floor":4.0},{"not_picked":["Intimidate","Anger"],"picked":"Dropkick","floor":5.0},{"not_picked":["Clothesline","Headbutt","Power Through"],"picked":"SKIP","floor":7.0},{"not_picked":["Twin Strike","Body Slam","Brutality"],"picked":"SKIP","floor":10.0},{"not_picked":["Clash","Warcry"],"picked":"Disarm","floor":11.0},{"not_picked":["Cleave","Uppercut"],"picked":"Juggernaut","floor":12.0},{"not_picked":["Pommel Strike","Headbutt"],"picked":"Metallicize","floor":13.0},{"not_picked":["Anger","Sentinel"],"picked":"Burning Pact","floor":14.0},{"not_picked":["Double Tap","Dark Embrace"],"picked":"Feed","floor":16},{"not_picked":["Warcry+1","Ghostly Armor","Rupture"],"picked":"SKIP","floor":18},{"not_picked":["True Grit","Clothesline","Rage+1"],"picked":"SKIP","floor":20},{"not_picked":["Sword Boomerang+1","Flex","Cleave"],"picked":"SKIP","floor":21},{"not_picked":["Clothesline","Sever Soul","Searing Blow"],"picked":"SKIP","floor":22},{"not_picked":["Clash+1","Combust","Carnage"],"picked":"SKIP","floor":24}],"player_experience":749130,"relics_obtained":[{"floor":7.0,"key":"Shovel"},{"floor":8.0,"key":"Anchor"},{"floor":9.0,"key":"Matryoshka"},{"floor":12.0,"key":"Blue Candle"},{"floor":15.0,"key":"Pear"},{"floor":26,"key":"Boot"},{"floor":26,"key":"Question Card"}],"event_choices":[{"cards_removed":["Strike_R"],"damage_healed":0.0,"max_hp_gain":0.0,"max_hp_loss":0.0,"gold_gain":0.0,"event_name":"The Cleric","player_choice":"Card Removal","floor":2.0,"gold_loss":50.0,"damage_taken":0.0},{"damage_healed":0.0,"max_hp_gain":0.0,"max_hp_loss":0.0,"gold_gain":0.0,"cards_transformed":["Strike_R"],"event_name":"Transmorgrifier","player_choice":"Transformed","floor":3.0,"gold_loss":0.0,"damage_taken":0.0,"cards_obtained":["Rage"]},{"damage_healed":0,"gold_gain":0,"player_choice":"Fight","damage_taken":0,"max_hp_gain":0,"max_hp_loss":0,"event_name":"Colosseum","floor":27,"gold_loss":0},{"damage_healed":0,"gold_gain":0,"player_choice":"Fled From Nobs","damage_taken":0,"max_hp_gain":0,"max_hp_loss":0,"event_name":"Colosseum","floor":27,"gold_loss":0},{"damage_healed":0,"gold_gain":0,"player_choice":"Fought Bandits","damage_taken":0,"max_hp_gain":0,"max_hp_loss":0,"event_name":"Masked Bandits","floor":28,"gold_loss":0}],"is_beta":false,"boss_relics":[{"not_picked":["Runic Dome","White Beast Statue"],"picked":"Sozu"}],"items_purged_floors":[19,25],"is_endless":false,"potions_floor_spawned":[1,4,11,16,22,24],"killed_by":"Masked Bandits","ascension_level":5}