{"gold_per_floor":[114,114,18,37,37,37,62,72,125,140,167,12,12,38,38,134,134,134,134,84,84,24,24,24,24,24,24,24,24,24,24,24,24,24,24,24,24,24,24,24],"floor_reached":40,"playtime":1513,"items_purged":["Strike_R"],"score":590,"play_id":"fb5606aa-79aa-48bd-a197-b09443c261e3","local_time":"20190613161335","is_ascension_mode":true,"campfire_choices":[{"data":"Uppercut","floor":6,"key":"SMITH"},{"data":"Inflame","floor":13,"key":"SMITH"},{"data":"Combust","floor":15,"key":"SMITH"},{"data":"Barricade","floor":25,"key":"SMITH"},{"data":"Limit Break","floor":30,"key":"SMITH"},{"data":"Flame Barrier","floor":32,"key":"SMITH"}],"neow_cost":"NONE","seed_source_timestamp":17931145343337,"circlet_count":0,"master_deck":["Strike_R","Strike_R","Defend_R","Defend_R","Defend_R","Bash+1","Headbutt","Uppercut+1","Warcry","True Grit","Inflame+1","Combust+1","Feel No Pain","Feed","Flame Barrier+1","Whirlwind+1","Armaments+1","Barricade+1","Pommel Strike","Limit Break+1","True Grit+1","Inflame+1","Offering","Corruption+1","Fiend Fire","Limit Break"],"relics":["Burning Blood","NeowsBlessing","Smiling Mask","Prayer Wheel","Orichalcum","Champion Belt","Omamori","Darkstone Periapt","Ectoplasm","Bag of Marbles","PreservedInsect","Centennial Puzzle","Boot","Singing Bowl","Tiny House","WingedGreaves"],"potions_floor_usage":[27,40,40],"damage_taken":[{"damage":0,"enemies":"Cultist","floor":1,"turns":1},{"damage":0,"enemies":"Jaw Worm","floor":4,"turns":1},{"damage":0,"enemies":"Gremlin Nob","floor":7,"turns":1},{"damage":1,"enemies":"Small Slimes","floor":8,"turns":3},{"damage":12,"enemies":"3 Louse","floor":10,"turns":4},{"damage":24,"enemies":"3 Sentries","floor":11,"turns":7},{"damage":12,"enemies":"Gremlin Nob","floor":14,"turns":4},{"damage":19,"enemies":"Slime Boss","floor":16,"turns":9},{"damage":9,"enemies":"3 Byrds","floor":18,"turns":5},{"damage":11,"enemies":"Spheric Guardian","floor":21,"turns":5},{"damage":11,"enemies":"Slavers","floor":23,"turns":4},{"damage":14,"enemies":"Centurion and Healer","floor":24,"turns":8},{"damage":0,"enemies":"Snecko","floor":27,"turns":10},{"damage":18,"enemies":"Gremlin Leader","floor":28,"turns":6},{"damage":15,"enemies":"Cultist and Chosen","floor":29,"turns":5},{"damage":28,"enemies":"Slavers","floor":31,"turns":3},{"damage":3,"enemies":"Champ","floor":33,"turns":10},{"damage":29,"enemies":"3 Darklings","floor":35,"turns":7},{"damage":61,"enemies":"2 Orb Walkers","floor":36,"turns":5},{"damage":5,"enemies":"Orb Walker","floor":38,"turns":4},{"damage":13,"enemies":"4 Shapes","floor":39,"turns":3},{"damage":58,"enemies":"Reptomancer","floor":40,"turns":2}],"seed_played":"2374472295624882204","potions_obtained":[{"floor":4,"key":"PowerPotion"},{"floor":7,"key":"FearPotion"},{"floor":11,"key":"Swift Potion"},{"floor":28,"key":"PowerPotion"}],"is_trial":false,"path_per_floor":["M","?","$","M","?","R","E","M","T","M","E","$","R","E","R","B",null,"M","?","$","M","?","E","M","R","T","M","E","M","R","E","R","B",null,"M","?","?","M","M","E"],"character_chosen":"IRONCLAD","items_purchased":["Uppercut","Warcry","Omamori"],"campfire_rested":0,"item_purchase_floors":[3,3,12],"current_hp_per_floor":[80,80,80,80,80,80,80,80,80,74,56,56,56,50,50,37,80,77,77,77,75,75,73,69,69,69,79,70,64,64,47,47,53,115,98,48,48,51,51,0],"gold":24,"neow_bonus":"THREE_ENEMY_KILL","is_prod":false,"is_daily":false,"chose_seed":false,"campfire_upgraded":6,"win_rate":0,"timestamp":1560431615,"path_taken":["M","?","$","M","?","R","E","M","T","?","E","$","R","E","R","BOSS","M","?","$","M","?","E","M","R","T","?","E","M","R","E","R","BOSS","M","?","?","M","?","E"],"build_version":"2019-01-23","purchased_purges":1,"victory":false,"max_hp_per_floor":[80,80,80,80,80,80,80,80,80,80,80,80,80,80,80,80,80,80,80,80,83,83,86,90,90,90,94,97,100,100,105,105,108,115,121,126,126,128,135,135],"card_choices":[{"not_picked":["Reckless Charge","Iron Wave"],"picked":"Headbutt","floor":1},{"not_picked":["Second Wind","Armaments"],"picked":"True Grit","floor":4},{"not_picked":["Hemokinesis","Spot Weakness"],"picked":"Inflame","floor":7},{"not_picked":["Carnage","Pommel Strike"],"picked":"Combust","floor":8},{"not_picked":["Iron Wave","Fire Breathing","Anger"],"picked":"SKIP","floor":8},{"not_picked":["Blood for Blood","Perfected Strike","Burning Pact"],"picked":"SKIP","floor":10},{"not_picked":["Thunderclap","Cleave","Iron Wave"],"picked":"SKIP","floor":10},{"not_picked":["Brutality","True Grit"],"picked":"Feel No Pain","floor":11},{"not_picked":["Iron Wave","Clothesline","Flex"],"picked":"SKIP","floor":14},{"not_picked":["Impervious","Demon Form"],"picked":"Feed","floor":16},{"not_picked":["Headbutt","Clash"],"picked":"Flame Barrier","floor":18},{"not_picked":["Second Wind","Havoc"],"picked":"Whirlwind+1","floor":18},{"not_picked":["Uppercut","Twin Strike"],"picked":"Armaments+1","floor":21},{"not_picked":["Anger","Iron Wave","Uppercut"],"picked":"SKIP","floor":21},{"not_picked":["Berserk","Warcry","Fire Breathing"],"picked":"SKIP","floor":23},{"not_picked":["Armaments","Pommel Strike","Carnage"],"picked":"SKIP","floor":24},{"not_picked":["Sword Boomerang","Evolve","Bloodletting"],"picked":"SKIP","floor":24},{"not_picked":["True Grit","Wild Strike+1","Blood for Blood+1"],"picked":"SKIP","floor":27},{"not_picked":["Clothesline","Wild Strike+1","Bloodletting+1"],"picked":"SKIP","floor":27},{"not_picked":["Armaments","Clothesline"],"picked":"Limit Break","floor":28},{"not_picked":["Uppercut","Pommel Strike"],"picked":"True Grit+1","floor":29},{"not_picked":["Cleave+1","Flex"],"picked":"Inflame","floor":29},{"not_picked":["Bloodletting","Second Wind","Dual Wield+1"],"picked":"Singing Bowl","floor":31},{"not_picked":["Feed","Fiend Fire"],"picked":"Offering","floor":33},{"not_picked":["Thunderclap","Twin Strike","Body Slam"],"picked":"Singing Bowl","floor":34},{"not_picked":["Spot Weakness","Rage","Searing Blow"],"picked":"Singing Bowl","floor":35},{"not_picked":["Evolve+1","Warcry"],"picked":"Corruption+1","floor":35},{"not_picked":["Headbutt","Whirlwind+1","Rupture"],"picked":"Singing Bowl","floor":36},{"not_picked":["Entrench","Anger","Inflame"],"picked":"Singing Bowl","floor":38},{"not_picked":["Pummel","Anger+1"],"picked":"Limit Break","floor":38},{"not_picked":["Power Through","Sword Boomerang+1","Anger+1"],"picked":"Singing Bowl","floor":39},{"not_picked":["Thunderclap+1","Iron Wave+1","Inflame+1"],"picked":"Singing Bowl","floor":39}],"player_experience":971139,"relics_obtained":[{"floor":5,"key":"Smiling Mask"},{"floor":7,"key":"Prayer Wheel"},{"floor":9,"key":"Orichalcum"},{"floor":11,"key":"Champion Belt"},{"floor":14,"key":"Darkstone Periapt"},{"floor":23,"key":"PreservedInsect"},{"floor":26,"key":"Centennial Puzzle"},{"floor":28,"key":"Boot"},{"floor":31,"key":"Singing Bowl"},{"floor":36,"key":"WingedGreaves"}],"event_choices":[{"damage_healed":0,"gold_gain":0,"player_choice":"Grow","damage_taken":0,"max_hp_gain":0,"max_hp_loss":0,"event_name":"Living Wall","floor":2,"gold_loss":0,"cards_upgraded":["Bash"]},{"damage_healed":0,"gold_gain":0,"player_choice":"Relic","damage_taken":0,"max_hp_gain":0,"max_hp_loss":0,"event_name":"Wheel of Change","floor":5,"gold_loss":0},{"damage_healed":0,"gold_gain":0,"player_choice":"Opened","damage_taken":0,"relics_obtained":["Bag of Marbles"],"max_hp_gain":0,"max_hp_loss":0,"event_name":"The Mausoleum","floor":19,"gold_loss":0,"cards_obtained":["Writhe"]},{"damage_healed":0,"gold_gain":0,"cards_transformed":["Strike_R","Strike_R"],"player_choice":"Transformed Cards","damage_taken":0,"max_hp_gain":0,"max_hp_loss":0,"event_name":"Designer","floor":22,"gold_loss":60,"cards_obtained":["Barricade","Pommel Strike"]},{"damage_healed":0,"gold_gain":0,"player_choice":"Fight","damage_taken":0,"max_hp_gain":0,"max_hp_loss":0,"event_name":"Mysterious Sphere","floor":36,"gold_loss":0},{"damage_healed":0,"gold_gain":0,"cards_transformed":["Defend_R"],"player_choice":"Transformed","damage_taken":0,"max_hp_gain":0,"max_hp_loss":0,"event_name":"Transmorgrifier","floor":37,"gold_loss":0,"cards_obtained":["Fiend Fire"]}],"is_beta":false,"boss_relics":[{"not_picked":["Empty Cage","Orrery"],"picked":"Ectoplasm"},{"not_picked":["Snecko Eye","Velvet Choker"],"picked":"Tiny House"}],"items_purged_floors":[20],"is_endless":false,"potions_floor_spawned":[4,7,11,16,18,28,31,33,36],"killed_by":"Reptomancer","ascension_level":1}