{"gold_per_floor":[117,128,141,168,168,200,200,218,218,218,218,218],"floor_reached":12,"playtime":348,"items_purged":[],"score":117,"play_id":"1342cc04-ce6a-4e6c-a405-da082f92d29b","local_time":"20190719121443","is_ascension_mode":true,"campfire_choices":[{"floor":7.0,"key":"REST"}],"neow_cost":"NONE","seed_source_timestamp":95819373406706,"circlet_count":0,"master_deck":["AscendersBane","Strike_B","Strike_B","Strike_B","Strike_B","Defend_B","Defend_B","Defend_B","Defend_B","Zap","Dualcast","Finesse","Hologram","Recycle","Beam Cell","Multi-Cast","Gash"],"special_seed":0,"relics":["Cracked Core","Oddly Smooth Stone","WarpedTongs","Pantograph","Frozen Egg 2"],"potions_floor_usage":[],"damage_taken":[{"damage":11.0,"enemies":"Cultist","floor":1.0,"turns":4.0},{"damage":0.0,"enemies":"2 Louse","floor":2.0,"turns":2.0},{"damage":3.0,"enemies":"Small Slimes","floor":3.0,"turns":4.0},{"damage":50.0,"enemies":"3 Sentries","floor":6.0,"turns":6.0},{"damage":18.0,"enemies":"3 Louse","floor":8.0,"turns":3.0},{"damage":9,"enemies":"Gremlin Nob","floor":12,"turns":2}],"seed_played":"5800743607043480286","potions_obtained":[{"floor":1.0,"key":"SneckoOil"},{"floor":2.0,"key":"PowerPotion"}],"is_trial":false,"path_per_floor":["M","M","M","T","?","E","R","M","T","?","?","E"],"character_chosen":"DEFECT","items_purchased":[],"campfire_rested":1,"item_purchase_floors":[],"current_hp_per_floor":[57,57,54,54,54,4,26,8,8,8,8,0],"gold":218,"neow_bonus":"RANDOM_COLORLESS","is_prod":false,"is_daily":false,"chose_seed":false,"campfire_upgraded":0,"win_rate":0,"timestamp":1563563683,"path_taken":["M","?","M","?","?","E","R","?","T","?","?","E"],"build_version":"2019-07-17","purchased_purges":0,"victory":false,"max_hp_per_floor":[75,75,75,75,75,75,75,75,75,75,75,75],"card_choices":[{"not_picked":["Conserve Battery","Recycle"],"picked":"Hologram","floor":1.0},{"not_picked":["Steam Power","Barrage"],"picked":"Recycle","floor":2.0},{"not_picked":["Auto Shields","BootSequence"],"picked":"Beam Cell","floor":3.0},{"not_picked":["FTL","Sweeping Beam"],"picked":"Multi-Cast","floor":6.0},{"not_picked":["Consume","Defragment"],"picked":"Gash","floor":8.0}],"player_experience":636158,"relics_obtained":[{"floor":4.0,"key":"Oddly Smooth Stone"},{"floor":6.0,"key":"Pantograph"},{"floor":9.0,"key":"Frozen Egg 2"}],"event_choices":[{"damage_healed":0.0,"max_hp_gain":0.0,"max_hp_loss":0.0,"gold_gain":0.0,"event_name":"Accursed Blacksmith","player_choice":"Rummage","floor":5.0,"gold_loss":0.0,"damage_taken":0.0,"relics_obtained":["WarpedTongs"],"cards_obtained":["Pain"]},{"cards_removed":["Pain"],"damage_healed":0,"gold_gain":0,"player_choice":"Forget","damage_taken":0,"max_hp_gain":0,"max_hp_loss":0,"event_name":"Living Wall","floor":10,"gold_loss":0},{"damage_healed":0,"gold_gain":0,"player_choice":"Ignored","damage_taken":0,"max_hp_gain":0,"max_hp_loss":0,"event_name":"Shining Light","floor":11,"gold_loss":0}],"is_beta":false,"boss_relics":[],"items_purged_floors":[],"is_endless":false,"potions_floor_spawned":[1,2],"killed_by":"Gremlin Nob","ascension_level":10}