{"gold_per_floor":[112,112,112,129,144,144,178,178,250,286,286],"floor_reached":11,"playtime":369,"items_purged":[],"score":122,"play_id":"57caa796-f7be-4ca3-8866-61c4476d695e","local_time":"20180823160401","is_ascension_mode":true,"campfire_choices":[{"data":"Machine Learning","floor":6,"key":"SMITH"}],"neow_cost":"PERCENT_DAMAGE","seed_source_timestamp":20284105471266,"circlet_count":0,"master_deck":["Strike_B","Defend_B","Defend_B","Defend_B","Defend_B","Zap","Dualcast","Doom and Gloom","Hyperbeam","Go for the Eyes","Machine Learning+1","Hello World","Heatsinks","Capacitor","Double Energy"],"relics":["Cracked Core","Omamori","Oddly Smooth Stone","Golden Idol","Cables","Kunai"],"potions_floor_usage":[10,10],"damage_taken":[{"damage":12,"enemies":"Jaw Worm","floor":1,"turns":2},{"damage":0,"enemies":"2 Louse","floor":4,"turns":1},{"damage":0,"enemies":"Small Slimes","floor":5,"turns":3},{"damage":14,"enemies":"Lagavulin","floor":7,"turns":7},{"damage":0,"enemies":"3 Sentries","floor":10,"turns":3}],"seed_played":"-6462500678720810213","potions_obtained":[{"floor":1,"key":"Fire Potion"},{"floor":7,"key":"SteroidPotion"}],"is_trial":false,"path_per_floor":["M","?","?","M","M","R","E","?","T","E"],"character_chosen":"DEFECT","items_purchased":[],"campfire_rested":0,"item_purchase_floors":[],"current_hp_per_floor":[42,42,24,24,24,24,10,10,10,10,0],"gold":286,"neow_bonus":"TRANSFORM_TWO_CARDS","is_prod":false,"is_daily":false,"chose_seed":false,"campfire_upgraded":1,"win_rate":0,"timestamp":1535065441,"path_taken":["M","?","?","?","M","R","E","?","T","E","?"],"build_version":"2018-08-16","purchased_purges":0,"victory":false,"max_hp_per_floor":[75,75,75,75,75,75,75,75,75,75,75],"card_choices":[{"not_picked":["Rip and Tear","Turbo"],"picked":"Go for the Eyes","floor":1},{"not_picked":["Double Energy","Go for the Eyes"],"picked":"Hello World","floor":4},{"not_picked":["Ball Lightning","Reinforced Body"],"picked":"Heatsinks","floor":5},{"not_picked":["Gash","Compile Driver"],"picked":"Capacitor","floor":7},{"not_picked":["Conserve Battery","Steam"],"picked":"Double Energy","floor":10}],"player_experience":168108,"relics_obtained":[{"floor":7,"key":"Oddly Smooth Stone"},{"floor":9,"key":"Cables"},{"floor":10,"key":"Kunai"}],"event_choices":[{"event_name":"Living Wall","player_choice":"Change","floor":2,"damage_taken":0},{"event_name":"Scrap Ooze","player_choice":"success","floor":3,"damage_taken":18},{"event_name":"Golden Idol","player_choice":"Take Wound","floor":8,"damage_taken":0}],"is_beta":false,"boss_relics":[],"items_purged_floors":[],"is_endless":false,"potions_floor_spawned":[1,7],"ascension_level":3}