{"gold_per_floor":[119,294,224,26,26,58,58,91,91,9,22,52,52,70,70,166,166,178,178,178,178,178,178,204,204,253,253,286,34,48,81,81,179,179,197,197,252,268,46,46,75,75,125,125,144,169,169,188,188,188],"floor_reached":51,"playtime":2901,"items_purged":["Normality"],"score":1003,"play_id":"0f80e10f-82c4-42dc-814b-5b051f52c8b5","local_time":"20180821182107","is_ascension_mode":true,"campfire_choices":[{"floor":7.0,"key":"REST"},{"data":"Chill","floor":13.0,"key":"SMITH"},{"data":"Static Discharge","floor":15.0,"key":"SMITH"},{"floor":23.0,"key":"REST"},{"floor":25.0,"key":"REST"},{"data":"Defragment","floor":27.0,"key":"SMITH"},{"data":"Seek","floor":32.0,"key":"SMITH"},{"floor":40,"key":"REST"},{"floor":44,"key":"REST"},{"floor":49,"key":"REST"}],"neow_cost":"NONE","seed_source_timestamp":0,"circlet_count":0,"master_deck":["Strike_B+1","Strike_B+1","Strike_B+1","Strike_B+1","Defend_B+1","Defend_B+1","Defend_B+1","Zap","Dualcast","Streamline+1","Doubt","Melter","Defragment+1","Go for the Eyes+1","Chill+1","Steam","Static Discharge+1","Tempest","Seek+1","Shame","Decay","Compile Driver+1","Necronomicurse","Reprogram","Aggregate","Force Field+1","Beam Cell+1","Heatsinks","Conserve Battery","Sweeping Beam+1","Turbo","Buffer","Glacier","Cold Snap","Compile Driver+1","Barrage+1","Hyperbeam","Hello World","Machine Learning","Capacitor","PanicButton","Violence","Flash of Steel","Fusion+1","Ball Lightning+1","Barrage+1","Force Field+1","Coolheaded+1","Compile Driver","Sunder+1"],"special_seed":0,"relics":["Cracked Core","Ancient Tea Set","Lantern","Regal Pillow","Strawberry","Mummified Hand","Gremlin Horn","Anchor","Calling Bell","Blood Vial","Matryoshka","Ice Cream","Necronomicon","Dream Catcher","Whetstone","Boot","Happy Flower","Vajra","DataDisk","Inserter","Prayer Wheel","Sundial","Omamori","Art of War","Bird Faced Urn"],"potions_floor_usage":[45,48],"damage_taken":[{"damage":9.0,"enemies":"Jaw Worm","floor":1.0,"turns":3.0},{"damage":24.0,"enemies":"3 Sentries","floor":6.0,"turns":8.0},{"damage":31.0,"enemies":"Lagavulin","floor":8.0,"turns":5.0},{"damage":6.0,"enemies":"Small Slimes","floor":11.0,"turns":3.0},{"damage":0.0,"enemies":"Gremlin Nob","floor":12.0,"turns":3.0},{"damage":0.0,"enemies":"Cultist","floor":14.0,"turns":3.0},{"damage":16.0,"enemies":"Slime Boss","floor":16.0,"turns":9.0},{"damage":31.0,"enemies":"Shell Parasite","floor":18.0,"turns":4.0},{"damage":31.0,"enemies":"Slavers","floor":24.0,"turns":4.0},{"damage":0.0,"enemies":"Book of Stabbing","floor":28.0,"turns":5.0},{"damage":2.0,"enemies":"3 Byrds","floor":30.0,"turns":3.0},{"damage":8.0,"enemies":"Slavers","floor":31.0,"turns":4.0},{"damage":64,"enemies":"Automaton","floor":33,"turns":8},{"damage":41,"enemies":"Flame Bruiser 1 Orb","floor":35,"turns":3},{"damage":0,"floor":37,"turns":5},{"damage":19,"enemies":"Orb Walker","floor":38,"turns":3},{"damage":27,"enemies":"Nemesis","floor":41,"turns":6},{"damage":27,"enemies":"Spire Growth","floor":45,"turns":5},{"damage":0,"enemies":"Giant Head","floor":46,"turns":6},{"damage":26,"enemies":"4 Shapes","floor":48,"turns":4},{"damage":64,"enemies":"Time Eater","floor":50,"turns":10}],"seed_played":"3651542248479814186","potions_obtained":[{"floor":8.0,"key":"Fire Potion"},{"floor":14.0,"key":"Weak Potion"},{"floor":24.0,"key":"SkillPotion"},{"floor":30.0,"key":"PowerPotion"},{"floor":33,"key":"EssenceOfSteel"},{"floor":37,"key":"Poison Potion"},{"floor":41,"key":"SkillPotion"},{"floor":46,"key":"SkillPotion"}],"is_trial":false,"path_per_floor":["M","?","?","$","?","E","R","E","T","$","M","E","R","M","R","B",null,"M","?","?","?","?","R","E","R","T","R","E","$","M","E","R","B",null,"M","?","?","M","$","R","E","?","T","R","M","E","?","M","R","B"],"character_chosen":"DEFECT","items_purchased":["Regal Pillow","Melter","Chill","Heatsinks","Vajra","Conserve Battery","Hyperbeam","Hello World"],"campfire_rested":6,"item_purchase_floors":[4,4,10,29,29,29,39,39],"current_hp_per_floor":[66,66,66,66,66,49,82,51,51,51,45,45,45,45,45,29,82,51,35,19,19,19,60,31,72,72,72,74,74,74,68,68,6,87,46,46,48,31,31,72,47,37,37,78,53,55,55,41,82,34],"gold":188,"neow_bonus":"RANDOM_COMMON_RELIC","is_prod":false,"is_daily":false,"chose_seed":false,"campfire_upgraded":4,"win_rate":0,"timestamp":1534900867,"path_taken":["M","?","?","$","?","E","R","E","T","$","M","E","R","M","R","BOSS","M","?","?","?","?","R","E","R","T","R","E","$","?","E","R","BOSS","M","?","?","M","?","R","E","?","T","R","?","E","?","M","R","BOSS"],"build_version":"2018-08-16","purchased_purges":1,"victory":true,"max_hp_per_floor":[75,75,75,75,75,82,82,82,82,82,82,82,82,82,82,82,82,82,82,87,87,87,87,87,87,87,87,87,87,87,87,87,87,87,87,87,87,87,87,87,87,87,87,87,87,87,87,87,87,87],"card_choices":[{"not_picked":["Reinforced Body","Leap"],"picked":"Streamline","floor":1.0},{"not_picked":["Biased Cognition","Compile Driver"],"picked":"Defragment","floor":6.0},{"not_picked":["Leap","Recycle"],"picked":"Go for the Eyes","floor":8.0},{"not_picked":["Cold Snap","Turbo"],"picked":"Steam","floor":11.0},{"not_picked":["Cold Snap","Doom and Gloom"],"picked":"Static Discharge","floor":12.0},{"not_picked":["Lockon","Cold Snap"],"picked":"Tempest","floor":14.0},{"not_picked":["Multi-Cast","Fission"],"picked":"Seek","floor":16.0},{"not_picked":["Steam","Redo"],"picked":"Compile Driver+1","floor":18.0},{"not_picked":["Steam","Hologram"],"picked":"Aggregate","floor":24.0},{"not_picked":["Hologram","Go for the Eyes"],"picked":"Force Field+1","floor":25.0},{"not_picked":["Gash","Stack+1"],"picked":"Beam Cell+1","floor":28.0},{"not_picked":["Rip and Tear","Steam+1"],"picked":"Sweeping Beam+1","floor":30.0},{"not_picked":["Reinforced Body","Skim"],"picked":"Turbo","floor":31.0},{"not_picked":["Amplify","Hyperbeam"],"picked":"Buffer","floor":33},{"not_picked":["Gash+1","Sweeping Beam+1"],"picked":"Glacier","floor":35},{"not_picked":["Beam Cell","Stack"],"picked":"Cold Snap","floor":37},{"not_picked":["Ball Lightning","Cold Snap"],"picked":"Compile Driver+1","floor":38},{"not_picked":["Rebound","Leap+1"],"picked":"Barrage+1","floor":38},{"not_picked":["Cold Snap","Barrage"],"picked":"Machine Learning","floor":40},{"not_picked":["Redo+1","Streamline+1"],"picked":"Capacitor","floor":41},{"not_picked":["Impatience","Madness"],"picked":"PanicButton","floor":42},{"not_picked":["PanicButton","Panacea"],"picked":"Violence","floor":42},{"not_picked":["Sadistic Nature","Finesse"],"picked":"Flash of Steel","floor":42},{"not_picked":["Defragment","Tempest"],"picked":"Fusion+1","floor":44},{"not_picked":["Tempest","Gash+1"],"picked":"Ball Lightning+1","floor":45},{"not_picked":["Beam Cell","Go for the Eyes"],"picked":"Barrage+1","floor":45},{"not_picked":["Capacitor","Compile Driver+1"],"picked":"Force Field+1","floor":46},{"not_picked":["Skim+1","Undo"],"picked":"Coolheaded+1","floor":48},{"not_picked":["Gash","Steam+1"],"picked":"Compile Driver","floor":48},{"not_picked":["Turbo+1","Tempest"],"picked":"Sunder+1","floor":49}],"player_experience":138999,"relics_obtained":[{"floor":6.0,"key":"Strawberry"},{"floor":8.0,"key":"Mummified Hand"},{"floor":9.0,"key":"Gremlin Horn"},{"floor":12.0,"key":"Anchor"},{"floor":17.0,"key":"Blood Vial"},{"floor":17.0,"key":"Matryoshka"},{"floor":17.0,"key":"Ice Cream"},{"floor":19.0,"key":"Necronomicon"},{"floor":24.0,"key":"Dream Catcher"},{"floor":26.0,"key":"Whetstone"},{"floor":26.0,"key":"Boot"},{"floor":28.0,"key":"Happy Flower"},{"floor":31.0,"key":"DataDisk"},{"floor":37,"key":"Prayer Wheel"},{"floor":41,"key":"Sundial"},{"floor":43,"key":"Omamori"},{"floor":43,"key":"Art of War"},{"floor":46,"key":"Bird Faced Urn"}],"event_choices":[{"event_name":"Liars Game","player_choice":"agreed","floor":2.0,"damage_taken":0.0},{"event_name":"WeMeetAgain","player_choice":"Gold","floor":3.0,"damage_taken":0.0},{"event_name":"The Cleric","player_choice":"Leave","floor":5.0,"damage_taken":0.0},{"event_name":"Cursed Tome","player_choice":"Obtained Book","floor":19.0,"damage_taken":0.0},{"event_name":"Forgotten Altar","player_choice":"Shed Blood","floor":20.0,"damage_taken":0.0},{"event_name":"Back to Basics","player_choice":"Simplicity","floor":21.0,"damage_taken":0.0},{"event_name":"The Library","player_choice":"Read","floor":22.0,"damage_taken":0.0},{"event_name":"Tomb of Lord Red Mask","player_choice":"Ignored","floor":36,"damage_taken":0},{"event_name":"Mysterious Sphere","player_choice":"Fight","floor":37,"damage_taken":0},{"event_name":"SensoryStone","player_choice":"Memory 3","floor":42,"damage_taken":0},{"event_name":"Falling","player_choice":"Removed Skill","floor":47,"damage_taken":0}],"is_beta":false,"boss_relics":[{"not_picked":["Pandora\u0027s Box","Empty Cage"],"picked":"Calling Bell"},{"not_picked":["Philosopher\u0027s Stone","Lizard Tail"],"picked":"Inserter"}],"items_purged_floors":[39],"is_endless":false,"potions_floor_spawned":[8,14,24,30,33,37,41,46],"ascension_level":2}