{"gold_per_floor":[113,113,113,128,143,178,197,197,223,238,208,227,152,169,169,271,271,282,25,41,41,41,41],"floor_reached":23,"playtime":758,"items_purged":["Pain"],"score":218,"play_id":"4a6780e6-8d43-4a5e-8f36-21dd211ca107","local_time":"20181124162640","is_ascension_mode":false,"campfire_choices":[{"data":"Fire Breathing","floor":8,"key":"SMITH"},{"data":"Bloodletting","floor":15,"key":"SMITH"}],"neow_cost":"NONE","seed_source_timestamp":22114549307687,"circlet_count":0,"master_deck":["Strike_R","Strike_R+1","Strike_R","Strike_R","Strike_R","Defend_R","Defend_R+1","Defend_R","Bash","Fire Breathing+1","Thunderclap","Bloodletting+1","Juggernaut","Fire Breathing+1"],"relics":["Cursed Key","Bag of Marbles","Lantern","Runic Pyramid","Sundial"],"potions_floor_usage":[6,6,12,16,16,23,23],"damage_taken":[{"damage":6,"enemies":"Small Slimes","floor":1,"turns":3},{"damage":7,"enemies":"2 Louse","floor":4,"turns":2},{"damage":0,"enemies":"Cultist","floor":5,"turns":3},{"damage":0,"enemies":"Gremlin Nob","floor":6,"turns":3},{"damage":8,"enemies":"Lots of Slimes","floor":7,"turns":3},{"damage":13,"enemies":"Looter","floor":10,"turns":3},{"damage":12,"enemies":"Gremlin Gang","floor":12,"turns":6},{"damage":6,"enemies":"3 Louse","floor":14,"turns":2},{"damage":26,"enemies":"Hexaghost","floor":16,"turns":9},{"damage":30,"enemies":"2 Thieves","floor":18,"turns":3},{"damage":13,"enemies":"3 Byrds","floor":20,"turns":4},{"damage":40,"enemies":"Book of Stabbing","floor":23,"turns":4}],"seed_played":"-1441506351556175262","potions_obtained":[{"floor":1,"key":"Poison Potion"},{"floor":4,"key":"Fire Potion"},{"floor":7,"key":"Explosive Potion"},{"floor":11,"key":"SneckoOil"},{"floor":11,"key":"Regen Potion"},{"floor":16,"key":"Strength Potion"},{"floor":18,"key":"Dexterity Potion"},{"floor":20,"key":"Explosive Potion"}],"is_trial":false,"path_per_floor":["M","?","?","M","M","E","M","R","T","M","?","M","$","M","R","B",null,"M","$","M","?","$","E"],"character_chosen":"IRONCLAD","items_purchased":["Sundial"],"campfire_rested":0,"item_purchase_floors":[19],"current_hp_per_floor":[74,58,58,51,51,51,43,43,43,30,30,33,33,27,27,1,80,50,50,37,37,37,0],"gold":41,"neow_bonus":"BOSS_RELIC","is_prod":false,"is_daily":false,"chose_seed":false,"campfire_upgraded":2,"win_rate":0,"timestamp":1543105600,"path_taken":["M","?","?","M","M","E","M","R","T","M","?","?","?","M","R","BOSS","M","$","M","?","$","E"],"build_version":"2018-11-15","purchased_purges":1,"victory":false,"max_hp_per_floor":[80,80,80,80,80,80,80,80,80,80,80,80,80,80,80,80,80,80,80,80,80,80,80],"card_choices":[{"not_picked":["Body Slam","Power Through","Infernal Blade"],"picked":"SKIP","floor":1},{"not_picked":["Cleave","Anger"],"picked":"Fire Breathing","floor":4},{"not_picked":["Cleave","Second Wind","Iron Wave"],"picked":"SKIP","floor":5},{"not_picked":["Bludgeon","Sentinel","Searing Blow"],"picked":"SKIP","floor":6},{"not_picked":["Corruption","Power Through"],"picked":"Thunderclap","floor":7},{"not_picked":["Twin Strike","Perfected Strike"],"picked":"Bloodletting","floor":10},{"not_picked":["Burning Pact","Shrug It Off","Warcry"],"picked":"SKIP","floor":12},{"not_picked":["Shrug It Off","Anger","Warcry"],"picked":"SKIP","floor":14},{"not_picked":["Bludgeon","Barricade"],"picked":"Juggernaut","floor":16},{"not_picked":["Thunderclap","Shrug It Off","Cleave"],"picked":"SKIP","floor":18},{"not_picked":["Spot Weakness","Havoc","Thunderclap"],"picked":"SKIP","floor":20}],"player_experience":488070,"relics_obtained":[{"floor":6,"key":"Bag of Marbles"},{"floor":9,"key":"Lantern"}],"event_choices":[{"damage_healed":0,"gold_gain":0,"player_choice":"Entered Light","damage_taken":16,"max_hp_gain":0,"max_hp_loss":0,"event_name":"Shining Light","floor":2,"gold_loss":0,"cards_upgraded":["Strike_R","Defend_R"]},{"cards_removed":["Defend_R"],"damage_healed":0,"gold_gain":0,"player_choice":"Forget","damage_taken":0,"max_hp_gain":0,"max_hp_loss":0,"event_name":"Living Wall","floor":3,"gold_loss":0},{"damage_healed":0,"gold_gain":0,"player_choice":"Bought 2 Potions","damage_taken":0,"max_hp_gain":0,"max_hp_loss":0,"event_name":"The Woman in Blue","floor":11,"gold_loss":0},{"damage_healed":0,"gold_gain":0,"player_choice":"Copied","damage_taken":0,"max_hp_gain":0,"max_hp_loss":0,"event_name":"Duplicator","floor":21,"gold_loss":0,"cards_obtained":["Fire Breathing"]}],"is_beta":false,"boss_relics":[{"not_picked":["Snecko Eye","Eternal Feather"],"picked":"Runic Pyramid"}],"items_purged_floors":[13],"is_endless":false,"potions_floor_spawned":[1,4,7,16,18,20],"killed_by":"Book of Stabbing","ascension_level":0}