{"gold_per_floor":[116,22,41,316,327,327,361,361],"floor_reached":8,"playtime":321,"items_purged":[],"score":73,"play_id":"e44439ce-8b53-4878-94d9-4b118d844055","local_time":"20181119194555","is_ascension_mode":true,"campfire_choices":[{"data":"Entrench","floor":6,"key":"SMITH"}],"neow_cost":"NONE","seed_source_timestamp":21053383904467,"circlet_count":0,"master_deck":["Strike_R","Strike_R","Strike_R","Strike_R","Strike_R","Defend_R","Defend_R+1","Defend_R+1","Defend_R","Bash","Dropkick","Whirlwind","Armaments","Iron Wave","Regret","Entrench+1","Ghostly Armor"],"relics":["Runic Dome","War Paint"],"potions_floor_usage":[7],"damage_taken":[{"damage":12,"enemies":"Jaw Worm","floor":1,"turns":3},{"damage":1,"enemies":"Cultist","floor":3,"turns":3},{"damage":11,"enemies":"Small Slimes","floor":5,"turns":4},{"damage":17,"enemies":"3 Sentries","floor":7,"turns":6},{"damage":37,"enemies":"Lagavulin Event","floor":8,"turns":6}],"seed_played":"-4855474808237800856","potions_obtained":[{"floor":1,"key":"Dexterity Potion"}],"is_trial":false,"path_per_floor":["M","$","M","?","M","R","E","?"],"character_chosen":"IRONCLAD","items_purchased":["Whirlwind","Armaments"],"campfire_rested":0,"item_purchase_floors":[2,2],"current_hp_per_floor":[60,60,59,59,48,48,31,0],"gold":361,"neow_bonus":"BOSS_RELIC","is_prod":false,"is_daily":false,"chose_seed":false,"campfire_upgraded":1,"win_rate":0,"timestamp":1542685555,"path_taken":["M","$","M","?","?","R","E","?"],"build_version":"2018-11-15","purchased_purges":0,"victory":false,"max_hp_per_floor":[80,80,80,80,80,80,80,80],"card_choices":[{"not_picked":["Fire Breathing","Armaments"],"picked":"Dropkick","floor":1},{"not_picked":["Battle Trance","Havoc"],"picked":"Iron Wave","floor":3},{"not_picked":["Headbutt","Cleave"],"picked":"Entrench","floor":5},{"not_picked":["Dual Wield","Clash"],"picked":"Ghostly Armor","floor":7}],"player_experience":445545,"relics_obtained":[{"floor":7,"key":"War Paint"}],"event_choices":[{"damage_healed":0,"gold_gain":275,"player_choice":"Desecrate","damage_taken":0,"max_hp_gain":0,"max_hp_loss":0,"event_name":"Golden Shrine","floor":4,"gold_loss":0,"cards_obtained":["Regret"]},{"damage_healed":0,"gold_gain":0,"player_choice":"Searched \u00272\u0027 times","damage_taken":0,"max_hp_gain":0,"max_hp_loss":0,"event_name":"Dead Adventurer","floor":8,"gold_loss":0}],"is_beta":false,"boss_relics":[],"items_purged_floors":[],"is_endless":false,"potions_floor_spawned":[1],"killed_by":"Lagavulin Event","ascension_level":6}