{"gold_per_floor":[117,127,127,38,52,78,78,113,166,185,185,202,217,269,269,269],"floor_reached":16,"playtime":698,"items_purged":[],"score":224,"play_id":"ccf10aab-72aa-47f7-b975-5dbfe0cd0755","local_time":"20190805192353","is_ascension_mode":true,"campfire_choices":[{"data":"Noxious Fumes","floor":7.0,"key":"SMITH"},{"data":"Neutralize","floor":11.0,"key":"SMITH"},{"data":"Crippling Poison","floor":15.0,"key":"SMITH"}],"neow_cost":"NONE","seed_source_timestamp":263531552121697,"circlet_count":0,"master_deck":["AscendersBane","Strike_G","Strike_G","Strike_G","Strike_G","Defend_G","Defend_G","Defend_G","Defend_G","Defend_G","Survivor","Neutralize+1","Dash","Quick Slash","Noxious Fumes+1","Predator","Glass Knife","Bane","Crippling Poison+1","Leg Sweep"],"special_seed":0,"relics":["Ring of the Snake","Dodecahedron","Pen Nib","Omamori","Bag of Marbles"],"potions_floor_usage":[],"damage_taken":[{"damage":1.0,"enemies":"Small Slimes","floor":1.0,"turns":5.0},{"damage":0.0,"enemies":"Cultist","floor":2.0,"turns":6.0},{"damage":2.0,"enemies":"Jaw Worm","floor":5.0,"turns":4.0},{"damage":17.0,"enemies":"Lagavulin","floor":6.0,"turns":6.0},{"damage":21.0,"enemies":"3 Sentries","floor":8.0,"turns":7.0},{"damage":4.0,"enemies":"3 Louse","floor":10.0,"turns":4.0},{"damage":1.0,"enemies":"Red Slaver","floor":12.0,"turns":3.0},{"damage":5.0,"enemies":"Gremlin Gang","floor":13.0,"turns":5.0},{"damage":21,"enemies":"The Guardian","floor":16,"turns":4}],"seed_played":"1286160624419597201","potions_obtained":[{"floor":1.0,"key":"Fire Potion"},{"floor":2.0,"key":"Fire Potion"}],"is_trial":false,"path_per_floor":["M","M","?","$","M","E","R","E","T","M","R","M","M","T","R","B"],"character_chosen":"THE_SILENT","items_purchased":["Noxious Fumes"],"campfire_rested":0,"item_purchase_floors":[4],"current_hp_per_floor":[58,58,66,66,64,47,47,26,26,22,22,21,16,16,16,0],"gold":269,"neow_bonus":"REMOVE_CARD","is_prod":false,"is_daily":false,"chose_seed":false,"campfire_upgraded":3,"win_rate":0,"timestamp":1565058233,"path_taken":["M","M","?","$","M","E","R","E","T","M","R","?","?","?","R","BOSS"],"build_version":"2019-07-17","purchased_purges":0,"victory":false,"max_hp_per_floor":[66,66,66,66,66,66,66,66,66,66,66,66,66,66,66,66],"card_choices":[{"not_picked":["PiercingWail","Underhanded Strike"],"picked":"Dash","floor":1.0},{"not_picked":["Choke","Prepared"],"picked":"Quick Slash","floor":2.0},{"not_picked":["Choke","Dagger Throw"],"picked":"Predator","floor":5.0},{"not_picked":["Poisoned Stab","Dodge and Roll","Endless Agony"],"picked":"SKIP","floor":6.0},{"not_picked":["Skewer","Blade Dance"],"picked":"Glass Knife","floor":8.0},{"not_picked":["Sucker Punch","Distraction"],"picked":"Bane","floor":10.0},{"not_picked":["PiercingWail","Predator"],"picked":"Crippling Poison","floor":12.0},{"not_picked":["Prepared","Infinite Blades"],"picked":"Leg Sweep","floor":13.0}],"player_experience":862961,"relics_obtained":[{"floor":6.0,"key":"Dodecahedron"},{"floor":8.0,"key":"Pen Nib"},{"floor":9.0,"key":"Omamori"},{"floor":14.0,"key":"Bag of Marbles"}],"event_choices":[{"damage_healed":8.0,"max_hp_gain":0.0,"max_hp_loss":0.0,"gold_gain":0.0,"event_name":"Wheel of Change","player_choice":"Full Heal","floor":3.0,"gold_loss":0.0,"damage_taken":0.0}],"is_beta":false,"boss_relics":[],"items_purged_floors":[],"is_endless":false,"potions_floor_spawned":[1,2,5],"killed_by":"The Guardian","ascension_level":20}