{"gold_per_floor":[218,9,29,29,29,29,62,62,142,156,156,174,199,218,218,294,294,304,304,229,229,229,229,249,260,332,366,366,377,477,12,12,90,90,108,108,108,18,35,67,28,28,28,28,56,66,66,85,85,85],"floor_reached":51,"playtime":2054,"items_purged":["Strike_G"],"score":1215,"play_id":"720f0468-ec82-4ab6-99bb-c3732b9df166","local_time":"20190117200914","is_ascension_mode":true,"campfire_choices":[{"data":"Discovery","floor":6.0,"key":"SMITH"},{"data":"Neutralize","floor":8.0,"key":"SMITH"},{"floor":11.0,"key":"REST"},{"data":"Noxious Fumes","floor":15.0,"key":"SMITH"},{"data":"Bouncing Flask","floor":23.0,"key":"SMITH"},{"floor":28.0,"key":"REST"},{"data":"After Image","floor":32.0,"key":"SMITH"},{"floor":42.0,"key":"REST"},{"data":"Burst","floor":44.0,"key":"SMITH"},{"data":"Noxious Fumes","floor":47.0,"key":"SMITH"},{"data":"Backflip","floor":49.0,"key":"SMITH"}],"neow_cost":"NONE","seed_source_timestamp":26699012062324,"circlet_count":0,"master_deck":["AscendersBane","Defend_G","Defend_G","Defend_G","Defend_G","Strike_G","Survivor","Neutralize+1","Discovery+1","Caltrops","Crippling Poison+1","PiercingWail","Noxious Fumes+1","Dagger Spray+1","Corpse Explosion","Bouncing Flask+1","Unload+1","PiercingWail","Backflip+1","After Image+1","Dagger Spray+1","Injury","Cloak And Dagger+1","Poisoned Stab+1","Noxious Fumes+1","Burst+1","Distraction+1"],"special_seed":0,"relics":["Ring of the Serpent","Molten Egg 2","Bottled Flame","Pear","Cursed Key","Pantograph","Mercury Hourglass","Tough Bandages","Meat on the Bone","Mummified Hand","Lantern","The Courier","Ninja Scroll"],"potions_floor_usage":[50,50],"damage_taken":[{"damage":0.0,"enemies":"Cultist","floor":1.0,"turns":4.0},{"damage":4.0,"enemies":"Small Slimes","floor":3.0,"turns":2.0},{"damage":26.0,"enemies":"Gremlin Nob","floor":7.0,"turns":5.0},{"damage":3.0,"enemies":"Jaw Worm","floor":10.0,"turns":4.0},{"damage":0.0,"enemies":"Looter","floor":12.0,"turns":4.0},{"damage":12.0,"enemies":"Lagavulin","floor":13.0,"turns":7.0},{"damage":1.0,"enemies":"3 Louse","floor":14.0,"turns":3.0},{"damage":34.0,"enemies":"Slime Boss","floor":16.0,"turns":7.0},{"damage":12.0,"enemies":"3 Byrds","floor":18.0,"turns":4.0},{"damage":4.0,"enemies":"Chosen","floor":24.0,"turns":5.0},{"damage":10.0,"enemies":"Centurion and Healer","floor":25.0,"turns":5.0},{"damage":21.0,"enemies":"Gremlin Leader","floor":27.0,"turns":6.0},{"damage":9.0,"enemies":"Snake Plant","floor":29.0,"turns":4.0},{"damage":3.0,"enemies":"Colosseum Slavers","floor":30.0,"turns":4.0},{"damage":0.0,"enemies":"Colosseum Nobs","floor":30.0,"turns":2.0},{"damage":49.0,"enemies":"Champ","floor":33.0,"turns":11.0},{"damage":11.0,"enemies":"3 Darklings","floor":35.0,"turns":3.0},{"damage":18.0,"enemies":"Orb Walker","floor":39.0,"turns":4.0},{"damage":22.0,"enemies":"Nemesis","floor":40.0,"turns":9.0},{"damage":26.0,"enemies":"Reptomancer","floor":45.0,"turns":6.0},{"damage":0.0,"enemies":"Sphere and 2 Shapes","floor":46.0,"turns":3.0},{"damage":0.0,"enemies":"Writhing Mass","floor":48.0,"turns":5.0},{"damage":66,"enemies":"Time Eater","floor":50,"turns":13}],"seed_played":"-7055968427617307510","potions_obtained":[{"floor":3.0,"key":"PowerPotion"},{"floor":10.0,"key":"Energy Potion"},{"floor":13.0,"key":"LiquidBronze"},{"floor":27.0,"key":"FearPotion"},{"floor":30.0,"key":"PowerPotion"},{"floor":35.0,"key":"SteroidPotion"}],"is_trial":false,"path_per_floor":["M","$","M","$","?","R","E","R","T","M","R","M","E","M","R","B",null,"M","?","?","?","?","R","M","M","T","E","R","M","?","$","R","B",null,"M","?","?","?","M","E","$","R","T","R","E","M","R","M","R","B",null],"character_chosen":"THE_SILENT","items_purchased":["Discovery","Caltrops","Mummified Hand","Lantern","Noxious Fumes","PowerPotion"],"campfire_rested":3,"item_purchase_floors":[2,2,31,31,31,41],"current_hp_per_floor":[63,63,59,59,59,59,33,33,33,30,51,51,49,48,48,14,64,52,52,52,52,52,52,48,38,38,17,41,32,29,29,29,17,64,53,53,53,53,47,37,37,61,61,61,47,47,47,47,47,18],"gold":85,"neow_bonus":"HUNDRED_GOLD","is_prod":false,"is_daily":false,"chose_seed":false,"campfire_upgraded":8,"win_rate":0,"timestamp":1547744954,"path_taken":["M","?","M","$","?","R","E","R","T","M","R","M","E","M","R","BOSS","M","?","?","?","?","R","M","?","T","E","R","M","?","$","R","BOSS","M","?","?","?","?","E","$","R","T","R","E","M","R","M","R","BOSS"],"build_version":"2019-01-10","purchased_purges":1,"victory":true,"max_hp_per_floor":[70,70,70,70,70,70,70,70,70,70,70,70,80,80,80,80,80,80,80,80,80,80,80,80,80,80,80,80,80,80,80,80,80,80,80,80,80,80,80,80,80,80,80,80,80,80,80,80,80,80],"card_choices":[{"not_picked":["Blade Dance","Choke"],"picked":"Dagger Throw","floor":1.0},{"not_picked":["Underhanded Strike","Heel Hook"],"picked":"Crippling Poison","floor":3.0},{"not_picked":["Caltrops","Bane"],"picked":"PiercingWail","floor":7.0},{"not_picked":["Concentrate","Cloak And Dagger"],"picked":"Noxious Fumes","floor":10.0},{"not_picked":["Deadly Poison","Dodge and Roll"],"picked":"Dagger Spray+1","floor":12.0},{"not_picked":["Underhanded Strike+1","Quick Slash+1"],"picked":"Corpse Explosion","floor":13.0},{"not_picked":["Crippling Poison","Deadly Poison"],"picked":"Bouncing Flask","floor":14.0},{"not_picked":["Phantasmal Killer","Doppelganger"],"picked":"Unload+1","floor":16.0},{"not_picked":["Deflect","Bane+1"],"picked":"PiercingWail","floor":18.0},{"not_picked":["Backflip","Prepared","Endless Agony+1"],"picked":"SKIP","floor":24.0},{"not_picked":["Dodge and Roll","Flechettes+1","Sucker Punch+1"],"picked":"SKIP","floor":25.0},{"not_picked":["Backflip","Expertise"],"picked":"Cloak And Dagger","floor":27.0},{"not_picked":["Prepared","Dodge and Roll"],"picked":"Poisoned Stab+1","floor":29.0},{"not_picked":["Venomology","Tools of the Trade"],"picked":"Burst","floor":33.0},{"not_picked":["Slice+1","Deflect","Quick Slash+1"],"picked":"SKIP","floor":35.0},{"not_picked":["Blade Dance+1","Dagger Spray+1","Underhanded Strike+1"],"picked":"SKIP","floor":39.0},{"not_picked":["Cloak And Dagger","Poisoned Stab+1","Endless Agony+1"],"picked":"SKIP","floor":40.0},{"not_picked":["Choke+1","Flying Knee+1","Accuracy"],"picked":"SKIP","floor":45.0},{"not_picked":["Storm of Steel","Outmaneuver+1","Eviscerate+1"],"picked":"SKIP","floor":46.0},{"not_picked":["Slice+1","Dagger Throw+1"],"picked":"Distraction+1","floor":48.0}],"player_experience":693646,"relics_obtained":[{"floor":7.0,"key":"Molten Egg 2"},{"floor":9.0,"key":"Bottled Flame"},{"floor":13.0,"key":"Pear"},{"floor":26.0,"key":"Pantograph"},{"floor":27.0,"key":"Mercury Hourglass"},{"floor":30.0,"key":"Tough Bandages"},{"floor":30.0,"key":"Meat on the Bone"},{"floor":40.0,"key":"The Courier"},{"floor":45.0,"key":"Ninja Scroll"}],"event_choices":[{"damage_healed":0.0,"max_hp_gain":0.0,"max_hp_loss":0.0,"gold_gain":0.0,"event_name":"Living Wall","player_choice":"Grow","floor":5.0,"gold_loss":0.0,"damage_taken":0.0,"cards_upgraded":["Crippling Poison"]},{"damage_healed":0.0,"max_hp_gain":0.0,"max_hp_loss":0.0,"gold_gain":0.0,"event_name":"The Library","player_choice":"Read","floor":19.0,"gold_loss":0.0,"damage_taken":0.0,"cards_obtained":["Backflip"]},{"cards_removed":["Strike_G"],"damage_healed":0.0,"max_hp_gain":0.0,"max_hp_loss":0.0,"gold_gain":0.0,"event_name":"Beggar","player_choice":"Gave Gold","floor":20.0,"gold_loss":75.0,"damage_taken":0.0},{"damage_healed":0.0,"max_hp_gain":0.0,"max_hp_loss":0.0,"gold_gain":0.0,"cards_transformed":["Defend_G","Strike_G"],"event_name":"Drug Dealer","player_choice":"Became Test Subject","floor":21.0,"gold_loss":0.0,"damage_taken":0.0,"cards_obtained":["After Image","Dagger Spray"]},{"damage_healed":0.0,"max_hp_gain":0.0,"max_hp_loss":0.0,"gold_gain":0.0,"event_name":"Vampires","player_choice":"Ignored","floor":22.0,"gold_loss":0.0,"damage_taken":0.0},{"damage_healed":0.0,"max_hp_gain":0.0,"max_hp_loss":0.0,"gold_gain":0.0,"event_name":"Colosseum","player_choice":"Fight","floor":30.0,"gold_loss":0.0,"damage_taken":0.0},{"damage_healed":0.0,"max_hp_gain":0.0,"max_hp_loss":0.0,"gold_gain":0.0,"event_name":"Colosseum","player_choice":"Fought Nobs","floor":30.0,"gold_loss":0.0,"damage_taken":0.0},{"cards_removed":["Dagger Throw"],"damage_healed":0.0,"max_hp_gain":0.0,"max_hp_loss":0.0,"gold_gain":0.0,"event_name":"Falling","player_choice":"Removed Attack","floor":36.0,"gold_loss":0.0,"damage_taken":0.0},{"damage_healed":0.0,"max_hp_gain":0.0,"max_hp_loss":0.0,"gold_gain":0.0,"event_name":"Tomb of Lord Red Mask","player_choice":"Ignored","floor":37.0,"gold_loss":0.0,"damage_taken":0.0},{"cards_removed":["Strike_G"],"damage_healed":0.0,"max_hp_gain":0.0,"max_hp_loss":0.0,"gold_gain":0.0,"event_name":"Designer","player_choice":"Upgrade and Remove","floor":38.0,"gold_loss":90.0,"damage_taken":0.0,"cards_upgraded":["Cloak And Dagger"]}],"is_beta":false,"boss_relics":[{"not_picked":["Busted Crown","Calling Bell"],"picked":"Cursed Key"},{"not_picked":["Velvet Choker","Black Star"],"picked":"Ring of the Serpent"}],"items_purged_floors":[2],"is_endless":false,"potions_floor_spawned":[3,10,13,14,25,27,30,35,46],"ascension_level":13}