{"gold_per_floor":[111,124,142,142,8,8,27,46,125,125,143,169,169,169,169,245,245,262,262,279,40,54,54,88,88,88,88,88,11,30,44,44,121,121,141,153,172,4,4],"floor_reached":39,"playtime":1308,"items_purged":["Doubt"],"score":766,"play_id":"5c15f6ec-0b4a-41d9-8a07-d4cb619eccbb","local_time":"20181011172119","is_ascension_mode":true,"campfire_choices":[{"data":"Armaments","floor":6.0,"key":"SMITH"},{"data":"Pommel Strike","floor":10.0,"key":"SMITH"},{"data":"Inflame","floor":13.0,"key":"SMITH"},{"floor":15.0,"key":"REST"},{"floor":23.0,"key":"REST"},{"floor":25.0,"key":"REST"},{"data":"Shockwave","floor":27.0,"key":"SMITH"},{"floor":32.0,"key":"REST"}],"neow_cost":"CURSE","seed_source_timestamp":8238873208568,"circlet_count":0,"master_deck":["Strike_R+1","Strike_R+1","Strike_R+1","Strike_R+1","Defend_R+1","Defend_R+1","Defend_R+1","Bash","AscendersBane","Iron Wave","Armaments+1","Shockwave+1","Pommel Strike+1","Inflame+1","Flame Barrier+1","Offering+1","Rage+1","Sword Boomerang+1","Flex+1","Whirlwind","Shrug It Off+1","Offering+1"],"special_seed":0,"relics":["Burning Blood","Tiny Chest","Toxic Egg 2","Busted Crown","Bronze Scales","Blood Vial","Boot","Empty Cage","Pen Nib"],"potions_floor_usage":[33,33],"damage_taken":[{"damage":21.0,"enemies":"Jaw Worm","floor":1.0,"turns":5.0},{"damage":14.0,"enemies":"2 Louse","floor":2.0,"turns":3.0},{"damage":10.0,"enemies":"Small Slimes","floor":3.0,"turns":5.0},{"damage":3.0,"enemies":"Looter","floor":7.0,"turns":3.0},{"damage":3.0,"enemies":"Exordium Wildlife","floor":8.0,"turns":5.0},{"damage":3.0,"enemies":"Large Slime","floor":11.0,"turns":8.0},{"damage":20.0,"enemies":"3 Sentries","floor":12.0,"turns":8.0},{"damage":67.0,"enemies":"Slime Boss","floor":16.0,"turns":12.0},{"damage":13.0,"enemies":"2 Thieves","floor":18.0,"turns":4.0},{"damage":9.0,"enemies":"Chosen","floor":20.0,"turns":4.0},{"damage":7.0,"enemies":"Centurion and Healer","floor":22.0,"turns":3.0},{"damage":44.0,"enemies":"Slavers","floor":24.0,"turns":5.0},{"damage":4.0,"enemies":"Cultist and Chosen","floor":30.0,"turns":6.0},{"damage":34.0,"enemies":"Sentry and Sphere","floor":31.0,"turns":5.0},{"damage":71,"enemies":"Automaton","floor":33,"turns":12},{"damage":6,"enemies":"3 Shapes","floor":35,"turns":3},{"damage":22,"enemies":"3 Darklings","floor":36,"turns":2},{"damage":54,"enemies":"4 Shapes","floor":37,"turns":9},{"damage":19,"enemies":"Spire Growth","floor":39,"turns":3}],"seed_played":"3473118443374347649","potions_obtained":[{"floor":1.0,"key":"Dexterity Potion"},{"floor":2.0,"key":"Dexterity Potion"},{"floor":7.0,"key":"Regen Potion"},{"floor":22.0,"key":"Energy Potion"},{"floor":33,"key":"Energy Potion"}],"is_trial":false,"path_per_floor":["M","M","M","?","$","R","M","M","T","R","M","E","R","?","R","B",null,"M","?","M","$","M","R","E","R","T","R","?","$","M","M","R","B",null,"M","M","M","$"],"character_chosen":"IRONCLAD","items_purchased":["Pommel Strike","Flex+1","Bronze Scales","Whirlwind","Pen Nib"],"campfire_rested":4,"item_purchase_floors":[5,21,21,29,38],"current_hp_per_floor":[67,59,55,55,55,55,58,61,61,61,64,50,50,50,76,15,71,64,64,61,61,60,86,48,74,74,74,74,74,78,52,78,15,71,73,59,13,13,0],"gold":4,"neow_bonus":"TWENTY_PERCENT_HP_BONUS","is_prod":false,"is_daily":false,"chose_seed":false,"campfire_upgraded":4,"win_rate":0,"timestamp":1539267679,"path_taken":["M","M","M","?","$","R","M","M","T","R","M","E","R","?","R","BOSS","M","?","M","$","M","R","E","R","T","R","?","$","M","M","R","BOSS","M","M","M","$","M"],"build_version":"2018-10-04v2","purchased_purges":1,"victory":false,"max_hp_per_floor":[89,89,89,89,89,89,89,89,89,89,89,89,89,89,89,89,89,89,89,89,89,89,89,89,89,89,89,89,89,89,89,89,89,89,89,89,89,89,89],"card_choices":[{"not_picked":["Rampage","Dual Wield"],"picked":"Iron Wave","floor":1.0},{"not_picked":["Reckless Charge","Rupture"],"picked":"Armaments","floor":2.0},{"not_picked":["Disarm","Reckless Charge"],"picked":"Shockwave","floor":3.0},{"not_picked":["Havoc","Rampage","Pommel Strike"],"picked":"SKIP","floor":7.0},{"not_picked":["Warcry","Thunderclap","Headbutt"],"picked":"SKIP","floor":8.0},{"not_picked":["Flame Barrier","Searing Blow"],"picked":"Inflame","floor":11.0},{"not_picked":["Wild Strike","Shrug It Off"],"picked":"Flame Barrier","floor":12.0},{"not_picked":["Feed","Double Tap+1"],"picked":"Offering+1","floor":16.0},{"not_picked":["Wild Strike+1"],"picked":"SKIP","floor":18.0},{"not_picked":[],"picked":"Sword Boomerang+1","floor":20.0},{"not_picked":["Dropkick"],"picked":"SKIP","floor":22.0},{"not_picked":["Infernal Blade+1"],"picked":"SKIP","floor":24.0},{"not_picked":["Warcry+1"],"picked":"SKIP","floor":30.0},{"not_picked":[],"picked":"Shrug It Off+1","floor":31.0},{"not_picked":[],"picked":"Offering+1","floor":33},{"not_picked":["Sentinel+1"],"picked":"SKIP","floor":35},{"not_picked":["Cleave"],"picked":"SKIP","floor":36},{"not_picked":["Reckless Charge"],"picked":"SKIP","floor":37}],"player_experience":481523,"relics_obtained":[{"floor":9.0,"key":"Tiny Chest"},{"floor":12.0,"key":"Toxic Egg 2"},{"floor":24.0,"key":"Blood Vial"},{"floor":26.0,"key":"Boot"}],"event_choices":[{"event_name":"Liars Game","player_choice":"disagreed","floor":4.0,"damage_taken":0.0},{"event_name":"Scrap Ooze","player_choice":"unsuccessful","floor":14.0,"damage_taken":0.0},{"event_name":"The Library","player_choice":"Read","floor":19.0,"damage_taken":0.0},{"event_name":"Back to Basics","player_choice":"Simplicity","floor":28.0,"damage_taken":0.0}],"is_beta":false,"boss_relics":[{"not_picked":["Fusion Hammer","Orrery"],"picked":"Busted Crown"},{"not_picked":["Snecko Eye","Tiny House"],"picked":"Empty Cage"}],"items_purged_floors":[5],"is_endless":false,"potions_floor_spawned":[1,2,7,8,22,30,33],"killed_by":"Spire Growth","ascension_level":18}