{"gold_per_floor":[113,133,133,4,14,14,44,44,97,114,133,133,165,181,181,181],"floor_reached":16,"playtime":443,"items_purged":["Strike_G"],"score":118,"play_id":"55259072-588b-4565-bd94-08a7b99b879c","local_time":"20190722203251","is_ascension_mode":true,"campfire_choices":[{"data":"Corpse Explosion","floor":6,"key":"SMITH"},{"data":"Survivor","floor":8,"key":"SMITH"},{"data":"Caltrops","floor":12,"key":"SMITH"},{"data":"Leg Sweep","floor":15,"key":"SMITH"}],"neow_cost":"PERCENT_DAMAGE","seed_source_timestamp":24112574035688,"circlet_count":0,"master_deck":["Strike_G","Strike_G","Strike_G","Strike_G","Defend_G","Defend_G","Defend_G","Defend_G","Defend_G","Survivor+1","Neutralize","Corpse Explosion+1","Flying Knee","Caltrops+1","Poisoned Stab","Leg Sweep+1","Backstab","PiercingWail","Blur"],"relics":["Ring of the Snake","Bag of Preparation","Centennial Puzzle","Happy Flower"],"potions_floor_usage":[16],"damage_taken":[{"damage":1,"enemies":"Cultist","floor":1,"turns":5},{"damage":0,"enemies":"Small Slimes","floor":2,"turns":3},{"damage":0,"enemies":"2 Louse","floor":5,"turns":2},{"damage":11,"enemies":"Gremlin Nob","floor":7,"turns":5},{"damage":0,"enemies":"Blue Slaver","floor":10,"turns":4},{"damage":9,"enemies":"Exordium Thugs","floor":11,"turns":3},{"damage":9,"enemies":"3 Sentries","floor":13,"turns":3},{"damage":0,"enemies":"3 Louse","floor":14,"turns":1},{"damage":20,"enemies":"Hexaghost","floor":16,"turns":7}],"seed_played":"5567876790095317963","potions_obtained":[{"floor":2,"key":"Dexterity Potion"},{"floor":10,"key":"EssenceOfSteel"},{"floor":13,"key":"Dexterity Potion"}],"is_trial":false,"path_per_floor":["M","M","?","$","M","R","E","R","T","M","M","R","E","M","R","B"],"character_chosen":"THE_SILENT","items_purchased":["Poisoned Stab"],"campfire_rested":0,"item_purchase_floors":[4],"current_hp_per_floor":[48,48,48,48,48,48,37,37,37,37,28,28,19,19,19,0],"gold":181,"neow_bonus":"THREE_RARE_CARDS","is_prod":false,"is_daily":false,"chose_seed":false,"campfire_upgraded":4,"win_rate":0,"timestamp":1563816771,"path_taken":["M","?","?","$","M","R","E","R","T","M","M","R","E","?","R","BOSS"],"build_version":"2019-07-17","purchased_purges":1,"victory":false,"max_hp_per_floor":[70,70,70,70,70,70,70,70,70,70,70,70,70,70,70,70],"card_choices":[{"not_picked":["Glass Knife","Doppelganger"],"picked":"Corpse Explosion","floor":0},{"not_picked":["Outmaneuver","Prepared"],"picked":"Flying Knee","floor":1},{"not_picked":["Sucker Punch","Concentrate"],"picked":"Caltrops","floor":2},{"not_picked":["Bouncing Flask","Prepared"],"picked":"Leg Sweep","floor":5},{"not_picked":["Caltrops","Flying Knee"],"picked":"Backstab","floor":7},{"not_picked":["Quick Slash","Predator","PiercingWail"],"picked":"SKIP","floor":10},{"not_picked":["Quick Slash","Predator"],"picked":"PiercingWail","floor":10},{"not_picked":["All Out Attack","Heel Hook","Leg Sweep"],"picked":"SKIP","floor":11},{"not_picked":["Flechettes","Slice"],"picked":"Blur","floor":13},{"not_picked":["Underhanded Strike","Tactician","Concentrate"],"picked":"SKIP","floor":14}],"player_experience":1078493,"relics_obtained":[{"floor":7,"key":"Bag of Preparation"},{"floor":9,"key":"Centennial Puzzle"},{"floor":13,"key":"Happy Flower"}],"event_choices":[{"damage_healed":0,"gold_gain":0,"player_choice":"0 cards matched","damage_taken":0,"max_hp_gain":0,"max_hp_loss":0,"event_name":"Match and Keep!","floor":3,"gold_loss":0,"cards_obtained":[]}],"is_beta":false,"boss_relics":[],"items_purged_floors":[4],"is_endless":false,"potions_floor_spawned":[2,10,13,14],"killed_by":"Hexaghost","ascension_level":1}