{"gold_per_floor":[111,126,143,55,74,74,105,105,173,173,0,0,26,26,26,105,105,125,40,40,51,70,70,90,106,177,177,25,25,25,45,45,119,119,131,147,147,147,161,161,61,61,86,86,120,33,133,180,180,180],"floor_reached":50,"playtime":1890,"items_purged":["Strike_R","Strike_R"],"score":785,"play_id":"d5b5278e-77c4-4edf-9dc2-c5a394d4a8cf","local_time":"20181217222743","is_ascension_mode":true,"campfire_choices":[{"data":"Armaments","floor":6.0,"key":"SMITH"},{"floor":8.0,"key":"REST"},{"data":"Ghostly Armor","floor":10.0,"key":"SMITH"},{"floor":12.0,"key":"REST"},{"data":"Inflame","floor":15.0,"key":"SMITH"},{"data":"True Grit","floor":23.0,"key":"SMITH"},{"floor":27.0,"key":"REST"},{"data":"Juggernaut","floor":32.0,"key":"SMITH"},{"data":"Shockwave","floor":40.0,"key":"SMITH"},{"data":"Discovery","floor":49.0,"key":"SMITH"}],"neow_cost":"NONE","seed_source_timestamp":36750950938388,"circlet_count":0,"master_deck":["AscendersBane","Strike_R","Strike_R","Strike_R","Defend_R","Defend_R","Defend_R","Defend_R","Bash","Sword Boomerang","Juggernaut+1","Ghostly Armor+1","Armaments+1","Clothesline","Inflame+1","Flex","Body Slam","Fiend Fire","Shockwave+1","True Grit+1","Flex+1","Immolate+1","Entrench+1","Flame Barrier","Dramatic Entrance+1","Discovery+1"],"special_seed":0,"relics":["Burning Blood","NeowsBlessing","Pocketwatch","Pantograph","Strawberry","Bird Faced Urn","Runic Pyramid","Blood Vial","Question Card","Red Skull","Molten Egg 2","Sozu","Oddly Smooth Stone","Charon\u0027s Ashes","Shovel","Orichalcum"],"potions_floor_usage":[],"damage_taken":[{"damage":0.0,"enemies":"Cultist","floor":1.0,"turns":1.0},{"damage":0.0,"enemies":"2 Louse","floor":2.0,"turns":1.0},{"damage":0.0,"enemies":"Jaw Worm","floor":3.0,"turns":1.0},{"damage":24.0,"enemies":"Exordium Wildlife","floor":5.0,"turns":8.0},{"damage":47.0,"enemies":"3 Sentries","floor":7.0,"turns":9.0},{"damage":2.0,"enemies":"Lagavulin","floor":13.0,"turns":7.0},{"damage":60.0,"enemies":"Slime Boss","floor":16.0,"turns":10.0},{"damage":13.0,"enemies":"3 Byrds","floor":18.0,"turns":5.0},{"damage":16.0,"enemies":"Shell Parasite","floor":21.0,"turns":3.0},{"damage":23.0,"enemies":"Centurion and Healer","floor":22.0,"turns":5.0},{"damage":54.0,"enemies":"3 Cultists","floor":24.0,"turns":6.0},{"damage":14.0,"enemies":"Snake Plant","floor":25.0,"turns":2.0},{"damage":26.0,"enemies":"Centurion and Healer","floor":31.0,"turns":7.0},{"damage":47.0,"enemies":"Champ","floor":33.0,"turns":13.0},{"damage":14.0,"enemies":"3 Shapes","floor":35.0,"turns":4.0},{"damage":12.0,"enemies":"Orb Walker","floor":36.0,"turns":4.0},{"damage":4.0,"enemies":"4 Shapes","floor":39.0,"turns":3.0},{"damage":64.0,"enemies":"Giant Head","floor":45.0,"turns":10.0},{"damage":0.0,"enemies":"Mind Bloom Boss Battle","floor":47.0,"turns":6.0},{"damage":94,"enemies":"Awakened One","floor":50,"turns":21}],"seed_played":"685404013800180281","potions_obtained":[{"floor":5.0,"key":"Ancient Potion"},{"floor":18.0,"key":"EssenceOfSteel"},{"floor":21.0,"key":"BloodPotion"},{"floor":25.0,"key":"SkillPotion"}],"is_trial":false,"path_per_floor":["M","M","M","$","M","R","E","R","T","R","$","R","E","?","R","B",null,"M","?","?","M","M","R","M","M","T","R","$","T","$","M","R","B",null,"M","M","?","?","M","R","$","?","T","$","E","$","?","T","R","B"],"character_chosen":"IRONCLAD","items_purchased":["Ghostly Armor","Armaments","Inflame","Flex","Red Skull","Discovery"],"campfire_rested":3,"item_purchase_floors":[4,4,11,11,28,46],"current_hp_per_floor":[78,80,80,80,62,62,21,45,45,45,45,69,80,73,73,33,74,69,69,69,65,52,52,8,10,10,36,36,36,36,22,22,12,68,66,64,64,64,70,70,70,70,70,70,18,18,55,55,55,0],"gold":180,"neow_bonus":"THREE_ENEMY_KILL","is_prod":false,"is_daily":false,"chose_seed":false,"campfire_upgraded":7,"win_rate":0,"timestamp":1545074863,"path_taken":["M","M","M","$","?","R","E","R","T","R","$","R","E","?","R","BOSS","M","?","?","M","M","R","M","M","T","R","$","?","?","?","R","BOSS","M","?","?","?","M","R","$","?","T","$","E","?","?","?","R","BOSS"],"build_version":"2018-12-13","purchased_purges":2,"victory":false,"max_hp_per_floor":[80,80,80,80,80,80,80,80,80,80,80,80,87,87,87,87,87,87,87,87,87,87,87,87,87,87,87,87,87,87,87,87,87,87,87,87,87,87,87,87,87,87,87,87,87,87,87,87,87,87],"card_choices":[{"not_picked":["Perfected Strike","Wild Strike"],"picked":"Thunderclap","floor":1.0},{"not_picked":["Wild Strike","Clothesline"],"picked":"Sword Boomerang","floor":2.0},{"not_picked":["Body Slam","Dropkick"],"picked":"Juggernaut","floor":3.0},{"not_picked":["Combust","Iron Wave"],"picked":"Clothesline","floor":5.0},{"not_picked":["Pummel","Heavy Blade","Cleave"],"picked":"SKIP","floor":7.0},{"not_picked":["Ghostly Armor","Cleave"],"picked":"Body Slam","floor":13.0},{"not_picked":["Demon Form","Exhume"],"picked":"Fiend Fire","floor":16.0},{"not_picked":["Sword Boomerang","Body Slam"],"picked":"Shockwave","floor":18.0},{"not_picked":["Rupture","Armaments"],"picked":"Flex+1","floor":21.0},{"not_picked":["Carnage+1","Wild Strike","Searing Blow"],"picked":"SKIP","floor":22.0},{"not_picked":["Havoc","Flex","Iron Wave"],"picked":"SKIP","floor":24.0},{"not_picked":["Clothesline","Bloodletting","Pommel Strike"],"picked":"SKIP","floor":25.0},{"not_picked":["Wild Strike+1","Second Wind","Ghostly Armor","Feel No Pain"],"picked":"SKIP","floor":31.0},{"not_picked":["Bludgeon+1","Demon Form","Dark Embrace"],"picked":"Immolate+1","floor":33.0},{"not_picked":["Spot Weakness","Rupture","Body Slam+1"],"picked":"Entrench+1","floor":35.0},{"not_picked":["Armaments","Heavy Blade+1","Headbutt+1"],"picked":"Flame Barrier","floor":36.0},{"not_picked":["Secret Weapon","Forethought","Impatience"],"picked":"Dramatic Entrance+1","floor":38.0},{"not_picked":["Clash+1","Iron Wave+1","Anger+1","Perfected Strike+1"],"picked":"SKIP","floor":39.0},{"not_picked":["Dropkick+1","Wild Strike+1","Sword Boomerang+1","Entrench+1"],"picked":"SKIP","floor":45.0}],"player_experience":591036,"relics_obtained":[{"floor":7.0,"key":"Pocketwatch"},{"floor":9.0,"key":"Pantograph"},{"floor":13.0,"key":"Strawberry"},{"floor":26.0,"key":"Question Card"},{"floor":29.0,"key":"Molten Egg 2"},{"floor":43.0,"key":"Oddly Smooth Stone"},{"floor":45.0,"key":"Charon\u0027s Ashes"},{"floor":47.0,"key":"Shovel"},{"floor":48.0,"key":"Orichalcum"}],"event_choices":[{"damage_healed":0.0,"max_hp_gain":0.0,"max_hp_loss":0.0,"gold_gain":0.0,"event_name":"Scrap Ooze","player_choice":"Success","floor":14.0,"gold_loss":0.0,"damage_taken":7.0,"relics_obtained":["Bird Faced Urn"]},{"damage_healed":0.0,"max_hp_gain":0.0,"max_hp_loss":0.0,"gold_gain":0.0,"event_name":"Addict","player_choice":"Obtained Relic","floor":19.0,"gold_loss":85.0,"damage_taken":0.0,"relics_obtained":["Blood Vial"]},{"damage_healed":0.0,"max_hp_gain":0.0,"max_hp_loss":0.0,"gold_gain":0.0,"event_name":"The Library","player_choice":"Read","floor":20.0,"gold_loss":0.0,"damage_taken":0.0,"cards_obtained":["True Grit"]},{"damage_healed":0.0,"max_hp_gain":0.0,"max_hp_loss":0.0,"gold_gain":0.0,"event_name":"Mysterious Sphere","player_choice":"Ignored","floor":37.0,"gold_loss":0.0,"damage_taken":0.0},{"damage_healed":0.0,"max_hp_gain":0.0,"max_hp_loss":0.0,"gold_gain":0.0,"event_name":"SensoryStone","player_choice":"Memory 1","floor":38.0,"gold_loss":0.0,"damage_taken":0.0},{"cards_removed":["Thunderclap"],"damage_healed":0.0,"max_hp_gain":0.0,"max_hp_loss":0.0,"gold_gain":0.0,"event_name":"Falling","player_choice":"Removed Attack","floor":42.0,"gold_loss":0.0,"damage_taken":0.0},{"damage_healed":0.0,"max_hp_gain":0.0,"max_hp_loss":0.0,"gold_gain":0.0,"event_name":"MindBloom","player_choice":"Fight","floor":47.0,"gold_loss":0.0,"damage_taken":0.0}],"is_beta":false,"boss_relics":[{"not_picked":["Black Star","Lizard Tail"],"picked":"Runic Pyramid"},{"not_picked":["Astrolabe","White Beast Statue"],"picked":"Sozu"}],"items_purged_floors":[11,41],"is_endless":false,"potions_floor_spawned":[5,18,21,24,25,35,39],"killed_by":"Awakened One","ascension_level":13}