{"gold_per_floor":[109,124,6,24,24,24,24,24,77,90,124,124,156,176,176,247,247,260,115,134,165,165,193,193,212,212,212,212,212,228,36,36,107,107,121,139,139,239,149,177,177,208,208,108,121,133,148,167,167,167],"floor_reached":51,"playtime":3411,"items_purged":["Strike_G","Strike_G"],"score":1307,"play_id":"7c575a4f-663b-457b-99f3-15ca29538602","local_time":"20190807144807","is_ascension_mode":true,"campfire_choices":[{"data":"Poisoned Stab","floor":6,"key":"SMITH"},{"data":"Dagger Spray","floor":8,"key":"SMITH"},{"data":"Skewer","floor":12,"key":"SMITH"},{"floor":15,"key":"REST"},{"floor":24,"key":"REST"},{"floor":29,"key":"REST"},{"floor":32,"key":"REST"},{"floor":41,"key":"REST"},{"floor":49,"key":"REST"}],"neow_cost":"NONE","seed_source_timestamp":17817309766190,"circlet_count":0,"master_deck":["AscendersBane","Strike_G","Defend_G","Defend_G","Defend_G","Defend_G","Defend_G","Survivor","Neutralize","Sucker Punch","Poisoned Stab+1","Dagger Spray+1","Endless Agony","Skewer+1","Slice","Noxious Fumes","Deadly Poison","After Image","Predator","Footwork","Catalyst","Backflip+1","Dodge and Roll+1","Necronomicurse","Predator","Corpse Explosion","Footwork","Acrobatics","A Thousand Cuts","Blur","Escape Plan","Terror","Acrobatics","Flying Knee","Leg Sweep","PiercingWail","Well Laid Plans","Footwork"],"relics":["Ring of the Snake","FaceOfCleric","Strawberry","Dodecahedron","Mummified Hand","Fusion Hammer","Red Mask","Necronomicon","Incense Burner","Ninja Scroll","Mango","Orrery","Pocketwatch","PreservedInsect","Happy Flower","Mercury Hourglass"],"potions_floor_usage":[16,21,21,50,50],"damage_taken":[{"damage":1,"enemies":"2 Louse","floor":1,"turns":3},{"damage":0,"enemies":"Cultist","floor":2,"turns":4},{"damage":0,"enemies":"Small Slimes","floor":4,"turns":2},{"damage":1,"enemies":"Looter","floor":10,"turns":2},{"damage":17,"enemies":"Lagavulin","floor":11,"turns":7},{"damage":24,"enemies":"3 Sentries","floor":13,"turns":6},{"damage":6,"enemies":"3 Louse","floor":14,"turns":2},{"damage":42,"enemies":"Slime Boss","floor":16,"turns":10},{"damage":24,"enemies":"Shell Parasite","floor":18,"turns":5},{"damage":4,"enemies":"Spheric Guardian","floor":20,"turns":3},{"damage":22,"enemies":"Masked Bandits","floor":21,"turns":5},{"damage":3,"enemies":"Book of Stabbing","floor":23,"turns":4},{"damage":3,"enemies":"Centurion and Healer","floor":25,"turns":4},{"damage":0,"enemies":"Sentry and Sphere","floor":30,"turns":5},{"damage":33,"enemies":"Automaton","floor":33,"turns":9},{"damage":29,"enemies":"3 Darklings","floor":35,"turns":3},{"damage":10,"enemies":"3 Shapes","floor":36,"turns":7},{"damage":0,"enemies":"Mind Bloom Boss Battle","floor":38,"turns":6},{"damage":11,"enemies":"Reptomancer","floor":40,"turns":4},{"damage":25,"enemies":"Nemesis","floor":42,"turns":5},{"damage":18,"enemies":"Maw","floor":45,"turns":6},{"damage":0,"enemies":"4 Shapes","floor":46,"turns":3},{"damage":2,"enemies":"3 Darklings","floor":47,"turns":7},{"damage":2,"enemies":"Sphere and 2 Shapes","floor":48,"turns":2},{"damage":53,"enemies":"Donu and Deca","floor":50,"turns":6}],"seed_played":"-1956979168531390527","potions_obtained":[{"floor":2,"key":"LiquidBronze"},{"floor":16,"key":"Weak Potion"},{"floor":20,"key":"Regen Potion"},{"floor":21,"key":"Ancient Potion"},{"floor":25,"key":"SmokeBomb"},{"floor":38,"key":"Dexterity Potion"},{"floor":40,"key":"SkillPotion"},{"floor":48,"key":"Regen Potion"}],"is_trial":false,"path_per_floor":["M","M","$","M","?","R","$","R","T","M","E","R","E","M","R","B",null,"M","$","M","?","?","E","R","M","T","?","?","R","M","$","R","B",null,"M","M","?","?","?","E","R","E","T","$","M","M","M","M","R","B",null],"character_chosen":"THE_SILENT","items_purchased":["GhostInAJar","Dagger Spray","Footwork","Catalyst","Footwork","Acrobatics"],"campfire_rested":6,"item_purchase_floors":[3,3,19,19,31,31],"current_hp_per_floor":[58,58,58,58,58,58,58,58,65,65,49,49,26,21,44,3,59,36,36,33,27,11,9,33,31,31,45,26,56,57,57,87,55,92,64,55,55,56,56,46,78,54,54,54,37,38,37,36,69,31],"gold":167,"neow_bonus":"REMOVE_CARD","is_prod":false,"is_daily":false,"chose_seed":false,"campfire_upgraded":3,"win_rate":0,"timestamp":1565182087,"path_taken":["M","M","$","M","?","R","?","R","T","M","E","R","E","M","R","BOSS","M","?","M","?","?","E","R","M","T","?","?","R","?","?","R","BOSS","M","M","?","?","?","E","R","E","T","$","M","?","M","?","R","BOSS"],"build_version":"2019-07-17","purchased_purges":2,"victory":true,"max_hp_per_floor":[66,66,66,66,66,66,66,66,73,74,75,75,76,77,77,78,78,79,79,80,81,81,82,82,83,83,97,102,102,103,103,103,104,104,105,106,106,107,107,108,108,109,109,109,110,111,112,113,113,114],"card_choices":[{"not_picked":["Prepared","Escape Plan"],"picked":"Sucker Punch","floor":1},{"not_picked":["Tactician","Slice"],"picked":"Poisoned Stab","floor":2},{"not_picked":["Dagger Spray","Dagger Throw"],"picked":"Endless Agony","floor":4},{"not_picked":["Finisher","Blade Dance"],"picked":"Skewer","floor":10},{"not_picked":["Acrobatics","Setup"],"picked":"Slice","floor":11},{"not_picked":["Backflip","Infinite Blades"],"picked":"Noxious Fumes","floor":13},{"not_picked":["Tactician","Flying Knee"],"picked":"Deadly Poison","floor":14},{"not_picked":["Malaise","Unload"],"picked":"After Image","floor":16},{"not_picked":["Concentrate","Backflip"],"picked":"Predator","floor":18},{"not_picked":["Reflex","Footwork"],"picked":"Backflip+1","floor":20},{"not_picked":["Catalyst","Concentrate"],"picked":"Dodge and Roll","floor":21},{"not_picked":["Distraction","Quick Slash"],"picked":"Predator","floor":23},{"not_picked":["Poisoned Stab","Deadly Poison","Accuracy"],"picked":"SKIP","floor":25},{"not_picked":["Quick Slash","Backstab"],"picked":"Corpse Explosion","floor":30},{"not_picked":["Adrenaline","Storm of Steel"],"picked":"A Thousand Cuts","floor":33},{"not_picked":["Dagger Spray","Die Die Die"],"picked":"Blur","floor":34},{"not_picked":["Heel Hook","Acrobatics"],"picked":"Escape Plan","floor":34},{"not_picked":["Flying Knee","Deadly Poison"],"picked":"Terror","floor":34},{"not_picked":["Dodge and Roll","Setup"],"picked":"Acrobatics","floor":34},{"not_picked":["Distraction","Dagger Throw"],"picked":"Flying Knee","floor":35},{"not_picked":["Expertise","Predator"],"picked":"Leg Sweep","floor":36},{"not_picked":["Leg Sweep","Dagger Throw","Outmaneuver"],"picked":"SKIP","floor":40},{"not_picked":["Leg Sweep","Dagger Throw","Outmaneuver"],"picked":"SKIP","floor":40},{"not_picked":["Masterful Stab+1","Expertise+1","Backflip"],"picked":"SKIP","floor":42},{"not_picked":["Bouncing Flask","Riddle With Holes"],"picked":"PiercingWail","floor":45},{"not_picked":["Tactician","Masterful Stab","Catalyst"],"picked":"SKIP","floor":46},{"not_picked":["Envenom","Deadly Poison+1"],"picked":"Well Laid Plans","floor":47},{"not_picked":["Endless Agony","Dagger Spray"],"picked":"Footwork","floor":48}],"player_experience":746903,"relics_obtained":[{"floor":9,"key":"Strawberry"},{"floor":11,"key":"Dodecahedron"},{"floor":13,"key":"Mummified Hand"},{"floor":21,"key":"Red Mask"},{"floor":22,"key":"Necronomicon"},{"floor":23,"key":"Incense Burner"},{"floor":26,"key":"Ninja Scroll"},{"floor":38,"key":"Pocketwatch"},{"floor":40,"key":"PreservedInsect"},{"floor":42,"key":"Happy Flower"},{"floor":43,"key":"Mercury Hourglass"}],"event_choices":[{"damage_healed":0,"gold_gain":0,"player_choice":"Trade","damage_taken":0,"relics_obtained":["FaceOfCleric"],"max_hp_gain":0,"max_hp_loss":0,"event_name":"FaceTrader","floor":5,"gold_loss":0},{"damage_healed":0,"gold_gain":0,"player_choice":"Fought Bandits","damage_taken":0,"max_hp_gain":0,"max_hp_loss":0,"event_name":"Masked Bandits","floor":21,"gold_loss":0},{"damage_healed":0,"gold_gain":0,"player_choice":"Obtained Book","damage_taken":16,"max_hp_gain":0,"max_hp_loss":0,"event_name":"Cursed Tome","floor":22,"gold_loss":0},{"damage_healed":0,"gold_gain":0,"player_choice":"Opened","damage_taken":0,"relics_obtained":["Mango"],"max_hp_gain":0,"max_hp_loss":0,"event_name":"The Mausoleum","floor":27,"gold_loss":0,"cards_obtained":["Writhe"]},{"damage_healed":0,"gold_gain":0,"player_choice":"Shed Blood","damage_taken":24,"max_hp_gain":5,"max_hp_loss":0,"event_name":"Forgotten Altar","floor":28,"gold_loss":0},{"cards_removed":["Strike_G"],"damage_healed":0,"gold_gain":0,"player_choice":"Removed Attack","damage_taken":0,"max_hp_gain":0,"max_hp_loss":0,"event_name":"Falling","floor":37,"gold_loss":0},{"damage_healed":0,"gold_gain":0,"player_choice":"Fight","damage_taken":0,"max_hp_gain":0,"max_hp_loss":0,"event_name":"MindBloom","floor":38,"gold_loss":0},{"cards_removed":["Writhe"],"damage_healed":0,"gold_gain":0,"player_choice":"Upgrade and Remove","damage_taken":0,"max_hp_gain":0,"max_hp_loss":0,"event_name":"Designer","floor":39,"gold_loss":90,"cards_upgraded":["Dodge and Roll"]}],"is_beta":false,"boss_relics":[{"not_picked":["Lizard Tail","Astrolabe"],"picked":"Fusion Hammer"},{"not_picked":["White Beast Statue","Calling Bell"],"picked":"Orrery"}],"items_purged_floors":[31,44],"is_endless":false,"potions_floor_spawned":[2,4,16,20,21,25,30,33,38,40,46,48],"ascension_level":14}