{"gold_per_floor":[16,16,29,29,49,49,74,114,114,141,193,220,248,279,291,428,440,468,480,517,545,348,348,363,398,398,398,398],"floor_reached":28,"playtime":2014,"items_purged":[],"score":343,"play_id":"23fc4f25-9089-4536-8e76-ce77cad8dc3f","local_time":"20190802011001","is_ascension_mode":true,"campfire_choices":[{"data":"Body Slam","floor":6,"key":"SMITH"},{"floor":15,"key":"REST"},{"floor":23,"key":"REST"}],"neow_cost":"NO_GOLD","seed_source_timestamp":6785207487198,"circlet_count":0,"master_deck":["Strike_R","Strike_R","Strike_R","Defend_R","Defend_R","Defend_R","Defend_R","Bash","Clothesline","Body Slam+1","Pommel Strike","Spot Weakness","Ghostly Armor","Limit Break","Barricade","Armaments+1","Heavy Blade","Shrug It Off+1"],"relics":["Burning Blood","Bloody Idol","Art of War","Mercury Hourglass","MawBank","Pantograph","Mark of Pain","Frozen Eye","Bottled Lightning","Molten Egg 2"],"potions_floor_usage":[8,13,16,16,16,18,24,25,25],"damage_taken":[{"damage":10,"enemies":"Small Slimes","floor":1,"turns":4},{"damage":8,"enemies":"2 Louse","floor":3,"turns":3},{"damage":5,"enemies":"Cultist","floor":5,"turns":5},{"damage":3,"enemies":"Looter","floor":7,"turns":4},{"damage":17,"enemies":"Gremlin Nob","floor":8,"turns":4},{"damage":14,"enemies":"Exordium Wildlife","floor":10,"turns":4},{"damage":20,"enemies":"3 Sentries","floor":11,"turns":6},{"damage":10,"enemies":"2 Fungi Beasts","floor":12,"turns":4},{"damage":7,"enemies":"Blue Slaver","floor":13,"turns":3},{"damage":2,"enemies":"Looter","floor":14,"turns":3},{"damage":38,"enemies":"The Guardian","floor":16,"turns":11},{"damage":19,"enemies":"3 Byrds","floor":18,"turns":5},{"damage":9,"enemies":"Chosen","floor":20,"turns":5},{"damage":30,"enemies":"Snake Plant","floor":21,"turns":6},{"damage":12,"enemies":"3 Cultists","floor":24,"turns":7},{"damage":34,"enemies":"Gremlin Leader","floor":25,"turns":5},{"damage":25,"enemies":"Slavers","floor":28,"turns":2}],"seed_played":"-575585025813104971","potions_obtained":[{"floor":5,"key":"LiquidBronze"},{"floor":10,"key":"EssenceOfSteel"},{"floor":12,"key":"Explosive Potion"},{"floor":13,"key":"AttackPotion"},{"floor":14,"key":"SteroidPotion"},{"floor":16,"key":"AttackPotion"},{"floor":18,"key":"Swift Potion"},{"floor":20,"key":"FearPotion"},{"floor":24,"key":"SkillPotion"}],"is_trial":false,"path_per_floor":["M","?","M","?","M","R","M","E","T","M","E","M","M","M","R","B",null,"M","?","M","M","$","R","M","E","T","?","E"],"character_chosen":"IRONCLAD","items_purchased":["Frozen Eye"],"campfire_rested":2,"item_purchase_floors":[22],"current_hp_per_floor":[68,48,46,46,47,47,50,39,39,31,17,13,12,16,40,33,68,55,55,52,28,28,52,46,18,18,18,0],"gold":398,"neow_bonus":"REMOVE_TWO","is_prod":false,"is_daily":false,"chose_seed":false,"campfire_upgraded":1,"win_rate":0,"timestamp":1564726201,"path_taken":["M","?","M","?","?","R","M","E","T","M","E","M","M","M","R","BOSS","M","?","M","M","$","R","M","E","T","?","E"],"build_version":"2019-07-17","purchased_purges":0,"victory":false,"max_hp_per_floor":[80,80,80,80,80,80,80,80,80,80,80,80,80,80,80,80,80,80,80,80,80,80,80,80,80,80,80,80],"card_choices":[{"not_picked":["Pommel Strike","Seeing Red"],"picked":"Clothesline","floor":1},{"not_picked":["Thunderclap","Clash"],"picked":"Body Slam","floor":3},{"not_picked":["Headbutt","Uppercut"],"picked":"Body Slam","floor":5},{"not_picked":["Berserk","Heavy Blade"],"picked":"Pommel Strike","floor":7},{"not_picked":["Heavy Blade","Blood for Blood","Dual Wield"],"picked":"SKIP","floor":8},{"not_picked":["Warcry","Havoc"],"picked":"Spot Weakness","floor":10},{"not_picked":["Warcry","Second Wind","Wild Strike"],"picked":"SKIP","floor":11},{"not_picked":["Havoc","Second Wind","Wild Strike"],"picked":"SKIP","floor":12},{"not_picked":["Sever Soul","Burning Pact"],"picked":"Ghostly Armor","floor":13},{"not_picked":["Pommel Strike","Sword Boomerang"],"picked":"Limit Break","floor":14},{"not_picked":["Juggernaut","Feed"],"picked":"Barricade","floor":16},{"not_picked":["Cleave","Clothesline","Armaments"],"picked":"SKIP","floor":18},{"not_picked":["Iron Wave","Havoc","Twin Strike"],"picked":"SKIP","floor":20},{"not_picked":["Inflame","Iron Wave+1"],"picked":"Armaments+1","floor":21},{"not_picked":["Fire Breathing","Flex+1"],"picked":"Heavy Blade","floor":24},{"not_picked":["Cleave","Feel No Pain"],"picked":"Shrug It Off+1","floor":25}],"player_experience":565655,"relics_obtained":[{"floor":8,"key":"Mercury Hourglass"},{"floor":9,"key":"MawBank"},{"floor":11,"key":"Pantograph"},{"floor":25,"key":"Bottled Lightning"},{"floor":26,"key":"Molten Egg 2"}],"event_choices":[{"damage_healed":0,"gold_gain":0,"player_choice":"Take Damage","damage_taken":20,"relics_obtained":["Golden Idol"],"max_hp_gain":0,"max_hp_loss":0,"event_name":"Golden Idol","floor":2,"gold_loss":0},{"cards_removed":["Body Slam"],"damage_healed":0,"gold_gain":0,"player_choice":"Gave Card","damage_taken":0,"relics_obtained":["Art of War"],"max_hp_gain":0,"max_hp_loss":0,"event_name":"WeMeetAgain","floor":4,"gold_loss":0},{"damage_healed":0,"gold_gain":0,"player_choice":"Ignored","damage_taken":0,"max_hp_gain":0,"max_hp_loss":0,"event_name":"Ghosts","floor":19,"gold_loss":0},{"damage_healed":0,"gold_gain":0,"player_choice":"Gave Idol","damage_taken":0,"relics_obtained":["Bloody Idol"],"max_hp_gain":0,"max_hp_loss":0,"event_name":"Forgotten Altar","floor":27,"relics_lost":["Golden Idol"],"gold_loss":0}],"is_beta":false,"boss_relics":[{"not_picked":["Snecko Eye","Velvet Choker"],"picked":"Mark of Pain"}],"items_purged_floors":[],"is_endless":false,"potions_floor_spawned":[5,10,12,13,14,16,18,20,24],"killed_by":"Slavers","ascension_level":7}