{"gold_per_floor":[16,35,35,53,53,53,81,81,108,36,62,82,82,11,11,111,111,131,131,146,18,18,18,18,18,18,45,58,58,58,73,73,73],"floor_reached":33,"playtime":1927,"items_purged":["Strike_R"],"score":339,"play_id":"0d4f570e-7f30-4ccb-be67-50bb72a49a10","local_time":"20190730210510","is_ascension_mode":true,"campfire_choices":[{"data":"Bash","floor":6,"key":"SMITH"},{"data":"Anger","floor":8,"key":"SMITH"},{"floor":15,"key":"REST"},{"floor":23,"key":"REST"},{"data":"Inflame","floor":30,"key":"SMITH"},{"data":"True Grit","floor":32,"key":"SMITH"}],"neow_cost":"NO_GOLD","seed_source_timestamp":15929198610335,"circlet_count":0,"master_deck":["Strike_R","Strike_R","Strike_R","Defend_R","Defend_R","Defend_R","Defend_R+1","Bash+1","Transmutation+1","Thinking Ahead","Pommel Strike","Sword Boomerang","Metallicize","Anger+1","Metallicize","Inflame+1","Fiend Fire","Offering","Clothesline","Heavy Blade","True Grit+1","Clumsy","Pommel Strike+1","Havoc+1"],"relics":["Burning Blood","War Paint","Kunai","Cursed Key","Bag of Preparation","Champion Belt","Anchor","Meat on the Bone"],"potions_floor_usage":[7,33,33],"damage_taken":[{"damage":6,"enemies":"Cultist","floor":1,"turns":3},{"damage":13,"enemies":"Jaw Worm","floor":2,"turns":4},{"damage":0,"enemies":"Small Slimes","floor":4,"turns":2},{"damage":39,"enemies":"Gremlin Nob","floor":7,"turns":5},{"damage":22,"enemies":"Lagavulin","floor":11,"turns":7},{"damage":12,"enemies":"Exordium Thugs","floor":12,"turns":4},{"damage":23,"enemies":"The Guardian","floor":16,"turns":6},{"damage":8,"enemies":"Shell Parasite","floor":18,"turns":3},{"damage":0,"enemies":"3 Byrds","floor":20,"turns":6},{"damage":30,"enemies":"Gremlin Leader","floor":27,"turns":5},{"damage":10,"enemies":"Snecko","floor":28,"turns":3},{"damage":6,"enemies":"Centurion and Healer","floor":31,"turns":4},{"damage":82,"enemies":"Automaton","floor":33,"turns":6}],"seed_played":"-6947880682056838328","potions_obtained":[{"floor":4,"key":"EssenceOfSteel"},{"floor":31,"key":"SteroidPotion"}],"is_trial":false,"path_per_floor":["M","M","?","M","?","R","E","R","T","$","E","M","?","$","R","B",null,"M","?","M","$","?","R","$","?","T","E","M","?","R","M","R","B"],"character_chosen":"IRONCLAD","items_purchased":["LiquidBronze","Fiend Fire","True Grit"],"campfire_rested":2,"item_purchase_floors":[10,14,21],"current_hp_per_floor":[80,73,78,84,84,84,51,51,51,51,35,29,21,21,46,29,71,69,69,75,75,59,86,86,86,86,62,58,58,58,58,58,0],"gold":73,"neow_bonus":"RANDOM_COLORLESS_2","is_prod":false,"is_daily":false,"chose_seed":false,"campfire_upgraded":4,"win_rate":0,"timestamp":1564513510,"path_taken":["M","M","?","M","?","R","E","R","T","$","E","?","?","?","R","BOSS","M","?","M","$","?","R","$","?","T","E","M","?","R","M","R","BOSS"],"build_version":"2019-07-17","purchased_purges":1,"victory":false,"max_hp_per_floor":[80,80,85,85,85,85,85,85,85,85,85,85,85,85,85,85,85,85,85,85,85,90,90,90,90,90,90,90,90,90,90,90,90],"card_choices":[{"not_picked":["Fire Breathing","Havoc"],"picked":"Pommel Strike","floor":1},{"not_picked":["Seeing Red","Sentinel"],"picked":"Sword Boomerang","floor":2},{"not_picked":["Sever Soul","Flex"],"picked":"Metallicize","floor":4},{"not_picked":["Shrug It Off","Iron Wave"],"picked":"Anger","floor":7},{"not_picked":["Hemokinesis","Power Through"],"picked":"Metallicize","floor":11},{"not_picked":["Seeing Red","Body Slam"],"picked":"Inflame","floor":12},{"not_picked":["Reaper","Impervious"],"picked":"Offering","floor":16},{"not_picked":["Clash","Pummel"],"picked":"Clothesline","floor":18},{"not_picked":["Thunderclap","Heavy Blade","Pommel Strike"],"picked":"SKIP","floor":20},{"not_picked":["Thunderclap","Pommel Strike"],"picked":"Heavy Blade","floor":20},{"not_picked":["Clash","Armaments"],"picked":"Pommel Strike+1","floor":27},{"not_picked":["True Grit","Perfected Strike","Reckless Charge"],"picked":"SKIP","floor":28},{"not_picked":["Twin Strike+1","Perfected Strike+1"],"picked":"Havoc+1","floor":31}],"player_experience":654334,"relics_obtained":[{"floor":7,"key":"War Paint"},{"floor":11,"key":"Kunai"},{"floor":26,"key":"Anchor"},{"floor":27,"key":"Meat on the Bone"}],"event_choices":[{"damage_healed":0,"gold_gain":0,"player_choice":"Donut","damage_taken":0,"max_hp_gain":5,"max_hp_loss":0,"event_name":"Big Fish","floor":3,"gold_loss":0},{"cards_removed":["Strike_R"],"damage_healed":0,"gold_gain":0,"player_choice":"Purged","damage_taken":0,"max_hp_gain":0,"max_hp_loss":0,"event_name":"Purifier","floor":5,"gold_loss":0},{"damage_healed":0,"gold_gain":0,"player_choice":"Damaged","damage_taken":8,"max_hp_gain":0,"max_hp_loss":0,"event_name":"Wheel of Change","floor":13,"gold_loss":0},{"damage_healed":0,"gold_gain":0,"player_choice":"Opened","damage_taken":0,"relics_obtained":["Bag of Preparation"],"max_hp_gain":0,"max_hp_loss":0,"event_name":"The Mausoleum","floor":19,"gold_loss":0},{"damage_healed":0,"gold_gain":0,"player_choice":"Shed Blood","damage_taken":21,"max_hp_gain":5,"max_hp_loss":0,"event_name":"Forgotten Altar","floor":22,"gold_loss":0},{"damage_healed":0,"gold_gain":0,"player_choice":"Stole Relic","damage_taken":0,"relics_obtained":["Champion Belt"],"max_hp_gain":0,"max_hp_loss":0,"event_name":"Addict","floor":25,"gold_loss":0,"cards_obtained":["Shame"]},{"cards_removed":["Shame"],"damage_healed":0,"gold_gain":0,"player_choice":"Purged","damage_taken":0,"max_hp_gain":0,"max_hp_loss":0,"event_name":"Purifier","floor":29,"gold_loss":0}],"is_beta":false,"boss_relics":[{"not_picked":["Velvet Choker","Black Star"],"picked":"Cursed Key"}],"items_purged_floors":[21],"is_endless":false,"potions_floor_spawned":[4,31],"killed_by":"Automaton","ascension_level":5}