{"gold_per_floor":[111,121,121,134,84,118,118,153,153,188,206,206,238,248,248,350,350,364,364,72,82,7,7,41,41,66,100,113,141,158,158],"floor_reached":31,"playtime":2731,"items_purged":["Strike_R"],"score":429,"play_id":"e28b2c60-28e9-4e20-8233-26bde26ea883","local_time":"20190714211549","is_ascension_mode":true,"campfire_choices":[{"data":"Inflame","floor":7,"key":"SMITH"},{"floor":12,"key":"REST"},{"floor":15,"key":"REST"},{"data":"Inflame","floor":23,"key":"SMITH"},{"data":"Limit Break","floor":25,"key":"SMITH"}],"neow_cost":"NONE","seed_source_timestamp":177378959246800,"circlet_count":0,"master_deck":["Strike_R","Strike_R","Defend_R","Defend_R","Defend_R","Defend_R","Bash+1","Dark Embrace","Clothesline","Clothesline","Inflame+1","Ghostly Armor","Seeing Red","Headbutt","Armaments","Sword Boomerang+1","Inflame+1","Limit Break+1","Pommel Strike","Shrug It Off","Clothesline","Clothesline","Flame Barrier+1","Flame Barrier","Impervious"],"relics":["Burning Blood","Ancient Tea Set","StoneCalendar","Gremlin Horn","Pantograph","Nunchaku","Snecko Eye","Ginger","Sundial","Whetstone","Turnip","Darkstone Periapt"],"potions_floor_usage":[8,16,18,27,29,31,31],"damage_taken":[{"damage":6,"enemies":"Cultist","floor":1,"turns":3},{"damage":1,"enemies":"2 Louse","floor":2,"turns":3},{"damage":0,"enemies":"Small Slimes","floor":4,"turns":4},{"damage":57,"enemies":"3 Sentries","floor":6,"turns":10},{"damage":23,"enemies":"Gremlin Nob","floor":8,"turns":5},{"damage":5,"enemies":"Lagavulin","floor":10,"turns":7},{"damage":11,"enemies":"Exordium Thugs","floor":11,"turns":6},{"damage":25,"enemies":"3 Sentries","floor":13,"turns":7},{"damage":17,"enemies":"3 Louse","floor":14,"turns":3},{"damage":25,"enemies":"The Guardian","floor":16,"turns":10},{"damage":9,"enemies":"2 Thieves","floor":18,"turns":2},{"damage":0,"enemies":"Shell Parasite","floor":21,"turns":2},{"damage":23,"enemies":"Book of Stabbing","floor":24,"turns":4},{"damage":29,"enemies":"Slavers","floor":27,"turns":6},{"damage":2,"enemies":"Cultist and Chosen","floor":28,"turns":5},{"damage":39,"enemies":"Book of Stabbing","floor":29,"turns":7},{"damage":9,"enemies":"Snake Plant","floor":30,"turns":3},{"damage":18,"enemies":"Slavers","floor":31,"turns":3}],"seed_played":"3787209836779476484","potions_obtained":[{"floor":2,"key":"Weak Potion"},{"floor":6,"key":"GamblersBrew"},{"floor":10,"key":"Swift Potion"},{"floor":13,"key":"FearPotion"},{"floor":18,"key":"SteroidPotion"},{"floor":24,"key":"Weak Potion"},{"floor":29,"key":"FairyPotion"},{"floor":30,"key":"Fire Potion"}],"is_trial":false,"path_per_floor":["M","M","?","M","?","E","R","E","T","E","M","R","E","M","R","B",null,"M","?","$","M","$","R","E","R","T","E","M","E","M","E"],"character_chosen":"IRONCLAD","items_purchased":["Ginger"],"campfire_rested":2,"item_purchase_floors":[20],"current_hp_per_floor":[80,80,85,85,85,34,34,17,17,18,13,38,19,8,33,39,74,71,71,71,77,77,77,60,60,60,37,41,8,14,0],"gold":158,"neow_bonus":"ONE_RANDOM_RARE_CARD","is_prod":false,"is_daily":false,"chose_seed":false,"campfire_upgraded":3,"win_rate":0,"timestamp":1563153349,"path_taken":["M","M","?","M","?","E","R","E","T","E","M","R","E","M","R","BOSS","M","?","$","M","?","R","E","R","T","E","M","E","M","E"],"build_version":"2019-07-05","purchased_purges":1,"victory":false,"max_hp_per_floor":[80,80,85,85,85,85,85,85,85,85,85,85,85,85,85,85,85,85,85,85,85,85,85,85,85,85,85,85,85,85,85],"card_choices":[{"not_picked":["Iron Wave","Clash"],"picked":"Clothesline","floor":1},{"not_picked":["Rupture","Entrench"],"picked":"Clothesline","floor":2},{"not_picked":["Warcry","Cleave"],"picked":"Inflame","floor":4},{"not_picked":["Infernal Blade","Second Wind"],"picked":"Ghostly Armor","floor":6},{"not_picked":["Warcry","Armaments"],"picked":"Seeing Red","floor":8},{"not_picked":["Pommel Strike","Flex"],"picked":"Headbutt","floor":10},{"not_picked":["Dual Wield","Pommel Strike"],"picked":"Armaments","floor":11},{"not_picked":["Blood for Blood","Headbutt"],"picked":"Sword Boomerang","floor":13},{"not_picked":["Wild Strike","Warcry"],"picked":"Inflame","floor":14},{"not_picked":["Berserk","Demon Form"],"picked":"Limit Break","floor":16},{"not_picked":["Thunderclap","Armaments"],"picked":"Pommel Strike","floor":18},{"not_picked":["Havoc","Seeing Red"],"picked":"Shrug It Off","floor":21},{"not_picked":["Burning Pact","Blood for Blood"],"picked":"Clothesline","floor":24},{"not_picked":["Power Through","Twin Strike"],"picked":"Clothesline","floor":27},{"not_picked":["Carnage","Pommel Strike+1"],"picked":"Flame Barrier+1","floor":28},{"not_picked":["Carnage","Armaments"],"picked":"Flame Barrier","floor":29},{"not_picked":["Warcry","Armaments"],"picked":"Impervious","floor":30}],"player_experience":479192,"relics_obtained":[{"floor":6,"key":"Ancient Tea Set"},{"floor":8,"key":"StoneCalendar"},{"floor":9,"key":"Gremlin Horn"},{"floor":10,"key":"Pantograph"},{"floor":13,"key":"Nunchaku"},{"floor":24,"key":"Sundial"},{"floor":26,"key":"Whetstone"},{"floor":27,"key":"Turnip"},{"floor":29,"key":"Darkstone Periapt"}],"event_choices":[{"damage_healed":0,"gold_gain":0,"player_choice":"Donut","damage_taken":0,"max_hp_gain":5,"max_hp_loss":0,"event_name":"Big Fish","floor":3,"gold_loss":0},{"cards_removed":["Strike_R"],"damage_healed":0,"gold_gain":0,"player_choice":"Card Removal","damage_taken":0,"max_hp_gain":0,"max_hp_loss":0,"event_name":"The Cleric","floor":5,"gold_loss":50},{"cards_removed":["Strike_R"],"damage_healed":0,"gold_gain":0,"player_choice":"Purged","damage_taken":0,"max_hp_gain":0,"max_hp_loss":0,"event_name":"Purifier","floor":19,"gold_loss":0}],"is_beta":false,"boss_relics":[{"not_picked":["Pandora\u0027s Box","Empty Cage"],"picked":"Snecko Eye"}],"items_purged_floors":[22],"is_endless":false,"potions_floor_spawned":[2,6,10,13,18,24,29,30],"killed_by":"Slavers","ascension_level":5}