{"gold_per_floor":[359,284,301,301,315,315,326,72,72,100,119,119,146,164,164,164],"floor_reached":16,"playtime":434,"items_purged":[],"score":189,"play_id":"dc54b5ba-a601-409f-93b4-73646e481a7a","local_time":"20180906221547","is_ascension_mode":true,"campfire_choices":[{"data":"Headbutt","floor":6,"key":"SMITH"},{"floor":12,"key":"REST"},{"floor":15,"key":"REST"}],"neow_cost":"CURSE","seed_source_timestamp":34328629809916,"circlet_count":0,"master_deck":["Strike_R","Strike_R","Strike_R","Strike_R","Strike_R","Defend_R","Defend_R","Defend_R","Defend_R","Bash","AscendersBane","Cleave+1","Headbutt+1","Flex","Twin Strike","Clothesline"],"relics":["Burning Blood","Blood Vial","Pear","Odd Mushroom","Blue Candle"],"potions_floor_usage":[],"damage_taken":[{"damage":11,"enemies":"2 Louse","floor":1,"turns":3},{"damage":14,"enemies":"Jaw Worm","floor":3,"turns":4},{"damage":3,"enemies":"Small Slimes","floor":5,"turns":3},{"damage":16,"enemies":"Blue Slaver","floor":7,"turns":3},{"damage":20,"enemies":"The Mushroom Lair","floor":10,"turns":4},{"damage":18,"enemies":"Exordium Thugs","floor":11,"turns":3},{"damage":35,"enemies":"Lagavulin","floor":13,"turns":5},{"damage":11,"enemies":"Exordium Wildlife","floor":14,"turns":4},{"damage":60,"enemies":"Hexaghost","floor":16,"turns":9}],"seed_played":"1835514923836720674","potions_obtained":[{"floor":1,"key":"FearPotion"},{"floor":3,"key":"Energy Potion"}],"is_trial":false,"path_per_floor":["M","?","M","?","M","R","M","$","T","?","M","R","E","M","R"],"character_chosen":"IRONCLAD","items_purchased":["Flex","Blood Vial","Twin Strike"],"campfire_rested":2,"item_purchase_floors":[8,8,8],"current_hp_per_floor":[63,63,55,55,58,58,48,48,58,46,36,61,34,31,56,0],"gold":164,"neow_bonus":"TWO_FIFTY_GOLD","is_prod":false,"is_daily":false,"chose_seed":false,"campfire_upgraded":1,"win_rate":0,"timestamp":1536261347,"path_taken":["M","?","M","?","M","R","?","$","T","?","M","R","E","M","R","BOSS"],"build_version":"2018-08-30","purchased_purges":0,"victory":false,"max_hp_per_floor":[75,75,75,75,75,75,75,75,85,85,85,85,85,85,85,85],"card_choices":[{"not_picked":["Disarm","Combust"],"picked":"Cleave","floor":1},{"not_picked":["Clash","Anger"],"picked":"Headbutt","floor":3},{"not_picked":["Feel No Pain","Iron Wave","Cleave"],"picked":"SKIP","floor":5},{"not_picked":["Armaments","Headbutt","Clash"],"picked":"SKIP","floor":7},{"not_picked":["Armaments","Cleave"],"picked":"Clothesline","floor":10},{"not_picked":["Clothesline","Blood for Blood","Wild Strike"],"picked":"SKIP","floor":11},{"not_picked":["Bloodletting","Sentinel","Reaper"],"picked":"SKIP","floor":13},{"not_picked":["Warcry","Blood for Blood","Intimidate"],"picked":"SKIP","floor":14}],"player_experience":457657,"relics_obtained":[{"floor":9,"key":"Pear"},{"floor":10,"key":"Odd Mushroom"},{"floor":13,"key":"Blue Candle"}],"event_choices":[{"event_name":"The Cleric","player_choice":"Card Removal","floor":2,"damage_taken":0},{"event_name":"Living Wall","player_choice":"Grow","floor":4,"damage_taken":0},{"event_name":"Mushrooms","player_choice":"Fought Mushrooms","floor":10,"damage_taken":0}],"is_beta":false,"boss_relics":[],"items_purged_floors":[],"is_endless":false,"potions_floor_spawned":[1,3,7,10],"killed_by":"Hexaghost","ascension_level":17}