{"gold_per_floor":[112,112,132,82,82,82,122,122,122,143,183,17,33,54,54,54],"floor_reached":16,"playtime":532,"items_purged":[],"score":187,"play_id":"521fe798-52e8-4638-813f-f16144c33850","local_time":"20180804014737","is_ascension_mode":true,"campfire_choices":[{"floor":6,"key":"REST"},{"floor":8,"key":"REST"},{"floor":15,"key":"REST"}],"neow_cost":"NONE","seed_source_timestamp":36308318708257,"circlet_count":0,"master_deck":["Strike_R","Strike_R","Strike_R","Strike_R","Defend_R","Defend_R","Defend_R","Defend_R","Bash","AscendersBane","Clothesline","Cleave","Double Tap","Carnage","Thunderclap","Metallicize+1","Flame Barrier","Body Slam"],"relics":["Burning Blood","Boot","Golden Idol","Gremlin Horn","Frozen Egg 2","Lantern"],"potions_floor_usage":[11,16,16],"damage_taken":[{"damage":9,"enemies":"2 Louse","floor":1,"turns":3},{"damage":8,"enemies":"Small Slimes","floor":3,"turns":3},{"damage":41,"enemies":"3 Sentries","floor":7,"turns":8},{"damage":0,"enemies":"Cultist","floor":10,"turns":3},{"damage":40,"enemies":"Lagavulin","floor":11,"turns":6},{"damage":8,"enemies":"3 Louse","floor":13,"turns":2},{"damage":0,"enemies":"Blue Slaver","floor":14,"turns":5},{"damage":60,"enemies":"Hexaghost","floor":16,"turns":11}],"seed_played":"-2447108931541811988","potions_obtained":[{"floor":1,"key":"Regen Potion"},{"floor":10,"key":"Weak Potion"},{"floor":13,"key":"AttackPotion"}],"is_trial":false,"path_per_floor":["M","?","M","?","?","R","E","R","T","M","E","$","M","M","R"],"character_chosen":"IRONCLAD","items_purchased":["Metallicize+1","Flame Barrier","Body Slam"],"campfire_rested":3,"item_purchase_floors":[12,12,12],"current_hp_per_floor":[65,62,60,60,42,64,29,51,51,57,23,23,21,27,49,0],"gold":54,"neow_bonus":"THREE_CARDS","is_prod":false,"is_daily":false,"chose_seed":false,"campfire_upgraded":0,"win_rate":0,"timestamp":1533336457,"path_taken":["M","?","M","?","?","R","E","R","T","?","E","$","M","M","R","BOSS"],"build_version":"2018-08-02","purchased_purges":0,"victory":false,"max_hp_per_floor":[75,75,75,75,75,75,75,75,75,75,75,75,75,75,75,75],"card_choices":[{"not_picked":["Havoc","Perfected Strike"],"picked":"Clothesline","floor":0},{"not_picked":["Pommel Strike","Power Through"],"picked":"Cleave","floor":1},{"not_picked":["Perfected Strike","Searing Blow","Rampage"],"picked":"SKIP","floor":3},{"not_picked":["Intimidate","Power Through"],"picked":"Double Tap","floor":7},{"not_picked":["Clothesline","Sentinel"],"picked":"Carnage","floor":10},{"not_picked":["Sentinel","Fiend Fire"],"picked":"Thunderclap","floor":11},{"not_picked":["True Grit","Hemokinesis","Anger"],"picked":"SKIP","floor":13},{"not_picked":["Shockwave","Second Wind","Wild Strike"],"picked":"SKIP","floor":14}],"player_experience":401458,"relics_obtained":[{"floor":7,"key":"Gremlin Horn"},{"floor":9,"key":"Frozen Egg 2"},{"floor":11,"key":"Lantern"}],"event_choices":[{"event_name":"Scrap Ooze","player_choice":"success","floor":2,"damage_taken":3},{"event_name":"The Cleric","player_choice":"Card Removal","floor":4,"damage_taken":0},{"event_name":"Golden Idol","player_choice":"Take Damage","floor":5,"damage_taken":0}],"is_beta":false,"boss_relics":[],"items_purged_floors":[],"is_endless":false,"potions_floor_spawned":[1,10,13,14],"killed_by":"Hexaghost","ascension_level":14}