{"gold_per_floor":[113,113,123,123,142,142,156,177,203,234,85,100,181,199,199,322,322,346,96,96,21,120,163,163,176,176,200,63,104,104,174,174,299,299,315,336,461,461,154,190,206,225,225,244,98,98,133,154,154,154],"floor_reached":51,"playtime":3582,"items_purged":["Strike_R","Regret","Strike_R"],"score":854,"play_id":"a96c195b-0ded-4784-83a0-844cb60cb0dd","local_time":"20190710231836","is_ascension_mode":true,"campfire_choices":[{"data":"Bash","floor":6,"key":"SMITH"},{"data":"Inflame","floor":15,"key":"SMITH"},{"data":"Sword Boomerang","floor":24,"key":"SMITH"},{"data":"Limit Break","floor":32,"key":"SMITH"},{"data":"Uppercut","floor":49,"key":"SMITH"}],"neow_cost":"NONE","seed_source_timestamp":20738824371893,"circlet_count":0,"master_deck":["Strike_R+1","Strike_R","Defend_R","Defend_R","Defend_R","Defend_R","Bash+1","Shrug It Off","Headbutt","Pommel Strike+1","Anger","Metallicize","Battle Trance","Uppercut+1","Inflame+1","Sword Boomerang+1","Limit Break+1","Metallicize+1","Battle Trance","Demon Form+1","True Grit+1","Metallicize+1","Mayhem+1","Injury"],"relics":["Burning Blood","Orichalcum","Golden Idol","Bag of Preparation","Bag of Marbles","Frozen Egg 2","Cursed Key","Kunai","Dream Catcher","Bottled Flame","Self Forming Clay","Tiny Chest","Busted Crown","Gambling Chip","Blood Vial","Pear","Whetstone","Unceasing Top"],"potions_floor_usage":[10,14,16,23,25,31,31,33,50],"damage_taken":[{"damage":6,"enemies":"Small Slimes","floor":1,"turns":4},{"damage":11,"enemies":"Jaw Worm","floor":3,"turns":4},{"damage":0,"enemies":"2 Louse","floor":5,"turns":2},{"damage":8,"enemies":"2 Fungi Beasts","floor":7,"turns":4},{"damage":0,"enemies":"Large Slime","floor":8,"turns":4},{"damage":11,"enemies":"Lagavulin","floor":10,"turns":5},{"damage":0,"enemies":"Blue Slaver","floor":12,"turns":2},{"damage":4,"enemies":"Exordium Thugs","floor":14,"turns":3},{"damage":33,"enemies":"The Guardian","floor":16,"turns":12},{"damage":2,"enemies":"Shell Parasite","floor":18,"turns":3},{"damage":11,"enemies":"Book of Stabbing","floor":23,"turns":4},{"damage":4,"enemies":"2 Thieves","floor":25,"turns":2},{"damage":6,"enemies":"Snake Plant","floor":27,"turns":3},{"damage":16,"enemies":"Gremlin Leader","floor":29,"turns":5},{"damage":15,"enemies":"Book of Stabbing","floor":31,"turns":2},{"damage":24,"enemies":"Champ","floor":33,"turns":5},{"damage":20,"enemies":"3 Darklings","floor":35,"turns":5},{"damage":6,"enemies":"3 Shapes","floor":36,"turns":5},{"damage":0,"enemies":"Mind Bloom Boss Battle","floor":37,"turns":5},{"damage":20,"enemies":"Nemesis","floor":40,"turns":5},{"damage":7,"enemies":"Jaw Worm Horde","floor":41,"turns":3},{"damage":0,"enemies":"Transient","floor":42,"turns":5},{"damage":4,"enemies":"Writhing Mass","floor":44,"turns":4},{"damage":4,"enemies":"Giant Head","floor":47,"turns":4},{"damage":17,"enemies":"Jaw Worm Horde","floor":48,"turns":4},{"damage":57,"enemies":"Awakened One","floor":50,"turns":6}],"seed_played":"3290782518428295738","potions_obtained":[{"floor":3,"key":"Swift Potion"},{"floor":5,"key":"Strength Potion"},{"floor":12,"key":"EssenceOfSteel"},{"floor":14,"key":"AttackPotion"},{"floor":16,"key":"Energy Potion"},{"floor":18,"key":"EssenceOfSteel"},{"floor":23,"key":"Strength Potion"},{"floor":29,"key":"Poison Potion"},{"floor":35,"key":"BloodPotion"},{"floor":36,"key":"SpeedPotion"},{"floor":41,"key":"SteroidPotion"}],"is_trial":false,"path_per_floor":["M","?","M","?","M","R","M","M","T","E","$","M","T","M","R","B",null,"M","$","?","?","?","E","R","M","T","M","$","E","?","E","R","B",null,"M","M","?","?","$","E","M","M","T","M","$","?","E","M","R","B",null],"character_chosen":"IRONCLAD","items_purchased":["Uppercut","Kunai","Metallicize+1","Mayhem+1","Whetstone"],"campfire_rested":0,"item_purchase_floors":[11,19,28,39,45],"current_hp_per_floor":[80,85,80,59,65,65,63,69,69,64,64,70,70,72,72,45,85,85,85,85,85,85,80,80,82,82,82,82,72,72,63,63,45,85,71,71,77,77,77,63,64,72,82,86,86,86,90,81,81,55],"gold":154,"neow_bonus":"RANDOM_COMMON_RELIC","is_prod":false,"is_daily":false,"chose_seed":false,"campfire_upgraded":5,"win_rate":0,"timestamp":1562793516,"path_taken":["M","?","M","?","M","R","M","M","T","E","$","M","?","M","R","BOSS","M","$","?","?","?","E","R","M","T","M","$","E","?","E","R","BOSS","M","M","?","?","$","E","M","M","T","M","$","?","E","M","R","BOSS"],"build_version":"2019-07-05","purchased_purges":3,"victory":true,"max_hp_per_floor":[80,85,85,85,85,85,85,85,85,85,85,85,85,85,85,85,85,85,85,85,85,85,85,85,85,85,85,85,85,85,85,85,85,85,85,85,85,85,85,85,85,85,95,95,95,95,95,95,95,95],"card_choices":[{"not_picked":["True Grit","Heavy Blade"],"picked":"Shrug It Off","floor":1},{"not_picked":["Havoc","Clash"],"picked":"Headbutt","floor":3},{"not_picked":["Flex","Shrug It Off"],"picked":"Pommel Strike","floor":5},{"not_picked":["Power Through","Cleave"],"picked":"Anger","floor":7},{"not_picked":["Headbutt","Warcry"],"picked":"Metallicize","floor":8},{"not_picked":["Double Tap","Anger"],"picked":"Battle Trance","floor":10},{"not_picked":["Havoc","Heavy Blade"],"picked":"Inflame","floor":12},{"not_picked":["Seeing Red","Wild Strike"],"picked":"Sword Boomerang","floor":14},{"not_picked":["Berserk+1","Bludgeon"],"picked":"Limit Break","floor":16},{"not_picked":["Sever Soul","Anger"],"picked":"Clothesline+1","floor":18},{"not_picked":["Whirlwind","Twin Strike","Cleave"],"picked":"SKIP","floor":23},{"not_picked":["Intimidate","Perfected Strike","True Grit"],"picked":"SKIP","floor":25},{"not_picked":["Rupture+1","Clash","Sword Boomerang"],"picked":"SKIP","floor":27},{"not_picked":["Iron Wave","Dropkick","Sword Boomerang"],"picked":"SKIP","floor":29},{"not_picked":["Sword Boomerang","True Grit+1"],"picked":"Battle Trance","floor":31},{"not_picked":["Reaper","Berserk+1"],"picked":"Demon Form+1","floor":33},{"not_picked":[],"picked":"True Grit+1","floor":35},{"not_picked":[],"picked":"Metallicize+1","floor":36},{"not_picked":["Intimidate"],"picked":"SKIP","floor":40},{"not_picked":["Twin Strike"],"picked":"SKIP","floor":41},{"not_picked":["Iron Wave+1"],"picked":"SKIP","floor":42},{"not_picked":["Armaments+1"],"picked":"SKIP","floor":44},{"not_picked":["Clash"],"picked":"SKIP","floor":47},{"not_picked":["Sword Boomerang"],"picked":"SKIP","floor":48}],"player_experience":417865,"relics_obtained":[{"floor":9,"key":"Bag of Preparation"},{"floor":10,"key":"Bag of Marbles"},{"floor":13,"key":"Frozen Egg 2"},{"floor":23,"key":"Dream Catcher"},{"floor":26,"key":"Bottled Flame"},{"floor":29,"key":"Self Forming Clay"},{"floor":31,"key":"Tiny Chest"},{"floor":37,"key":"Gambling Chip"},{"floor":40,"key":"Blood Vial"},{"floor":43,"key":"Pear"},{"floor":47,"key":"Unceasing Top"}],"event_choices":[{"damage_healed":0,"gold_gain":0,"player_choice":"Donut","damage_taken":0,"max_hp_gain":5,"max_hp_loss":0,"event_name":"Big Fish","floor":2,"gold_loss":0},{"damage_healed":0,"gold_gain":0,"player_choice":"Take Damage","damage_taken":21,"relics_obtained":["Golden Idol"],"max_hp_gain":0,"max_hp_loss":0,"event_name":"Golden Idol","floor":4,"gold_loss":0},{"damage_healed":0,"gold_gain":0,"player_choice":"Ignored","damage_taken":0,"max_hp_gain":0,"max_hp_loss":0,"event_name":"Vampires","floor":20,"gold_loss":0},{"cards_removed":["Strike_R"],"damage_healed":0,"gold_gain":0,"player_choice":"Gave Gold","damage_taken":0,"max_hp_gain":0,"max_hp_loss":0,"event_name":"Beggar","floor":21,"gold_loss":75},{"damage_healed":0,"gold_gain":99,"player_choice":"Stole From Cult","damage_taken":0,"max_hp_gain":0,"max_hp_loss":0,"event_name":"Nest","floor":22,"gold_loss":0},{"damage_healed":0,"gold_gain":0,"player_choice":"Ignored","damage_taken":0,"max_hp_gain":0,"max_hp_loss":0,"event_name":"Ghosts","floor":30,"gold_loss":0},{"damage_healed":0,"gold_gain":0,"player_choice":"Fight","damage_taken":0,"max_hp_gain":0,"max_hp_loss":0,"event_name":"MindBloom","floor":37,"gold_loss":0},{"damage_healed":0,"gold_gain":0,"player_choice":"Ignored","damage_taken":0,"max_hp_gain":0,"max_hp_loss":0,"event_name":"Tomb of Lord Red Mask","floor":38,"gold_loss":0},{"cards_removed":["Clothesline"],"damage_healed":0,"gold_gain":0,"player_choice":"Removed Attack","damage_taken":0,"max_hp_gain":0,"max_hp_loss":0,"event_name":"Falling","floor":46,"gold_loss":0}],"is_beta":false,"boss_relics":[{"not_picked":["Empty Cage","Velvet Choker"],"picked":"Cursed Key"},{"not_picked":["White Beast Statue","Black Star"],"picked":"Busted Crown"}],"items_purged_floors":[11,28,39],"is_endless":false,"potions_floor_spawned":[3,5,12,14,16,18,23,29,35,36,41,48],"ascension_level":1}