{"gold_per_floor":[118,118,38,38,49,49,67,92,165,165,50,82,100,126,126,226,226,241,241,94,94,193,193,224,211,236,248,277,289,321,333],"floor_reached":31,"playtime":1262,"items_purged":["Strike_G+1"],"score":422,"play_id":"e6a1ab45-c17e-40f4-8354-bd4ad3adbcab","local_time":"20190622190838","is_ascension_mode":true,"campfire_choices":[{"data":"Envenom","floor":6.0,"key":"SMITH"},{"data":"Noxious Fumes","floor":10.0,"key":"SMITH"},{"data":"Well Laid Plans","floor":15.0,"key":"SMITH"},{"floor":23,"key":"REST"},{"data":"Dash","floor":29,"key":"SMITH"}],"neow_cost":"NONE","seed_source_timestamp":0,"circlet_count":0,"master_deck":["AscendersBane","Defend_G","Defend_G","Defend_G","Defend_G","Defend_G","Strike_G","Strike_G","Strike_G","Survivor","Neutralize+1","Quick Slash","Envenom+1","Escape Plan","Noxious Fumes+1","Caltrops","Dash+1","Leg Sweep","Well Laid Plans+1","Malaise","Backstab","Terror+1","Blur+1","Deflect"],"special_seed":0,"relics":["Ring of the Snake","Whetstone","Potion Belt","Question Card","Paper Crane","Juzu Bracelet","Lizard Tail","Girya","Bronze Scales","MawBank"],"potions_floor_usage":[24,24,28,28,30],"damage_taken":[{"damage":0.0,"enemies":"Cultist","floor":1.0,"turns":3.0},{"damage":7.0,"enemies":"Small Slimes","floor":5.0,"turns":4.0},{"damage":1.0,"enemies":"Jaw Worm","floor":7.0,"turns":3.0},{"damage":11.0,"enemies":"Lagavulin","floor":8.0,"turns":8.0},{"damage":31.0,"enemies":"Gremlin Nob","floor":12.0,"turns":5.0},{"damage":3.0,"enemies":"Blue Slaver","floor":13.0,"turns":4.0},{"damage":5.0,"enemies":"Hexaghost","floor":16.0,"turns":9.0},{"damage":20.0,"enemies":"Spheric Guardian","floor":18.0,"turns":8.0},{"damage":15,"enemies":"Slavers","floor":24,"turns":7},{"damage":24,"enemies":"2 Thieves","floor":25,"turns":4},{"damage":2,"enemies":"Centurion and Healer","floor":27,"turns":9},{"damage":7,"enemies":"Gremlin Leader","floor":28,"turns":7},{"damage":31,"enemies":"3 Cultists","floor":30,"turns":7},{"damage":10,"enemies":"Colosseum Slavers","floor":31,"turns":1}],"seed_played":"-2953705223906298611","potions_obtained":[{"floor":5.0,"key":"PowerPotion"},{"floor":8.0,"key":"Strength Potion"},{"floor":13.0,"key":"AttackPotion"},{"floor":18.0,"key":"Energy Potion"},{"floor":27,"key":"Block Potion"},{"floor":28,"key":"Energy Potion"},{"floor":30,"key":"SteroidPotion"}],"is_trial":false,"path_per_floor":["M","?","$","?","M","R","M","E","T","R","$","E","M","T","R","B",null,"M","?","$","?","?","R","E","M","T","M","E","R","M","?"],"character_chosen":"THE_SILENT","items_purchased":["Envenom","Caltrops","Dash","Backstab"],"campfire_rested":1,"item_purchase_floors":[3,11,11,20],"current_hp_per_floor":[63,68,68,61,54,54,53,42,42,42,42,11,8,8,8,3,57,37,37,37,23,23,47,32,8,8,6,40,40,9,0],"gold":333,"neow_bonus":"RANDOM_COMMON_RELIC","is_prod":false,"is_daily":false,"chose_seed":false,"campfire_upgraded":4,"win_rate":0,"timestamp":1561219718,"path_taken":["M","?","$","?","M","R","M","E","T","R","$","E","M","?","R","BOSS","M","?","$","?","?","R","E","M","T","M","E","R","M","?"],"build_version":"2019-01-23","purchased_purges":1,"victory":false,"max_hp_per_floor":[70,75,75,75,75,75,75,75,75,75,75,75,75,75,75,75,75,75,75,75,80,80,80,80,80,80,80,80,80,80,80],"card_choices":[{"not_picked":["PiercingWail","Acrobatics"],"picked":"Quick Slash","floor":1.0},{"not_picked":["Outmaneuver","Flying Knee"],"picked":"Escape Plan","floor":5.0},{"not_picked":["Backflip","Outmaneuver"],"picked":"Noxious Fumes","floor":7.0},{"not_picked":["Underhanded Strike","Prepared","Distraction"],"picked":"SKIP","floor":8.0},{"not_picked":["Finisher","Sucker Punch","Dash"],"picked":"Leg Sweep","floor":12.0},{"not_picked":["Deadly Poison","Tactician","Underhanded Strike"],"picked":"Well Laid Plans","floor":13.0},{"not_picked":["Die Die Die","Doppelganger","Wraith Form v2"],"picked":"Malaise","floor":16.0},{"not_picked":["Bane","Blade Dance+1","Riddle With Holes","Flying Knee+1"],"picked":"SKIP","floor":18.0},{"not_picked":["Bane","Deadly Poison","Escape Plan","Prepared"],"picked":"SKIP","floor":24},{"not_picked":["Tactician+1","Sucker Punch","Quick Slash+1","Deadly Poison"],"picked":"SKIP","floor":25},{"not_picked":["Eviscerate+1","Quick Slash","Leg Sweep"],"picked":"Terror+1","floor":27},{"not_picked":["Deflect+1","Tools of the Trade","All Out Attack"],"picked":"Blur+1","floor":28},{"not_picked":["Poisoned Stab","Underhanded Strike","Cloak And Dagger"],"picked":"Deflect","floor":30}],"player_experience":993968,"relics_obtained":[{"floor":8.0,"key":"Potion Belt"},{"floor":9.0,"key":"Question Card"},{"floor":12.0,"key":"Paper Crane"},{"floor":14.0,"key":"Juzu Bracelet"},{"floor":24,"key":"Girya"},{"floor":26,"key":"Bronze Scales"},{"floor":28,"key":"MawBank"}],"event_choices":[{"damage_healed":0.0,"max_hp_gain":5.0,"max_hp_loss":0.0,"gold_gain":0.0,"event_name":"Big Fish","player_choice":"Donut","floor":2.0,"gold_loss":0.0,"damage_taken":0.0},{"cards_removed":["Strike_G"],"damage_healed":0.0,"max_hp_gain":0.0,"max_hp_loss":0.0,"gold_gain":0.0,"event_name":"Golden Wing","player_choice":"Card Removal","floor":4.0,"gold_loss":0.0,"damage_taken":7.0},{"damage_healed":0,"gold_gain":0,"player_choice":"Ignored","damage_taken":0,"max_hp_gain":0,"max_hp_loss":0,"event_name":"Ghosts","floor":19,"gold_loss":0},{"damage_healed":0,"gold_gain":0,"player_choice":"Shed Blood","damage_taken":19,"max_hp_gain":5,"max_hp_loss":0,"event_name":"Forgotten Altar","floor":21,"gold_loss":0},{"damage_healed":0,"gold_gain":99,"player_choice":"Stole From Cult","damage_taken":0,"max_hp_gain":0,"max_hp_loss":0,"event_name":"Nest","floor":22,"gold_loss":0},{"damage_healed":0,"gold_gain":0,"player_choice":"Fight","damage_taken":0,"max_hp_gain":0,"max_hp_loss":0,"event_name":"Colosseum","floor":31,"gold_loss":0}],"is_beta":false,"boss_relics":[{"not_picked":["WristBlade","Calling Bell"],"picked":"Lizard Tail"}],"items_purged_floors":[20],"is_endless":false,"potions_floor_spawned":[5,8,13,18,27,28,30],"killed_by":"Colosseum Slavers","ascension_level":10}