{"gold_per_floor":[112,125,125,125,5,36,36,68,93,112,130,147,178,38,38,136,136,156,19,31,50,60,91,91,116,116,146,146,146,146,161,161,161],"floor_reached":33,"playtime":3407,"items_purged":["Strike_B"],"score":423,"play_id":"36ecfded-2fda-4bee-a3e6-dc111bb48605","local_time":"20190801211835","is_ascension_mode":true,"campfire_choices":[{"data":"Creative AI","floor":7,"key":"SMITH"},{"data":"Defragment","floor":15,"key":"SMITH"},{"data":"Cold Snap","floor":24,"key":"SMITH"},{"floor":30,"key":"REST"},{"data":"Glacier","floor":32,"key":"SMITH"}],"neow_cost":"NONE","seed_source_timestamp":1472481807638900,"circlet_count":0,"master_deck":["Strike_B","Strike_B","Strike_B","Defend_B","Defend_B","Defend_B","Defend_B","Zap+1","Dualcast","Conserve Battery","Sweeping Beam","Hologram","Creative AI+1","Chill","Cold Snap+1","Conserve Battery","Glacier+1","Defragment+1","Gash+1","Streamline+1","Core Surge+1","Coolheaded","Ball Lightning+1","Panacea","Sweeping Beam+1","Rebound+1","Static Discharge+1","Lockon+1","Coolheaded","Ball Lightning+1"],"relics":["Cracked Core","Bronze Scales","Meat on the Bone","Dead Branch","Omamori","Molten Egg 2","Inserter","PreservedInsect","Bag of Marbles","Incense Burner","Mercury Hourglass","Enchiridion"],"potions_floor_usage":[8,23,27,33],"damage_taken":[{"damage":2,"enemies":"2 Louse","floor":1,"turns":2},{"damage":0,"enemies":"Cultist","floor":2,"turns":3},{"damage":18,"enemies":"Lagavulin","floor":6,"turns":7},{"damage":21,"enemies":"Gremlin Nob","floor":8,"turns":5},{"damage":7,"enemies":"Jaw Worm","floor":10,"turns":4},{"damage":3,"enemies":"Looter","floor":11,"turns":3},{"damage":13,"enemies":"Large Slime","floor":12,"turns":4},{"damage":8,"enemies":"3 Sentries","floor":13,"turns":7},{"damage":24,"enemies":"Hexaghost","floor":16,"turns":10},{"damage":1,"enemies":"Chosen","floor":18,"turns":4},{"damage":0,"enemies":"Shell Parasite","floor":20,"turns":5},{"damage":35,"enemies":"Snake Plant","floor":21,"turns":4},{"damage":1,"enemies":"Chosen and Byrds","floor":22,"turns":5},{"damage":11,"enemies":"Book of Stabbing","floor":23,"turns":5},{"damage":25,"enemies":"Slavers","floor":25,"turns":3},{"damage":14,"enemies":"Book of Stabbing","floor":27,"turns":2},{"damage":5,"enemies":"Cultist and Chosen","floor":31,"turns":5},{"damage":39,"enemies":"Champ","floor":33,"turns":8}],"seed_played":"7189039390059781524","potions_obtained":[{"floor":1,"key":"Fire Potion"},{"floor":6,"key":"AttackPotion"},{"floor":8,"key":"Fire Potion"},{"floor":18,"key":"Ancient Potion"},{"floor":22,"key":"FocusPotion"},{"floor":25,"key":"SpeedPotion"},{"floor":27,"key":"SteroidPotion"}],"is_trial":false,"path_per_floor":["M","M","?","?","$","E","R","E","T","M","M","M","E","$","R","B",null,"M","$","M","M","M","E","R","E","T","E","?","?","R","M","R","B"],"character_chosen":"DEFECT","items_purchased":["Hologram","Defragment","Gash+1","Streamline+1","Ball Lightning+1","Panacea"],"campfire_rested":1,"item_purchase_floors":[5,14,14,14,19,19],"current_hp_per_floor":[66,66,54,75,75,57,57,48,48,41,38,37,41,41,41,29,64,63,63,63,40,39,40,40,27,27,25,9,9,31,38,38,0],"gold":161,"neow_bonus":"UPGRADE_CARD","is_prod":false,"is_daily":false,"chose_seed":false,"campfire_upgraded":4,"win_rate":0,"timestamp":1564708715,"path_taken":["M","M","?","?","$","E","R","E","T","?","M","?","E","$","R","BOSS","M","$","M","?","M","E","R","E","T","E","?","?","R","M","R","BOSS"],"build_version":"2019-07-17","purchased_purges":1,"victory":false,"max_hp_per_floor":[75,75,75,75,75,75,75,75,75,75,75,75,75,75,75,75,75,75,75,75,75,75,75,75,75,75,75,75,75,75,75,75,75],"card_choices":[{"not_picked":["Compile Driver","Steam"],"picked":"Conserve Battery","floor":1},{"not_picked":["Steam","Beam Cell"],"picked":"Sweeping Beam","floor":2},{"not_picked":["BootSequence","Sunder"],"picked":"Creative AI","floor":6},{"not_picked":["Conserve Battery","Ball Lightning"],"picked":"Chill","floor":8},{"not_picked":["Go for the Eyes","Lockon"],"picked":"Cold Snap","floor":10},{"not_picked":["Self Repair","Compile Driver"],"picked":"Conserve Battery","floor":11},{"not_picked":["Barrage","Consume"],"picked":"Glacier","floor":12},{"not_picked":["Hello World","Creative AI","Beam Cell"],"picked":"SKIP","floor":13},{"not_picked":["Hyperbeam+1","Electrodynamics"],"picked":"Core Surge+1","floor":16},{"not_picked":["Barrage+1","Turbo+1"],"picked":"Coolheaded","floor":18},{"not_picked":["Hologram","Storm"],"picked":"Sweeping Beam+1","floor":20},{"not_picked":["Skim+1","Conserve Battery"],"picked":"Rebound+1","floor":21},{"not_picked":["Conserve Battery","Turbo"],"picked":"Static Discharge+1","floor":22},{"not_picked":["Skim","Undo+1","Force Field"],"picked":"SKIP","floor":23},{"not_picked":["Chill","Skim"],"picked":"Lockon+1","floor":25},{"not_picked":["Rebound+1","Multi-Cast"],"picked":"Coolheaded","floor":27},{"not_picked":["Leap","Heatsinks"],"picked":"Ball Lightning+1","floor":31}],"player_experience":515461,"relics_obtained":[{"floor":6,"key":"Meat on the Bone"},{"floor":8,"key":"Dead Branch"},{"floor":9,"key":"Omamori"},{"floor":13,"key":"Molten Egg 2"},{"floor":23,"key":"PreservedInsect"},{"floor":25,"key":"Bag of Marbles"},{"floor":26,"key":"Incense Burner"},{"floor":27,"key":"Mercury Hourglass"},{"floor":28,"key":"Enchiridion"}],"event_choices":[{"damage_healed":0,"gold_gain":0,"player_choice":"Success","damage_taken":12,"relics_obtained":["Bronze Scales"],"max_hp_gain":0,"max_hp_loss":0,"event_name":"Scrap Ooze","floor":3,"gold_loss":0},{"damage_healed":21,"gold_gain":0,"player_choice":"Full Heal","damage_taken":0,"max_hp_gain":0,"max_hp_loss":0,"event_name":"Wheel of Change","floor":4,"gold_loss":0},{"damage_healed":0,"gold_gain":0,"player_choice":"Obtained Book","damage_taken":16,"max_hp_gain":0,"max_hp_loss":0,"event_name":"Cursed Tome","floor":28,"gold_loss":0},{"damage_healed":0,"gold_gain":0,"player_choice":"Ignored","damage_taken":0,"max_hp_gain":0,"max_hp_loss":0,"event_name":"Vampires","floor":29,"gold_loss":0}],"is_beta":false,"boss_relics":[{"not_picked":["Calling Bell","Black Star"],"picked":"Inserter"}],"items_purged_floors":[5],"is_endless":false,"potions_floor_spawned":[1,6,8,18,22,25,27],"killed_by":"Champ","ascension_level":6}