{"gold_per_floor":[216,229,154,168,179,179,194,194,194,194,229,240,254,82,82,158,158,175,90,107,107,120,120,138,155,155,155,155,169,169,169],"floor_reached":31,"playtime":1119,"items_purged":["Strike_R"],"score":470,"play_id":"f695a95b-ebd9-45fa-8323-f0440a7b66cd","local_time":"20181130191902","is_ascension_mode":true,"campfire_choices":[{"data":"Cleave","floor":6.0,"key":"SMITH"},{"data":"Flame Barrier","floor":8.0,"key":"SMITH"},{"data":"Bash","floor":10.0,"key":"SMITH"},{"data":"Clothesline","floor":15.0,"key":"SMITH"},{"data":"Pommel Strike","floor":23,"key":"SMITH"},{"floor":27,"key":"REST"},{"data":"Corruption","floor":30,"key":"SMITH"}],"neow_cost":"NONE","seed_source_timestamp":112841776579519,"circlet_count":0,"master_deck":["AscendersBane","Strike_R","Strike_R","Strike_R","Defend_R","Defend_R","Defend_R","Defend_R","Bash+1","Pommel Strike+1","Clothesline+1","Flame Barrier+1","Cleave+1","Flex+1","Armaments+1","Havoc+1","Discovery+1","Exhume+1","Ghostly Armor+1","Shrug It Off+1","Spot Weakness+1","Corruption+1","Ghostly+1","Ghostly+1","Ghostly+1"],"special_seed":0,"relics":["Burning Blood","Toxic Egg 2","Dream Catcher","Cursed Key","Ginger"],"potions_floor_usage":[],"damage_taken":[{"damage":10.0,"enemies":"Small Slimes","floor":1.0,"turns":4.0},{"damage":4.0,"enemies":"Jaw Worm","floor":2.0,"turns":4.0},{"damage":1.0,"enemies":"Cultist","floor":4.0,"turns":4.0},{"damage":4.0,"enemies":"Looter","floor":5.0,"turns":4.0},{"damage":7.0,"enemies":"2 Fungi Beasts","floor":7.0,"turns":3.0},{"damage":35.0,"enemies":"3 Sentries","floor":11.0,"turns":9.0},{"damage":8.0,"enemies":"Blue Slaver","floor":12.0,"turns":3.0},{"damage":0.0,"enemies":"Looter","floor":13.0,"turns":3.0},{"damage":50,"enemies":"Hexaghost","floor":16,"turns":12},{"damage":2,"enemies":"3 Byrds","floor":18,"turns":4},{"damage":0,"enemies":"Spheric Guardian","floor":20,"turns":3},{"damage":21,"enemies":"Centurion and Healer","floor":22,"turns":10},{"damage":32,"enemies":"Sentry and Sphere","floor":24,"turns":7},{"damage":12,"enemies":"Snake Plant","floor":25,"turns":5},{"damage":1,"enemies":"Centurion and Healer","floor":29,"turns":9},{"damage":41,"enemies":"Cultist and Chosen","floor":31,"turns":6}],"seed_played":"4182085412633493654","potions_obtained":[{"floor":4.0,"key":"Strength Potion"},{"floor":7.0,"key":"Fruit Juice"},{"floor":11.0,"key":"SpeedPotion"},{"floor":12.0,"key":"Fire Potion"}],"is_trial":false,"path_per_floor":["M","M","?","M","M","R","M","R","T","R","E","M","M","$","R","B",null,"M","?","M","T","M","R","M","M","T","R","?","M","R","M"],"character_chosen":"IRONCLAD","items_purchased":["Discovery+1"],"campfire_rested":1,"item_purchase_floors":[14],"current_hp_per_floor":[64,66,66,71,73,73,72,72,72,72,48,46,52,52,52,8,62,66,66,72,72,57,57,31,25,25,49,40,40,40,0],"gold":169,"neow_bonus":"HUNDRED_GOLD","is_prod":false,"is_daily":false,"chose_seed":false,"campfire_upgraded":6,"win_rate":0,"timestamp":1543594742,"path_taken":["M","M","?","M","M","R","M","R","T","R","E","M","M","$","R","BOSS","M","?","M","?","M","R","M","M","T","R","?","M","R","M"],"build_version":"2018-11-15","purchased_purges":1,"victory":false,"max_hp_per_floor":[75,75,75,75,75,75,75,75,75,75,80,80,80,80,80,80,80,80,80,80,80,80,80,80,80,80,80,40,40,40,40],"card_choices":[{"not_picked":["Havoc","Headbutt"],"picked":"Pommel Strike","floor":1.0},{"not_picked":["Iron Wave","Infernal Blade"],"picked":"Clothesline","floor":2.0},{"not_picked":["Feed","Clothesline"],"picked":"Flame Barrier","floor":4.0},{"not_picked":["Entrench","Perfected Strike"],"picked":"Cleave","floor":5.0},{"not_picked":["Rage","Clothesline","Twin Strike"],"picked":"SKIP","floor":7.0},{"not_picked":["Burning Pact+1","Dark Embrace"],"picked":"Flex+1","floor":11.0},{"not_picked":["Blood for Blood","Intimidate+1"],"picked":"Armaments+1","floor":12.0},{"not_picked":["Flex+1","Pommel Strike"],"picked":"Havoc+1","floor":13.0},{"not_picked":["Impervious+1","Fiend Fire"],"picked":"Exhume+1","floor":16},{"not_picked":["Bloodletting+1","Rage+1"],"picked":"Ghostly Armor+1","floor":18},{"not_picked":["Warcry+1","Armaments+1"],"picked":"Shrug It Off+1","floor":20},{"not_picked":["Armaments+1","Corruption","Shrug It Off+1"],"picked":"SKIP","floor":22},{"not_picked":["Heavy Blade","Thunderclap","Sword Boomerang"],"picked":"SKIP","floor":24},{"not_picked":["Disarm+1","Feel No Pain"],"picked":"Spot Weakness+1","floor":25},{"not_picked":["Iron Wave","Thunderclap"],"picked":"Corruption","floor":27},{"not_picked":["Cleave+1","Battle Trance+1","Iron Wave+1"],"picked":"SKIP","floor":29}],"player_experience":552357,"relics_obtained":[{"floor":9.0,"key":"Toxic Egg 2"},{"floor":11.0,"key":"Dream Catcher"}],"event_choices":[{"cards_removed":["Strike_R"],"damage_healed":0.0,"max_hp_gain":0.0,"max_hp_loss":0.0,"gold_gain":0.0,"event_name":"The Cleric","player_choice":"Card Removal","floor":3.0,"gold_loss":75.0,"damage_taken":0.0},{"damage_healed":0,"gold_gain":0,"player_choice":"Obtained Relic","damage_taken":0,"relics_obtained":["Ginger"],"max_hp_gain":0,"max_hp_loss":0,"event_name":"Addict","floor":19,"gold_loss":85},{"damage_healed":0,"gold_gain":0,"player_choice":"Became a Ghost","damage_taken":0,"max_hp_gain":0,"max_hp_loss":40,"event_name":"Ghosts","floor":28,"gold_loss":0,"cards_obtained":["Ghostly","Ghostly","Ghostly"]}],"is_beta":false,"boss_relics":[{"not_picked":["Pandora\u0027s Box","Fusion Hammer"],"picked":"Cursed Key"}],"items_purged_floors":[14],"is_endless":false,"potions_floor_spawned":[4,7,11,12,16,18,24,25],"killed_by":"Cultist and Chosen","ascension_level":19}