{"gold_per_floor":[163,163,163,14,29,64,64,64,64,9,9,28,28,4,4,99,99,114,114,130,161,178,204,204,230,230,230,247,247,247,277,277,381,381,393,405,405,405,405,405,428,150,150,150,150,150,150,12,12,12],"floor_reached":50,"playtime":2008,"items_purged":["Strike_R","Doubt"],"score":727,"play_id":"58f3e4d3-d2b4-4d6c-816f-0f02104cdf66","local_time":"20190801011817","is_ascension_mode":true,"campfire_choices":[{"floor":13.0,"key":"REST"},{"data":"Searing Blow","floor":15.0,"key":"SMITH"},{"floor":24.0,"key":"REST"},{"floor":29.0,"key":"REST"},{"floor":32.0,"key":"REST"},{"data":"Barricade","floor":40.0,"key":"SMITH"},{"data":"Entrench","floor":44.0,"key":"SMITH"},{"data":"Searing Blow+1","floor":46.0,"key":"SMITH"},{"data":"Searing Blow+2","floor":49.0,"key":"SMITH"}],"neow_cost":"NONE","seed_source_timestamp":37557696541599,"circlet_count":0,"master_deck":["AscendersBane","Strike_R","Defend_R","Defend_R","Defend_R","Bash+1","Flex","Rage","Seeing Red","Searing Blow+3","Double Tap","Armaments","Shrug It Off","Juggernaut","Writhe","Dropkick","Writhe","Anger+1","Clash+1","Barricade+1","Demon Form","Impervious","Entrench+1","Flash of Steel"],"special_seed":0,"relics":["Tiny House","Juzu Bracelet","Bag of Marbles","Gambling Chip","Blue Candle","Du-Vu Doll","Calling Bell","Pantograph","Pocketwatch","Gremlin Horn","Red Mask","PreservedInsect","Whetstone","Question Card","Nloth\u0027s Gift","Bronze Scales","Eternal Feather","Bag of Preparation","Toy Ornithopter","The Courier"],"potions_floor_usage":[50,50],"damage_taken":[{"damage":12.0,"enemies":"Jaw Worm","floor":1.0,"turns":3.0},{"damage":0.0,"enemies":"Small Slimes","floor":5.0,"turns":3.0},{"damage":46.0,"enemies":"3 Sentries","floor":6.0,"turns":11.0},{"damage":0.0,"enemies":"Cultist","floor":12.0,"turns":2.0},{"damage":32.0,"enemies":"The Guardian","floor":16.0,"turns":10.0},{"damage":24.0,"enemies":"Spheric Guardian","floor":18.0,"turns":4.0},{"damage":7.0,"enemies":"Chosen","floor":20.0,"turns":2.0},{"damage":9.0,"enemies":"Masked Bandits","floor":21.0,"turns":4.0},{"damage":10.0,"enemies":"Shelled Parasite and Fungi","floor":22.0,"turns":4.0},{"damage":6.0,"enemies":"Book of Stabbing","floor":23.0,"turns":3.0},{"damage":13.0,"enemies":"Centurion and Healer","floor":28.0,"turns":3.0},{"damage":7.0,"enemies":"Slavers","floor":31.0,"turns":3.0},{"damage":83.0,"enemies":"Automaton","floor":33.0,"turns":10.0},{"damage":33.0,"enemies":"3 Darklings","floor":35.0,"turns":5.0},{"damage":39.0,"enemies":"Orb Walker","floor":36.0,"turns":5.0},{"damage":136,"enemies":"Awakened One","floor":50,"turns":8}],"seed_played":"4775513746145766719","potions_obtained":[{"floor":0.0,"key":"LiquidBronze"},{"floor":5.0,"key":"Energy Potion"},{"floor":6.0,"key":"LiquidBronze"},{"floor":12.0,"key":"Fire Potion"},{"floor":20.0,"key":"Ancient Potion"},{"floor":21.0,"key":"FearPotion"},{"floor":22.0,"key":"Explosive Potion"},{"floor":23.0,"key":"Ancient Potion"},{"floor":33.0,"key":"Poison Potion"},{"floor":35.0,"key":"Regen Potion"},{"floor":36.0,"key":"Regen Potion"}],"is_trial":false,"path_per_floor":["M","?","?","$","M","E","T","?","T","?","$","M","R","$","R","B",null,"M","?","M","?","M","E","R","T","T","?","M","R","?","E","R","B",null,"M","M","?","?","?","R","T","$","T","R","?","R","?","$","R","B"],"character_chosen":"IRONCLAD","items_purchased":["Juzu Bracelet","Shrug It Off","Toy Ornithopter","BloodPotion"],"campfire_rested":4,"item_purchase_floors":[4,14,42,48],"current_hp_per_floor":[65,65,58,58,58,12,12,12,12,12,12,12,37,37,37,5,65,41,41,34,25,15,9,34,34,34,34,21,46,46,39,64,2,64,31,4,4,4,4,19,19,19,19,34,34,49,49,49,61,0],"gold":12,"neow_bonus":"BOSS_RELIC","is_prod":false,"is_daily":false,"chose_seed":false,"campfire_upgraded":5,"win_rate":0,"timestamp":1564647497,"path_taken":["M","?","?","?","M","E","?","?","T","?","$","M","R","?","R","BOSS","M","?","M","?","M","E","R","?","T","?","M","R","?","E","R","BOSS","M","M","?","?","?","R","?","$","T","R","?","R","?","$","R","BOSS"],"build_version":"2019-07-17","purchased_purges":2,"victory":false,"max_hp_per_floor":[85,85,85,85,85,85,85,85,85,85,85,85,85,85,85,85,85,85,85,85,85,85,85,85,85,85,85,85,85,85,85,85,85,85,85,85,85,85,85,85,85,85,85,85,85,85,85,85,85,85],"card_choices":[{"not_picked":["Sword Boomerang","Headbutt"],"picked":"Flex","floor":0.0},{"not_picked":["Inflame","Reckless Charge"],"picked":"Rage","floor":1.0},{"not_picked":["Warcry","Sword Boomerang"],"picked":"Seeing Red","floor":5.0},{"not_picked":["Twin Strike","Double Tap"],"picked":"Searing Blow","floor":6.0},{"not_picked":["Rage","True Grit"],"picked":"Armaments","floor":12.0},{"not_picked":["Double Tap","Fiend Fire"],"picked":"Juggernaut","floor":16.0},{"not_picked":["Headbutt","Warcry"],"picked":"Dropkick","floor":18.0},{"not_picked":["Armaments","Infernal Blade"],"picked":"Anger","floor":20.0},{"not_picked":["Perfected Strike","Iron Wave+1"],"picked":"Clash+1","floor":22.0},{"not_picked":["Headbutt","Heavy Blade","Shrug It Off"],"picked":"SKIP","floor":23.0},{"not_picked":["Wild Strike","Carnage","Dual Wield"],"picked":"Barricade","floor":28.0},{"not_picked":["Hemokinesis","Seeing Red+1","Flame Barrier"],"picked":"Demon Form","floor":31.0},{"not_picked":["Bludgeon","Demon Form","Limit Break"],"picked":"Impervious","floor":33.0},{"not_picked":["Wild Strike","Flex","Perfected Strike"],"picked":"Entrench","floor":35.0},{"not_picked":["Clash","Blood for Blood+1","Body Slam","Reckless Charge"],"picked":"SKIP","floor":36.0},{"not_picked":["Finesse","Swift Strike","Metamorphosis"],"picked":"Flash of Steel","floor":38.0}],"player_experience":710338,"relics_obtained":[{"floor":6.0,"key":"Bag of Marbles"},{"floor":7.0,"key":"Gambling Chip"},{"floor":9.0,"key":"Blue Candle"},{"floor":17.0,"key":"Centennial Puzzle"},{"floor":17.0,"key":"Pantograph"},{"floor":17.0,"key":"Pocketwatch"},{"floor":21.0,"key":"Red Mask"},{"floor":23.0,"key":"PreservedInsect"},{"floor":25.0,"key":"Whetstone"},{"floor":26.0,"key":"Question Card"},{"floor":31.0,"key":"Bronze Scales"},{"floor":41.0,"key":"Bag of Preparation"},{"floor":43.0,"key":"The Courier"}],"event_choices":[{"cards_removed":["Strike_R"],"damage_healed":0.0,"max_hp_gain":0.0,"max_hp_loss":0.0,"gold_gain":0.0,"event_name":"Living Wall","player_choice":"Forget","floor":2.0,"gold_loss":0.0,"damage_taken":0.0},{"cards_removed":["Defend_R"],"damage_healed":0.0,"max_hp_gain":0.0,"max_hp_loss":0.0,"gold_gain":0.0,"event_name":"Golden Wing","player_choice":"Card Removal","floor":3.0,"gold_loss":0.0,"damage_taken":7.0},{"damage_healed":0.0,"max_hp_gain":0.0,"max_hp_loss":0.0,"gold_gain":0.0,"cards_transformed":["Strike_R"],"event_name":"Transmorgrifier","player_choice":"Transformed","floor":8.0,"gold_loss":0.0,"damage_taken":0.0,"cards_obtained":["Double Tap"]},{"damage_healed":0.0,"max_hp_gain":0.0,"max_hp_loss":0.0,"gold_gain":0.0,"event_name":"WeMeetAgain","player_choice":"Paid Gold","floor":10.0,"gold_loss":55.0,"damage_taken":0.0,"relics_obtained":["Du-Vu Doll"]},{"damage_healed":0.0,"max_hp_gain":0.0,"max_hp_loss":0.0,"gold_gain":0.0,"event_name":"The Mausoleum","player_choice":"Opened","floor":19.0,"gold_loss":0.0,"damage_taken":0.0,"relics_obtained":["Gremlin Horn"],"cards_obtained":["Writhe"]},{"damage_healed":0.0,"max_hp_gain":0.0,"max_hp_loss":0.0,"gold_gain":0.0,"event_name":"Masked Bandits","player_choice":"Fought Bandits","floor":21.0,"gold_loss":0.0,"damage_taken":0.0},{"damage_healed":0.0,"max_hp_gain":0.0,"max_hp_loss":0.0,"gold_gain":0.0,"event_name":"N\u0027loth","player_choice":"Traded Relic","floor":27.0,"relics_lost":["Centennial Puzzle"],"gold_loss":0.0,"damage_taken":0.0,"relics_obtained":["Nloth\u0027s Gift"]},{"cards_removed":["Pain"],"damage_healed":0.0,"max_hp_gain":0.0,"max_hp_loss":0.0,"gold_gain":0.0,"event_name":"Purifier","player_choice":"Purged","floor":30.0,"gold_loss":0.0,"damage_taken":0.0},{"damage_healed":0.0,"max_hp_gain":0.0,"max_hp_loss":0.0,"gold_gain":0.0,"event_name":"Mysterious Sphere","player_choice":"Ignored","floor":37.0,"gold_loss":0.0,"damage_taken":0.0},{"damage_healed":0.0,"max_hp_gain":0.0,"max_hp_loss":0.0,"gold_gain":0.0,"event_name":"SensoryStone","player_choice":"Memory 1","floor":38.0,"gold_loss":0.0,"damage_taken":0.0},{"cards_removed":["Strike_R"],"damage_healed":0.0,"max_hp_gain":0.0,"max_hp_loss":0.0,"gold_gain":0.0,"event_name":"Falling","player_choice":"Removed Attack","floor":39.0,"gold_loss":0.0,"damage_taken":0.0},{"damage_healed":0.0,"max_hp_gain":0.0,"max_hp_loss":0.0,"gold_gain":0.0,"event_name":"The Moai Head","player_choice":"Ignored","floor":45.0,"gold_loss":0.0,"damage_taken":0.0},{"damage_healed":0.0,"max_hp_gain":0.0,"max_hp_loss":0.0,"gold_gain":0.0,"event_name":"SecretPortal","player_choice":"Ignored","floor":47.0,"gold_loss":0.0,"damage_taken":0.0}],"is_beta":false,"boss_relics":[{"not_picked":["Black Star","Busted Crown"],"picked":"Calling Bell"},{"not_picked":["Astrolabe","Runic Cube"],"picked":"Eternal Feather"}],"items_purged_floors":[42,48],"is_endless":false,"potions_floor_spawned":[5,6,12,20,21,22,23,33,35,36],"killed_by":"Awakened One","ascension_level":10}