{"gold_per_floor":[130,161,161,181,193,225,241,241,241,241,171,187,202,221,221,318,318,328,243,262,262,275,275,292,303,303,303],"floor_reached":27,"playtime":6219,"items_purged":[],"score":221,"play_id":"d19b7151-b134-4244-bee4-4e496e6b0dfa","local_time":"20190128151930","is_ascension_mode":false,"campfire_choices":[{"data":"Armaments","floor":8,"key":"SMITH"},{"floor":10,"key":"REST"},{"data":"Ghostly Armor","floor":15,"key":"SMITH"},{"floor":23,"key":"REST"}],"neow_cost":"TEN_PERCENT_HP_LOSS","seed_source_timestamp":1280205707516000,"circlet_count":0,"master_deck":["Strike_R","Strike_R","Strike_R","Defend_R","Defend_R","Defend_R","Defend_R","Bash","Ghostly Armor+1","Sword Boomerang","Blood for Blood","Heavy Blade","Armaments+1","Reaper+1","Iron Wave+1","Blood for Blood+1","Headbutt+1","Double Tap+1","Pummel+1","Violence+1","Pommel Strike+1","Clothesline+1","Demon Form+1","Warcry+1","Fire Breathing+1","Limit Break","Sword Boomerang+1"],"relics":["Burning Blood","Frozen Egg 2","Molten Egg 2","Astrolabe","Dream Catcher","Orichalcum"],"potions_floor_usage":[16,16,20,20,27],"damage_taken":[{"damage":1,"enemies":"Cultist","floor":1,"turns":4},{"damage":5,"enemies":"Jaw Worm","floor":2,"turns":5},{"damage":3,"enemies":"2 Louse","floor":4,"turns":3},{"damage":7,"enemies":"2 Fungi Beasts","floor":5,"turns":4},{"damage":34,"enemies":"Lagavulin","floor":6,"turns":8},{"damage":7,"enemies":"Blue Slaver","floor":7,"turns":4},{"damage":5,"enemies":"Exordium Wildlife","floor":12,"turns":6},{"damage":3,"enemies":"Looter","floor":13,"turns":4},{"damage":12,"enemies":"Blue Slaver","floor":14,"turns":4},{"damage":32,"enemies":"Hexaghost","floor":16,"turns":11},{"damage":30,"enemies":"Spheric Guardian","floor":18,"turns":7},{"damage":9,"enemies":"2 Thieves","floor":20,"turns":4},{"damage":39,"enemies":"Snake Plant","floor":22,"turns":5},{"damage":21,"enemies":"3 Cultists","floor":24,"turns":7},{"damage":13,"enemies":"Shelled Parasite and Fungi","floor":25,"turns":9},{"damage":67,"enemies":"Slavers","floor":27,"turns":4}],"seed_played":"-5551902610481697448","potions_obtained":[{"floor":4,"key":"FearPotion"},{"floor":7,"key":"SneckoOil"},{"floor":12,"key":"PowerPotion"},{"floor":13,"key":"EssenceOfSteel"},{"floor":16,"key":"Poison Potion"},{"floor":22,"key":"Poison Potion"}],"is_trial":false,"path_per_floor":["M","M","?","M","M","E","M","R","T","R","$","M","M","M","R","B",null,"M","?","M","?","M","R","M","M","T","E"],"character_chosen":"IRONCLAD","items_purchased":["Reaper+1"],"campfire_rested":2,"item_purchase_floors":[11],"current_hp_per_floor":[72,72,82,82,81,53,52,52,52,76,76,82,82,76,76,55,82,58,58,55,55,33,57,57,50,50,0],"gold":303,"neow_bonus":"RANDOM_COLORLESS_2","is_prod":false,"is_daily":false,"chose_seed":false,"campfire_upgraded":2,"win_rate":0.0,"timestamp":1548685170,"path_taken":["M","M","?","M","M","E","M","R","T","R","$","M","M","M","R","BOSS","M","?","M","?","M","R","M","M","T","E"],"build_version":"2019-01-23","purchased_purges":0,"victory":false,"max_hp_per_floor":[72,72,82,82,82,82,82,82,82,82,82,82,82,82,82,82,82,82,82,82,82,82,82,82,82,82,82],"card_choices":[{"not_picked":["Clothesline","Body Slam"],"picked":"Ghostly Armor","floor":1},{"not_picked":["Headbutt","Armaments"],"picked":"Sword Boomerang","floor":2},{"not_picked":["Iron Wave","Searing Blow"],"picked":"Blood for Blood","floor":4},{"not_picked":["Clothesline","Sword Boomerang"],"picked":"Heavy Blade","floor":5},{"not_picked":["Pommel Strike","Thunderclap","Body Slam"],"picked":"SKIP","floor":6},{"not_picked":["Pommel Strike","Cleave"],"picked":"Armaments","floor":7},{"not_picked":["Clothesline+1","Headbutt+1"],"picked":"Iron Wave+1","floor":12},{"not_picked":["Infernal Blade","Anger+1"],"picked":"Blood for Blood+1","floor":13},{"not_picked":["True Grit","Armaments"],"picked":"Headbutt+1","floor":14},{"not_picked":["Flex","Thunderclap+1"],"picked":"Pommel Strike+1","floor":18},{"not_picked":["Warcry","Entrench"],"picked":"Clothesline+1","floor":20},{"not_picked":["Twin Strike+1","Second Wind"],"picked":"Warcry+1","floor":22},{"not_picked":["Power Through","Rupture+1"],"picked":"Fire Breathing+1","floor":23},{"not_picked":["Flex","Perfected Strike+1"],"picked":"Limit Break","floor":24},{"not_picked":["Twin Strike+1","Burning Pact+1"],"picked":"Sword Boomerang+1","floor":25}],"player_experience":12295,"relics_obtained":[{"floor":6,"key":"Frozen Egg 2"},{"floor":9,"key":"Molten Egg 2"},{"floor":26,"key":"Orichalcum"}],"event_choices":[{"cards_removed":["HandOfGreed"],"damage_healed":0,"gold_gain":0,"player_choice":"Offered Rare","damage_taken":0,"max_hp_gain":10,"max_hp_loss":0,"event_name":"Bonfire Elementals","floor":3,"gold_loss":0},{"damage_healed":0,"gold_gain":0,"player_choice":"Obtained Relic","damage_taken":0,"relics_obtained":["Dream Catcher"],"max_hp_gain":0,"max_hp_loss":0,"event_name":"Addict","floor":19,"gold_loss":85},{"damage_healed":0,"gold_gain":0,"player_choice":"Read","damage_taken":0,"max_hp_gain":0,"max_hp_loss":0,"event_name":"The Library","floor":21,"gold_loss":0,"cards_obtained":["Demon Form"]}],"is_beta":false,"boss_relics":[{"not_picked":["Ectoplasm","Cursed Key"],"picked":"Astrolabe"}],"items_purged_floors":[],"is_endless":false,"potions_floor_spawned":[4,7,12,13,16,22],"killed_by":"Slavers","ascension_level":0}