{"gold_per_floor":[118,118,132,132,132,156,189,210,210,230,230,266,289,309,309,439,439,463,463,463,494,9,9,29,50,75,90,16,16,16,16,16,16],"floor_reached":33,"playtime":1850,"items_purged":["Normality","Normality"],"score":307,"play_id":"22dacf9c-cb90-426d-90e7-7e8fc37705bc","local_time":"20180728203151","is_ascension_mode":false,"campfire_choices":[{"data":"Storm","floor":15.0,"key":"SMITH"},{"data":"Gash","floor":23,"key":"SMITH"},{"data":"Creative AI","floor":30,"key":"SMITH"},{"data":"Defragment","floor":32,"key":"SMITH"}],"neow_cost":"NONE","seed_source_timestamp":0,"circlet_count":0,"master_deck":["Strike_B","Strike_B","Strike_B","Defend_B","Defend_B","Defend_B","Defend_B","Zap","Dualcast","Steam","Ball Lightning","Regret","Cold Snap","Loop","Hologram","Stack","White Noise","Storm+1","Sweeping Beam","Seek","Parasite","Steam","Doom and Gloom","Barrage+1","Defragment+1","Gash+1","BootSequence","Beam Cell+1","Leap","Creative AI+1","Sweeping Beam","RitualDagger","Ghostly","Ghostly","Ghostly","Ghostly","Ghostly"],"special_seed":0,"relics":["Cracked Core","Blood Vial","Centennial Puzzle","Golden Idol","Smiling Mask","Letter Opener","Potion Belt","Pear","Calling Bell","Boot","Mercury Hourglass","Mango","Nilry\u0027s Codex","Red Mask","Matryoshka","Mummified Hand","Art of War"],"potions_floor_usage":[21,21,33,33],"damage_taken":[{"damage":5.0,"enemies":"Small Slimes","floor":1.0,"turns":3.0},{"damage":0.0,"enemies":"Jaw Worm","floor":3.0,"turns":3.0},{"damage":1.0,"enemies":"Cultist","floor":6.0,"turns":3.0},{"damage":10.0,"enemies":"3 Sentries","floor":7.0,"turns":6.0},{"damage":5.0,"enemies":"Looter","floor":8.0,"turns":2.0},{"damage":8.0,"enemies":"3 Louse","floor":10.0,"turns":3.0},{"damage":6.0,"enemies":"Gremlin Nob","floor":12.0,"turns":3.0},{"damage":9.0,"enemies":"Exordium Thugs","floor":13.0,"turns":4.0},{"damage":11.0,"enemies":"2 Fungi Beasts","floor":14.0,"turns":3.0},{"damage":23.0,"enemies":"Hexaghost","floor":16.0,"turns":8.0},{"damage":11,"enemies":"Chosen","floor":18,"turns":5},{"damage":20,"floor":21,"turns":3},{"damage":6,"enemies":"3 Byrds","floor":24,"turns":3},{"damage":10,"enemies":"Sentry and Sphere","floor":25,"turns":3},{"damage":6,"enemies":"Snecko","floor":27,"turns":4},{"damage":33,"enemies":"Collector","floor":33,"turns":4}],"seed_played":"-720628240589049436","potions_obtained":[{"floor":3.0,"key":"Ancient Potion"},{"floor":7.0,"key":"Fire Potion"},{"floor":8.0,"key":"FearPotion"},{"floor":10.0,"key":"FocusPotion"},{"floor":16.0,"key":"Explosive Potion"},{"floor":18,"key":"FocusPotion"},{"floor":24,"key":"LiquidBronze"},{"floor":25,"key":"SpeedPotion"}],"is_trial":false,"path_per_floor":["M","?","M","?","?","M","E","M","T","M","?","E","M","M","R","B",null,"M","?","?","?","$","R","M","M","T","M","$","?","R","?","R"],"character_chosen":"DEFECT","items_purchased":["Defragment","Matryoshka","Gash","BootSequence","Sweeping Beam"],"campfire_rested":0,"item_purchase_floors":[22,22,22,22,28],"current_hp_per_floor":[70,63,65,65,65,66,58,55,55,49,37,43,36,27,27,6,93,82,66,66,48,48,48,44,36,36,32,32,26,26,26,26,0],"gold":16,"neow_bonus":"RANDOM_COMMON_RELIC","is_prod":false,"is_daily":false,"chose_seed":false,"campfire_upgraded":4,"win_rate":0.0,"timestamp":1532802711,"path_taken":["M","?","M","?","?","M","E","M","T","?","?","E","?","M","R","BOSS","M","?","?","?","$","R","M","?","T","M","?","?","R","?","R","BOSS"],"build_version":"2018-07-19v2","purchased_purges":2,"victory":false,"max_hp_per_floor":[75,75,75,75,69,69,69,69,69,69,69,79,79,79,79,79,93,93,93,93,93,93,93,93,93,93,93,93,93,93,46,46,46],"card_choices":[{"not_picked":["Sweeping Beam","Beam Cell"],"picked":"Steam","floor":1.0},{"not_picked":["Tempest","Beam Cell"],"picked":"Ball Lightning","floor":3.0},{"not_picked":["Steam","Leap"],"picked":"Cold Snap","floor":6.0},{"not_picked":["Self Repair","Amplify"],"picked":"Loop","floor":7.0},{"not_picked":["Go for the Eyes","Stack"],"picked":"Hologram","floor":8.0},{"not_picked":["Go for the Eyes","Sweeping Beam"],"picked":"Stack","floor":10.0},{"not_picked":["Skim","Cold Snap"],"picked":"White Noise","floor":12.0},{"not_picked":["Barrage","Double Energy"],"picked":"Storm","floor":13.0},{"not_picked":["Leap","Hologram"],"picked":"Sweeping Beam","floor":14.0},{"not_picked":["Buffer","Amplify"],"picked":"Seek","floor":16.0},{"not_picked":["Leap","Aggregate"],"picked":"Steam","floor":18},{"not_picked":["Beam Cell","Go for the Eyes"],"picked":"Barrage+1","floor":21},{"not_picked":["Ball Lightning","Auto Shields"],"picked":"Beam Cell+1","floor":24},{"not_picked":["Hologram","Steam Power"],"picked":"Leap","floor":25},{"not_picked":["Beam Cell+1","Cold Snap"],"picked":"Creative AI","floor":27}],"player_experience":79562,"relics_obtained":[{"floor":7.0,"key":"Smiling Mask"},{"floor":9.0,"key":"Letter Opener"},{"floor":12.0,"key":"Pear"},{"floor":17,"key":"Boot"},{"floor":17,"key":"Mercury Hourglass"},{"floor":17,"key":"Mango"},{"floor":19,"key":"Nilry\u0027s Codex"},{"floor":21,"key":"Red Mask"},{"floor":26,"key":"Mummified Hand"},{"floor":26,"key":"Art of War"}],"event_choices":[{"event_name":"Golden Wing","player_choice":"Card Removal","floor":2.0,"damage_taken":0.0},{"event_name":"Big Fish","player_choice":"Box","floor":4.0,"damage_taken":0.0},{"event_name":"Golden Idol","player_choice":"Lose Max HP","floor":5.0,"damage_taken":0.0},{"event_name":"Scrap Ooze","player_choice":"success","floor":11.0,"damage_taken":12.0},{"event_name":"Cursed Tome","player_choice":"Obtained Book","floor":19,"damage_taken":0},{"event_name":"The Library","player_choice":"Read","floor":20,"damage_taken":0},{"event_name":"Masked Bandits","player_choice":"Fought over 463 gold","floor":21,"damage_taken":0},{"event_name":"Nest","player_choice":"Joined the Cult","floor":29,"damage_taken":0},{"event_name":"Ghosts","player_choice":"Became a Ghost","floor":31,"damage_taken":0}],"is_beta":false,"boss_relics":[{"not_picked":["Busted Crown","Coffee Dripper"],"picked":"Calling Bell"}],"items_purged_floors":[22,28],"is_endless":false,"potions_floor_spawned":[3,7,8,10,16,18,24,25],"killed_by":"Collector","ascension_level":0}