{"gold_per_floor":[112,123,123,298,318,318,351,366,416,416,416,45,61,95,95,198,198,215,315,64,64,74,74,74,106,106,37,37,56,84,183,183,183],"floor_reached":33,"playtime":1267,"items_purged":["Doubt","Strike_G"],"score":306,"play_id":"b49ebc1d-a2e5-460d-bdf4-1180e3a397ce","local_time":"20190524205633","is_ascension_mode":true,"campfire_choices":[{"data":"Bouncing Flask","floor":6.0,"key":"SMITH"},{"data":"A Thousand Cuts","floor":10,"key":"SMITH"},{"data":"Dash","floor":15,"key":"SMITH"},{"floor":23,"key":"REST"},{"data":"Noxious Fumes","floor":28,"key":"SMITH"},{"data":"1","floor":32,"key":"LIFT"}],"neow_cost":"NONE","seed_source_timestamp":101216753177509,"circlet_count":0,"master_deck":["Defend_G","Defend_G","Defend_G","Defend_G","Strike_G","Strike_G","Survivor+1","Neutralize+1","Leg Sweep","Bouncing Flask+1","A Thousand Cuts+1","PiercingWail","Dash+1","Malaise","Concentrate+1","Corpse Explosion+1","Sucker Punch+1","Noxious Fumes+1","Cloak And Dagger","Deflect","Terror","Crippling Poison","PiercingWail","Backstab+1"],"special_seed":0,"relics":["Ring of the Snake","Regal Pillow","Gremlin Horn","Bronze Scales","Girya","Boot","Astrolabe","Tingsha","Pear","The Courier","Frozen Egg 2","Snake Skull"],"potions_floor_usage":[14,30,33],"damage_taken":[{"damage":0.0,"enemies":"2 Louse","floor":1.0,"turns":4.0},{"damage":8.0,"enemies":"Cultist","floor":2.0,"turns":6.0},{"damage":3.0,"enemies":"Jaw Worm","floor":5.0,"turns":5.0},{"damage":8.0,"enemies":"Lagavulin","floor":7.0,"turns":6.0},{"damage":7,"enemies":"Large Slime","floor":8,"turns":8},{"damage":4,"enemies":"Blue Slaver","floor":13,"turns":4},{"damage":12,"enemies":"Gremlin Nob","floor":14,"turns":4},{"damage":21,"enemies":"The Guardian","floor":16,"turns":9},{"damage":0,"enemies":"3 Byrds","floor":18,"turns":2},{"damage":27,"enemies":"Colosseum Slavers","floor":19,"turns":6},{"damage":27,"enemies":"Colosseum Nobs","floor":19,"turns":4},{"damage":0,"enemies":"Chosen","floor":22,"turns":4},{"damage":6,"enemies":"Book of Stabbing","floor":25,"turns":5},{"damage":9,"enemies":"Snake Plant","floor":29,"turns":5},{"damage":3,"enemies":"Slavers","floor":30,"turns":3},{"damage":51,"enemies":"Champ","floor":33,"turns":13}],"seed_played":"-9127071367570865293","potions_obtained":[{"floor":1.0,"key":"AttackPotion"},{"floor":5.0,"key":"Weak Potion"},{"floor":8,"key":"GamblersBrew"},{"floor":16,"key":"LiquidBronze"}],"is_trial":false,"path_per_floor":["M","M","?","?","M","R","E","M","T","R","?","$","M","E","R","B",null,"M","?","$","?","M","R","T","E","T","$","R","M","E","?","R","B"],"character_chosen":"THE_SILENT","items_purchased":["Girya","Noxious Fumes","Cloak And Dagger","Deflect","Crippling Poison","PiercingWail"],"campfire_rested":1,"item_purchase_floors":[12,20,20,20,27,27],"current_hp_per_floor":[70,62,62,62,59,59,51,44,44,44,44,44,40,28,28,7,70,70,26,26,26,26,65,65,59,59,59,59,50,47,47,47,0],"gold":183,"neow_bonus":"RANDOM_COMMON_RELIC","is_prod":false,"is_daily":false,"chose_seed":false,"campfire_upgraded":4,"win_rate":0,"timestamp":1558720593,"path_taken":["M","M","?","?","M","R","E","M","T","R","?","$","?","E","R","BOSS","M","?","$","?","M","R","?","E","T","?","R","M","E","?","R","BOSS"],"build_version":"2019-01-23","purchased_purges":2,"victory":false,"max_hp_per_floor":[70,70,70,70,70,70,70,70,70,70,70,70,70,70,70,70,70,70,80,80,80,80,80,80,80,80,80,80,80,80,80,80,80],"card_choices":[{"not_picked":["Blade Dance","Masterful Stab"],"picked":"Leg Sweep","floor":1.0},{"not_picked":["Sucker Punch","Deflect","Dodge and Roll"],"picked":"SKIP","floor":2.0},{"not_picked":["Accuracy","PiercingWail"],"picked":"Bouncing Flask","floor":5.0},{"not_picked":["Quick Slash","Predator"],"picked":"A Thousand Cuts","floor":7.0},{"not_picked":["Deadly Poison","Poisoned Stab"],"picked":"PiercingWail","floor":8},{"not_picked":["Dagger Throw","Slice"],"picked":"Dash","floor":13},{"not_picked":["Underhanded Strike","Blade Dance","Outmaneuver"],"picked":"SKIP","floor":14},{"not_picked":["Storm of Steel","Night Terror"],"picked":"Malaise","floor":16},{"not_picked":["Bouncing Flask","Underhanded Strike+1","Leg Sweep+1"],"picked":"SKIP","floor":18},{"not_picked":["Flechettes","Sucker Punch","Dodge and Roll"],"picked":"SKIP","floor":22},{"not_picked":["Dash","Finisher"],"picked":"Terror","floor":25},{"not_picked":["Dagger Spray","Reflex+1"],"picked":"Backstab+1","floor":29},{"not_picked":["Tactician+1","Finisher+1","Blade Dance"],"picked":"SKIP","floor":30}],"player_experience":918830,"relics_obtained":[{"floor":7.0,"key":"Gremlin Horn"},{"floor":9,"key":"Bronze Scales"},{"floor":14,"key":"Boot"},{"floor":19,"key":"Tingsha"},{"floor":19,"key":"Pear"},{"floor":24,"key":"The Courier"},{"floor":25,"key":"Frozen Egg 2"},{"floor":30,"key":"Snake Skull"}],"event_choices":[{"damage_healed":0.0,"max_hp_gain":0.0,"max_hp_loss":0.0,"gold_gain":0.0,"event_name":"Living Wall","player_choice":"Grow","floor":3.0,"gold_loss":0.0,"damage_taken":0.0,"cards_upgraded":["Neutralize"]},{"damage_healed":0.0,"max_hp_gain":0.0,"max_hp_loss":0.0,"gold_gain":175.0,"event_name":"Liars Game","player_choice":"AGREE","floor":4.0,"gold_loss":0.0,"damage_taken":0.0,"cards_obtained":["Doubt"]},{"damage_healed":0,"gold_gain":0,"player_choice":"Forge","damage_taken":0,"max_hp_gain":0,"max_hp_loss":0,"event_name":"Accursed Blacksmith","floor":11,"gold_loss":0,"cards_upgraded":["Survivor"]},{"damage_healed":0,"gold_gain":0,"player_choice":"Fight","damage_taken":0,"max_hp_gain":0,"max_hp_loss":0,"event_name":"Colosseum","floor":19,"gold_loss":0},{"damage_healed":0,"gold_gain":0,"player_choice":"Fought Nobs","damage_taken":0,"max_hp_gain":0,"max_hp_loss":0,"event_name":"Colosseum","floor":19,"gold_loss":0},{"damage_healed":0,"gold_gain":0,"player_choice":"Ignored","damage_taken":0,"max_hp_gain":0,"max_hp_loss":0,"event_name":"Ghosts","floor":21,"gold_loss":0},{"damage_healed":0,"gold_gain":99,"player_choice":"Stole From Cult","damage_taken":0,"max_hp_gain":0,"max_hp_loss":0,"event_name":"Nest","floor":31,"gold_loss":0}],"is_beta":false,"boss_relics":[{"not_picked":["Ectoplasm","Pandora\u0027s Box"],"picked":"Astrolabe"}],"items_purged_floors":[12,20],"is_endless":false,"potions_floor_spawned":[1,5,8,16,18,25,29],"killed_by":"Champ","ascension_level":1}