{"gold_per_floor":[20,32,32,50,66,93,93,113,183,216,233,165,184,240,240,341,341,356,65,78,96,96,127,142,152,152,152,162,172,172,189,189,189],"floor_reached":33,"playtime":7059,"items_purged":["Strike_R"],"score":310,"play_id":"51c2c8e4-5139-496f-9aed-1152eed0c6bb","local_time":"20190728225734","is_ascension_mode":false,"campfire_choices":[{"data":"Fiend Fire","floor":7,"key":"SMITH"},{"floor":15,"key":"REST"},{"floor":27,"key":"REST"},{"data":"Barricade","floor":32,"key":"SMITH"}],"neow_cost":"NO_GOLD","seed_source_timestamp":151605584328259,"circlet_count":0,"master_deck":["Defend_R","Defend_R","Defend_R","Defend_R","Bash","Thunderclap","Sentinel","Iron Wave","Corruption","Fiend Fire+1","Dual Wield","Infernal Blade","Warcry","Whirlwind","Feel No Pain","Double Tap","Power Through+1","Carnage","Pommel Strike+1","Bite","Bite","Bite","Bite","Bite","Armaments+1","Barricade+1"],"relics":["Burning Blood","Peace Pipe","Self Forming Clay","Incense Burner","Smiling Mask","Omamori","Black Star","ClockworkSouvenir","Lantern","Oddly Smooth Stone","Gremlin Horn","GremlinMask"],"potions_floor_usage":[6,11,14,16,23,23,28,29],"damage_taken":[{"damage":11,"enemies":"Jaw Worm","floor":1,"turns":3},{"damage":6,"enemies":"Cultist","floor":2,"turns":3},{"damage":0,"enemies":"Small Slimes","floor":4,"turns":2},{"damage":7,"enemies":"Blue Slaver","floor":5,"turns":4},{"damage":12,"enemies":"3 Sentries","floor":6,"turns":6},{"damage":0,"enemies":"Large Slime","floor":8,"turns":3},{"damage":9,"enemies":"Gremlin Nob","floor":10,"turns":4},{"damage":10,"enemies":"Lots of Slimes","floor":11,"turns":5},{"damage":20,"enemies":"Exordium Thugs","floor":13,"turns":5},{"damage":20,"enemies":"3 Sentries","floor":14,"turns":5},{"damage":30,"enemies":"The Guardian","floor":16,"turns":14},{"damage":9,"enemies":"3 Byrds","floor":18,"turns":7},{"damage":15,"enemies":"Spheric Guardian","floor":20,"turns":4},{"damage":18,"enemies":"Chosen and Byrds","floor":21,"turns":7},{"damage":63,"enemies":"Slavers","floor":23,"turns":10},{"damage":9,"enemies":"3 Cultists","floor":24,"turns":6},{"damage":21,"enemies":"Snake Plant","floor":25,"turns":3},{"damage":8,"enemies":"Snecko","floor":28,"turns":4},{"damage":18,"enemies":"3 Cultists","floor":29,"turns":4},{"damage":3,"enemies":"Centurion and Healer","floor":31,"turns":5},{"damage":83,"enemies":"Collector","floor":33,"turns":9}],"seed_played":"-3040062442585748709","potions_obtained":[{"floor":2,"key":"Explosive Potion"},{"floor":4,"key":"Energy Potion"},{"floor":5,"key":"Swift Potion"},{"floor":8,"key":"PowerPotion"},{"floor":13,"key":"Energy Potion"},{"floor":16,"key":"SkillPotion"},{"floor":20,"key":"FairyPotion"},{"floor":23,"key":"Energy Potion"},{"floor":28,"key":"Energy Potion"}],"is_trial":false,"path_per_floor":["M","M","?","M","M","E","R","M","T","E","M","$","M","?","R","B",null,"M","$","M","M","?","E","M","M","T","R","M","M","?","M","R","B"],"character_chosen":"IRONCLAD","items_purchased":["Whirlwind","ClockworkSouvenir","Carnage"],"campfire_rested":2,"item_purchase_floors":[12,19,19],"current_hp_per_floor":[75,75,75,80,79,73,73,79,79,76,72,72,58,44,68,44,80,77,77,68,56,56,19,24,11,11,27,30,29,29,41,41,0],"gold":189,"neow_bonus":"ONE_RARE_RELIC","is_prod":false,"is_daily":false,"chose_seed":false,"campfire_upgraded":2,"win_rate":0,"timestamp":1564347454,"path_taken":["M","M","?","M","?","E","R","M","T","E","M","$","M","?","R","BOSS","M","$","M","M","?","E","M","M","T","R","M","M","?","?","R","BOSS"],"build_version":"2019-07-17","purchased_purges":1,"victory":false,"max_hp_per_floor":[80,80,80,80,80,80,80,80,80,80,80,80,80,80,80,80,80,80,80,80,80,56,56,56,56,56,56,56,56,56,56,56,56],"card_choices":[{"not_picked":["Warcry","Sword Boomerang"],"picked":"Thunderclap","floor":1},{"not_picked":["Perfected Strike","Wild Strike"],"picked":"Sentinel","floor":2},{"not_picked":["Sword Boomerang","Twin Strike"],"picked":"Iron Wave","floor":4},{"not_picked":["Clash","Evolve"],"picked":"Corruption","floor":5},{"not_picked":["Iron Wave","Twin Strike"],"picked":"Fiend Fire","floor":6},{"not_picked":["Corruption","Clash"],"picked":"Dual Wield","floor":8},{"not_picked":["Second Wind","Heavy Blade"],"picked":"Infernal Blade","floor":10},{"not_picked":["Sword Boomerang","Headbutt"],"picked":"Warcry","floor":11},{"not_picked":["Iron Wave","Wild Strike","Thunderclap"],"picked":"SKIP","floor":13},{"not_picked":["Inflame","True Grit"],"picked":"Feel No Pain","floor":14},{"not_picked":["Brutality","Impervious"],"picked":"Double Tap","floor":16},{"not_picked":["Cleave","Whirlwind"],"picked":"Power Through+1","floor":18},{"not_picked":["Pummel+1","Blood for Blood","Wild Strike"],"picked":"SKIP","floor":20},{"not_picked":["Body Slam","Headbutt"],"picked":"Pommel Strike+1","floor":21},{"not_picked":["Carnage+1","Clash","Perfected Strike"],"picked":"SKIP","floor":23},{"not_picked":["Battle Trance","Inflame","Flex"],"picked":"SKIP","floor":24},{"not_picked":["Pommel Strike+1","Dropkick"],"picked":"Armaments+1","floor":25},{"not_picked":["Warcry","Armaments+1","Sentinel"],"picked":"SKIP","floor":28},{"not_picked":["Shockwave","Thunderclap","Heavy Blade"],"picked":"SKIP","floor":29},{"not_picked":["Pommel Strike","Rupture"],"picked":"Barricade","floor":31}],"player_experience":185602,"relics_obtained":[{"floor":3,"key":"Self Forming Clay"},{"floor":6,"key":"Incense Burner"},{"floor":10,"key":"Smiling Mask"},{"floor":14,"key":"Omamori"},{"floor":23,"key":"Lantern"},{"floor":23,"key":"Oddly Smooth Stone"},{"floor":26,"key":"Gremlin Horn"}],"event_choices":[{"damage_healed":0,"gold_gain":0,"player_choice":"Relic","damage_taken":0,"max_hp_gain":0,"max_hp_loss":0,"event_name":"Wheel of Change","floor":3,"gold_loss":0},{"damage_healed":0,"gold_gain":0,"player_choice":"Searched \u00271\u0027 times","damage_taken":0,"max_hp_gain":0,"max_hp_loss":0,"event_name":"Dead Adventurer","floor":14,"gold_loss":0},{"damage_healed":0,"gold_gain":0,"player_choice":"Became a vampire","damage_taken":0,"max_hp_gain":0,"max_hp_loss":24,"event_name":"Vampires","floor":22,"gold_loss":0,"cards_obtained":["Bite","Bite","Bite","Bite","Bite"]},{"damage_healed":0,"gold_gain":0,"player_choice":"Trade","damage_taken":0,"relics_obtained":["GremlinMask"],"max_hp_gain":0,"max_hp_loss":0,"event_name":"FaceTrader","floor":30,"gold_loss":0}],"is_beta":false,"boss_relics":[{"not_picked":["Eternal Feather","Sozu"],"picked":"Black Star"}],"items_purged_floors":[19],"is_endless":false,"potions_floor_spawned":[2,4,5,8,13,16,20,23,28],"killed_by":"Collector","ascension_level":0}