{"gold_per_floor":[119,119,72,72,72,72,107,107,132,132,143,143,198,209,209,304,304,314,283,302,227,239,239,250,269,269,269,71,90,143,39,39,138,138,154,166,166,166,179,179,194,194,194,194,223,243,243,262,262,262],"floor_reached":51,"playtime":1594,"items_purged":[],"score":708,"play_id":"bdf3980e-1864-4350-bf7c-aa6ed4ecb791","local_time":"20180908174530","is_ascension_mode":true,"campfire_choices":[{"data":"Zap","floor":6,"key":"SMITH"},{"data":"Cold Snap","floor":8,"key":"SMITH"},{"floor":12,"key":"REST"},{"data":"Go for the Eyes","floor":15,"key":"SMITH"},{"floor":23,"key":"REST"},{"floor":27,"key":"REST"},{"floor":32,"key":"REST"},{"data":"Biased Cognition","floor":40,"key":"SMITH"},{"data":"Streamline","floor":42,"key":"SMITH"},{"floor":44,"key":"REST"},{"data":"Ball Lightning","floor":47,"key":"SMITH"},{"data":"Cold Snap","floor":49,"key":"SMITH"}],"neow_cost":"NONE","seed_source_timestamp":15152408179362,"circlet_count":0,"master_deck":["Strike_B+1","Strike_B+1","Defend_B","Zap+1","Dualcast","Cold Snap+1","Go for the Eyes+1","Ball Lightning+1","Streamline+1","Conserve Battery","BootSequence+1","Cold Snap+1","Leap","Biased Cognition+1","Hologram+1","FTL+1","Rip and Tear+1","Coolheaded+1","Cold Snap+1","BootSequence+1"],"relics":["Busted Crown","Bird Faced Urn","Blood Vial","Oddly Smooth Stone","Tiny Chest","Inserter","PreservedInsect","Toolbox","Whetstone","Astrolabe","DataDisk","Art of War"],"potions_floor_usage":[25,33,50,50,50],"damage_taken":[{"damage":3,"enemies":"2 Louse","floor":1,"turns":3},{"damage":17,"enemies":"3 Sentries","floor":7,"turns":10},{"damage":0,"enemies":"Cultist","floor":11,"turns":3},{"damage":0,"enemies":"Small Slimes","floor":14,"turns":3},{"damage":32,"enemies":"The Guardian","floor":16,"turns":14},{"damage":20,"enemies":"Spheric Guardian","floor":18,"turns":6},{"damage":14,"enemies":"2 Thieves","floor":19,"turns":5},{"damage":18,"enemies":"Snake Plant","floor":20,"turns":5},{"damage":5,"enemies":"Snecko","floor":22,"turns":5},{"damage":22,"enemies":"Centurion and Healer","floor":24,"turns":7},{"damage":9,"enemies":"Chosen and Byrds","floor":25,"turns":6},{"damage":22,"enemies":"Sentry and Sphere","floor":29,"turns":6},{"damage":25,"enemies":"Automaton","floor":33,"turns":10},{"damage":9,"enemies":"Orb Walker","floor":35,"turns":3},{"damage":33,"enemies":"3 Darklings","floor":36,"turns":6},{"damage":0,"enemies":"4 Shapes","floor":39,"turns":6},{"damage":7,"enemies":"Sphere and 2 Shapes","floor":41,"turns":5},{"damage":17,"enemies":"2 Orb Walkers","floor":45,"turns":4},{"damage":6,"enemies":"Maw","floor":46,"turns":8},{"damage":0,"enemies":"Spire Growth","floor":48,"turns":4},{"damage":35,"enemies":"Time Eater","floor":50,"turns":14}],"seed_played":"4550621018344197782","potions_obtained":[{"floor":7,"key":"SpeedPotion"},{"floor":14,"key":"EssenceOfSteel"},{"floor":16,"key":"FearPotion"},{"floor":18,"key":"Energy Potion"},{"floor":25,"key":"FocusPotion"},{"floor":33,"key":"FearPotion"},{"floor":46,"key":"Swift Potion"}],"is_trial":false,"path_per_floor":["M","?","$","?","?","R","E","R","T","?","M","R","T","M","R","B",null,"M","M","M","?","M","R","M","M","T","R","$","M","T","$","R","B",null,"M","M","?","?","M","R","M","R","T","R","E","M","R","M","R","B"],"character_chosen":"DEFECT","items_purchased":["Go for the Eyes","Toolbox","Cold Snap","Leap"],"campfire_rested":5,"item_purchase_floors":[3,28,31,31],"current_hp_per_floor":[72,72,72,77,70,70,53,53,53,20,22,46,46,48,48,18,80,60,48,32,32,29,53,33,26,26,50,50,30,30,30,54,31,80,71,46,46,46,50,50,47,47,47,71,62,60,60,66,66,35],"gold":262,"neow_bonus":"BOSS_RELIC","is_prod":false,"is_daily":false,"chose_seed":false,"campfire_upgraded":7,"win_rate":0,"timestamp":1536417930,"path_taken":["M","?","$","?","?","R","E","R","T","?","M","R","?","?","R","BOSS","M","M","?","?","M","R","?","M","T","R","$","M","?","$","R","BOSS","M","M","?","?","?","R","M","R","T","R","E","M","R","M","R","BOSS"],"build_version":"2018-09-06","purchased_purges":0,"victory":true,"max_hp_per_floor":[75,75,75,80,80,80,80,80,80,80,80,80,80,80,80,80,80,80,80,80,80,80,80,80,80,80,80,80,80,80,80,80,80,80,80,80,80,80,80,80,80,80,80,80,80,80,80,80,80,80],"card_choices":[{"not_picked":[],"picked":"Cold Snap","floor":1},{"not_picked":["Meteor Strike"],"picked":"SKIP","floor":7},{"not_picked":["Steam"],"picked":"SKIP","floor":11},{"not_picked":["Tempest"],"picked":"SKIP","floor":14},{"not_picked":[],"picked":"Ball Lightning","floor":18},{"not_picked":[],"picked":"Streamline","floor":19},{"not_picked":["Turbo"],"picked":"SKIP","floor":20},{"not_picked":[],"picked":"Conserve Battery","floor":22},{"not_picked":["Hello World"],"picked":"SKIP","floor":24},{"not_picked":[],"picked":"BootSequence+1","floor":25},{"not_picked":["Beam Cell"],"picked":"SKIP","floor":29},{"not_picked":[],"picked":"Biased Cognition","floor":33},{"not_picked":[],"picked":"Coolheaded+1","floor":35},{"not_picked":[],"picked":"Cold Snap+1","floor":36},{"not_picked":["Stack+1"],"picked":"SKIP","floor":39},{"not_picked":["Conserve Battery"],"picked":"SKIP","floor":41},{"not_picked":["Streamline+1"],"picked":"SKIP","floor":45},{"not_picked":["Turbo"],"picked":"SKIP","floor":46},{"not_picked":["Hologram+1"],"picked":"SKIP","floor":48}],"player_experience":461995,"relics_obtained":[{"floor":7,"key":"Bird Faced Urn"},{"floor":9,"key":"Blood Vial"},{"floor":13,"key":"Tiny Chest"},{"floor":26,"key":"PreservedInsect"},{"floor":30,"key":"Whetstone"},{"floor":43,"key":"DataDisk"},{"floor":45,"key":"Art of War"}],"event_choices":[{"event_name":"The Woman in Blue","player_choice":"Bought 0 Potions","floor":2,"damage_taken":0},{"event_name":"Big Fish","player_choice":"Donut","floor":4,"damage_taken":0},{"event_name":"Golden Wing","player_choice":"Card Removal","floor":5,"damage_taken":0},{"event_name":"Scrap Ooze","player_choice":"success","floor":10,"damage_taken":33},{"event_name":"Beggar","player_choice":"Gave Gold","floor":21,"damage_taken":0},{"event_name":"Duplicator","player_choice":"One dupe","floor":37,"damage_taken":0},{"event_name":"Mysterious Sphere","player_choice":"Ignore","floor":38,"damage_taken":0}],"is_beta":false,"boss_relics":[{"not_picked":["Philosopher\u0027s Stone","Tiny House"],"picked":"Inserter"},{"not_picked":["Runic Pyramid","Eternal Feather"],"picked":"Astrolabe"}],"items_purged_floors":[],"is_endless":false,"potions_floor_spawned":[7,14,16,18,22,25,33,35,39,46,48],"ascension_level":1}