{"gold_per_floor":[116,127,127,25,41,69,69,89,89,116,291,291,315,345,345,464,464,485,485,133,133,133,158,158,168,168,178,178,207,224,239,239,239],"floor_reached":33,"playtime":6002,"items_purged":["Doubt"],"score":295,"play_id":"296f26f0-76e1-4cce-850e-e2878689f04e","local_time":"20190805142851","is_ascension_mode":false,"campfire_choices":[{"floor":7,"key":"REST"},{"floor":15,"key":"REST"},{"floor":24,"key":"REST"},{"floor":32,"key":"REST"}],"neow_cost":"","seed_source_timestamp":440414733312812,"circlet_count":0,"master_deck":["Strike_R","Strike_R","Strike_R","Strike_R","Strike_R","Defend_R","Defend_R","Defend_R","Defend_R","Bash","Thunderclap","Clash","Shrug It Off","Armaments","Headbutt","Combust","Perfected Strike","Offering","Carnage","Double Tap","True Grit+1","Feel No Pain","RitualDagger","Juggernaut","Inflame","Perfected Strike","Clothesline","Injury","Feel No Pain","Shrug It Off+1","Clothesline"],"relics":["Burning Blood","Bag of Marbles","Lantern","Gremlin Horn","Bloody Idol","Lizard Tail","Chemical X","PreservedInsect","Pear","Boot"],"potions_floor_usage":[16,16,23,27,33],"damage_taken":[{"damage":22,"enemies":"Small Slimes","floor":1,"turns":3},{"damage":16,"enemies":"Jaw Worm","floor":2,"turns":7},{"damage":0,"enemies":"2 Louse","floor":5,"turns":2},{"damage":40,"enemies":"3 Sentries","floor":6,"turns":9},{"damage":2,"enemies":"Blue Slaver","floor":8,"turns":3},{"damage":12,"enemies":"Gremlin Nob","floor":10,"turns":4},{"damage":7,"enemies":"2 Fungi Beasts","floor":13,"turns":2},{"damage":68,"enemies":"The Guardian","floor":16,"turns":8},{"damage":11,"enemies":"Chosen","floor":18,"turns":2},{"damage":83,"enemies":"Slavers","floor":23,"turns":6},{"damage":18,"enemies":"Shell Parasite","floor":25,"turns":3},{"damage":17,"enemies":"Centurion and Healer","floor":27,"turns":5},{"damage":28,"enemies":"Gremlin Leader","floor":29,"turns":7},{"damage":16,"enemies":"3 Cultists","floor":30,"turns":6},{"damage":17,"enemies":"Snecko","floor":31,"turns":3},{"damage":67,"enemies":"Champ","floor":33,"turns":11}],"seed_played":"3290790799150712533","potions_obtained":[{"floor":1,"key":"BloodPotion"},{"floor":2,"key":"Poison Potion"},{"floor":5,"key":"Strength Potion"},{"floor":13,"key":"Fire Potion"},{"floor":23,"key":"SkillPotion"},{"floor":25,"key":"SpeedPotion"},{"floor":31,"key":"GamblersBrew"}],"is_trial":false,"path_per_floor":["M","M","?","$","M","E","R","M","T","E","?","?","M","?","R","B",null,"M","?","$","?","?","E","R","M","T","M","?","E","M","M","R","B"],"character_chosen":"IRONCLAD","items_purchased":["Shrug It Off","Armaments","Feel No Pain","Chemical X"],"campfire_rested":4,"item_purchase_floors":[4,4,20,20],"current_hp_per_floor":[64,54,54,54,60,26,50,54,54,48,48,48,47,47,69,7,74,69,69,69,69,63,48,70,63,73,67,67,50,45,39,64,0],"gold":239,"neow_bonus":"","is_prod":false,"is_daily":false,"chose_seed":false,"campfire_upgraded":0,"win_rate":0.0,"timestamp":1565029731,"path_taken":["M","M","?","$","M","E","R","M","T","E","?","?","?","?","R","BOSS","M","?","$","?","?","E","R","M","T","M","?","E","M","M","R","BOSS"],"build_version":"2019-07-17","purchased_purges":1,"victory":false,"max_hp_per_floor":[80,80,80,80,80,80,80,80,80,80,80,74,74,74,74,74,74,74,74,74,74,74,74,74,74,84,84,84,84,84,84,84,84],"card_choices":[{"not_picked":["Sever Soul","Rampage"],"picked":"Power Through","floor":1},{"not_picked":["Battle Trance","Clothesline"],"picked":"Thunderclap","floor":2},{"not_picked":["Warcry","True Grit"],"picked":"Headbutt","floor":5},{"not_picked":["Pommel Strike","Headbutt"],"picked":"Combust","floor":6},{"not_picked":["Combust","Uppercut"],"picked":"Perfected Strike","floor":8},{"not_picked":["Power Through","Entrench"],"picked":"Offering","floor":10},{"not_picked":["Cleave","Clothesline"],"picked":"Carnage","floor":13},{"not_picked":["Dark Embrace","Berserk"],"picked":"Double Tap","floor":16},{"not_picked":["Iron Wave+1","Cleave"],"picked":"True Grit+1","floor":18},{"not_picked":["Hemokinesis","Clash+1"],"picked":"Juggernaut","floor":23},{"not_picked":["Headbutt","Rupture"],"picked":"Inflame","floor":25},{"not_picked":["Flex","Shrug It Off"],"picked":"Perfected Strike","floor":27},{"not_picked":["Iron Wave","Twin Strike"],"picked":"Feel No Pain","floor":29},{"not_picked":["Brutality","Clothesline"],"picked":"Shrug It Off+1","floor":30},{"not_picked":["Sword Boomerang+1","Warcry+1"],"picked":"Clothesline","floor":31}],"player_experience":0,"relics_obtained":[{"floor":6,"key":"Bag of Marbles"},{"floor":9,"key":"Lantern"},{"floor":10,"key":"Gremlin Horn"},{"floor":23,"key":"PreservedInsect"},{"floor":26,"key":"Pear"},{"floor":29,"key":"Boot"}],"event_choices":[{"damage_healed":0,"gold_gain":0,"cards_transformed":["Power Through"],"player_choice":"Change","damage_taken":0,"max_hp_gain":0,"max_hp_loss":0,"event_name":"Living Wall","floor":3,"gold_loss":0,"cards_obtained":["Clash"]},{"damage_healed":0,"gold_gain":175,"player_choice":"AGREE","damage_taken":0,"max_hp_gain":0,"max_hp_loss":0,"event_name":"Liars Game","floor":11,"gold_loss":0,"cards_obtained":["Doubt"]},{"damage_healed":0,"gold_gain":0,"player_choice":"Lose Max HP","damage_taken":0,"relics_obtained":["Golden Idol"],"max_hp_gain":0,"max_hp_loss":6,"event_name":"Golden Idol","floor":12,"gold_loss":0},{"damage_healed":0,"gold_gain":30,"player_choice":"Searched \u00272\u0027 times","damage_taken":0,"max_hp_gain":0,"max_hp_loss":0,"event_name":"Dead Adventurer","floor":14,"gold_loss":0},{"damage_healed":0,"gold_gain":0,"player_choice":"Gave Idol","damage_taken":0,"relics_obtained":["Bloody Idol"],"max_hp_gain":0,"max_hp_loss":0,"event_name":"Forgotten Altar","floor":19,"relics_lost":["Golden Idol"],"gold_loss":0},{"damage_healed":0,"gold_gain":0,"player_choice":"Ignored","damage_taken":0,"max_hp_gain":0,"max_hp_loss":0,"event_name":"The Mausoleum","floor":21,"gold_loss":0},{"damage_healed":0,"gold_gain":0,"player_choice":"Joined the Cult","damage_taken":6,"max_hp_gain":0,"max_hp_loss":0,"event_name":"Nest","floor":22,"gold_loss":0,"cards_obtained":["RitualDagger"]},{"damage_healed":0,"gold_gain":0,"player_choice":"2 cards matched","damage_taken":0,"max_hp_gain":0,"max_hp_loss":0,"event_name":"Match and Keep!","floor":28,"gold_loss":0,"cards_obtained":["Clothesline","Injury"]}],"is_beta":false,"boss_relics":[{"not_picked":["Calling Bell","Runic Dome"],"picked":"Lizard Tail"}],"items_purged_floors":[20],"is_endless":false,"potions_floor_spawned":[1,2,5,13,23,25,31],"killed_by":"Champ","ascension_level":0}