{"gold_per_floor":[114,114,134,148,148,148,165,165,191,12,45,45],"floor_reached":12,"playtime":398,"items_purged":[],"score":101,"play_id":"6b96ee27-8510-4e78-874f-7983b5f29f51","local_time":"20181120090405","is_ascension_mode":true,"campfire_choices":[{"data":"Rage","floor":6.0,"key":"SMITH"},{"data":"Combust","floor":8.0,"key":"SMITH"}],"neow_cost":"PERCENT_DAMAGE","seed_source_timestamp":33607911279580,"circlet_count":0,"master_deck":["Strike_R","Strike_R+1","Strike_R","Strike_R","Defend_R","Defend_R","Defend_R","Defend_R","Bash","Rage+1","Blood for Blood","True Grit+1","Combust+1","Panacea","Thunderclap","Rampage","Juggernaut"],"special_seed":0,"relics":["Burning Blood","Turnip","Happy Flower","Centennial Puzzle"],"potions_floor_usage":[11,11],"damage_taken":[{"damage":12.0,"enemies":"Jaw Worm","floor":1.0,"turns":2.0},{"damage":0.0,"enemies":"Cultist","floor":3.0,"turns":3.0},{"damage":5.0,"enemies":"Small Slimes","floor":4.0,"turns":4.0},{"damage":10.0,"enemies":"2 Fungi Beasts","floor":7.0,"turns":5.0},{"damage":25,"enemies":"Gremlin Nob","floor":11,"turns":5},{"damage":13,"enemies":"Large Slime","floor":12,"turns":1}],"seed_played":"123016344381530200","potions_obtained":[{"floor":1.0,"key":"Weak Potion"},{"floor":4.0,"key":"Explosive Potion"},{"floor":7.0,"key":"Ancient Potion"}],"is_trial":false,"path_per_floor":["M","?","M","M","?","R","M","R","T","$","E","M"],"character_chosen":"IRONCLAD","items_purchased":["Panacea","Thunderclap","Rampage"],"campfire_rested":0,"item_purchase_floors":[10,10,10],"current_hp_per_floor":[45,45,51,52,36,36,32,32,32,32,13,0],"gold":45,"neow_bonus":"ONE_RARE_RELIC","is_prod":false,"is_daily":false,"chose_seed":false,"campfire_upgraded":2,"win_rate":0,"timestamp":1542733445,"path_taken":["M","?","M","?","?","R","M","R","T","$","E","M"],"build_version":"2018-11-15","purchased_purges":0,"victory":false,"max_hp_per_floor":[80,80,80,80,80,80,80,80,80,80,80,80],"card_choices":[{"not_picked":["Disarm","Ghostly Armor"],"picked":"Rage","floor":1.0},{"not_picked":["Pommel Strike","Fire Breathing"],"picked":"Blood for Blood","floor":3.0},{"not_picked":["Clothesline","Pommel Strike"],"picked":"True Grit","floor":4.0},{"not_picked":["True Grit","Perfected Strike"],"picked":"Combust","floor":7.0},{"not_picked":["Limit Break","Pummel"],"picked":"Juggernaut","floor":11}],"player_experience":447007,"relics_obtained":[{"floor":9.0,"key":"Happy Flower"},{"floor":11,"key":"Centennial Puzzle"}],"event_choices":[{"cards_removed":["Strike_R"],"damage_healed":0.0,"max_hp_gain":0.0,"max_hp_loss":0.0,"gold_gain":0.0,"event_name":"Purifier","player_choice":"Purged","floor":2.0,"gold_loss":0.0,"damage_taken":0.0},{"damage_healed":0.0,"max_hp_gain":0.0,"max_hp_loss":0.0,"gold_gain":0.0,"event_name":"Shining Light","player_choice":"Entered Light","floor":5.0,"gold_loss":0.0,"damage_taken":16.0,"cards_upgraded":["Strike_R","True Grit"]}],"is_beta":false,"boss_relics":[],"items_purged_floors":[],"is_endless":false,"potions_floor_spawned":[1,4,7],"killed_by":"Large Slime","ascension_level":6}