{"gold_per_floor":[118,118,8,26,50,50,75,75,75,87,162,173,192,209,209,308,308,326,346,446,463,473,473,486,486,486,37,37,37,53,70,70,170,170,180,180,198,198,208,238,253,253,253,132,132,132],"floor_reached":46,"playtime":2943,"items_purged":["Strike_B","Strike_B"],"score":545,"play_id":"6d20dfa7-c75d-4623-903e-bc9d050e2323","local_time":"20180907000208","is_ascension_mode":true,"campfire_choices":[{"data":"Dualcast","floor":6.0,"key":"SMITH"},{"data":"Scrape","floor":8.0,"key":"SMITH"},{"floor":15.0,"key":"REST"},{"floor":23.0,"key":"REST"},{"data":"Hologram","floor":25.0,"key":"SMITH"},{"floor":32.0,"key":"REST"},{"data":"Apotheosis","floor":42,"key":"SMITH"},{"data":"Creative AI","floor":45,"key":"SMITH"}],"neow_cost":"NONE","seed_source_timestamp":0,"circlet_count":0,"master_deck":["Defend_B+1","Defend_B+1","Defend_B+1","Defend_B+1","Zap+1","Dualcast+1","Self Repair","Conserve Battery","Scrape+1","Hologram+1","Machine Learning","Gash","Echo Form","Gash","Go for the Eyes+1","Gash+1","All For One","Force Field+1","Impatience+1","Defragment","Creative AI+1","Conserve Battery+1","Bandage Up+1","Dramatic Entrance","Apotheosis+1","Force Field+1"],"special_seed":0,"relics":["Cracked Core","DataDisk","Omamori","Symbiotic Virus","Inserter","Emotion Chip","Matryoshka","Bag of Marbles","Ornamental Fan","Kunai","Sozu","War Paint","Bronze Scales","Thread and Needle","Meat on the Bone"],"potions_floor_usage":[],"damage_taken":[{"damage":2.0,"enemies":"Jaw Worm","floor":1.0,"turns":4.0},{"damage":0.0,"enemies":"Small Slimes","floor":4.0,"turns":3.0},{"damage":37.0,"enemies":"Gremlin Nob","floor":7.0,"turns":4.0},{"damage":0.0,"enemies":"2 Louse","floor":10.0,"turns":2.0},{"damage":15.0,"enemies":"Exordium Thugs","floor":12.0,"turns":3.0},{"damage":6.0,"enemies":"3 Louse","floor":13.0,"turns":2.0},{"damage":1.0,"enemies":"Looter","floor":14.0,"turns":3.0},{"damage":16.0,"enemies":"Hexaghost","floor":16.0,"turns":8.0},{"damage":15.0,"enemies":"Spheric Guardian","floor":18.0,"turns":4.0},{"damage":12.0,"enemies":"Shell Parasite","floor":19.0,"turns":3.0},{"damage":24.0,"enemies":"Colosseum Slavers","floor":20.0,"turns":4.0},{"damage":34.0,"enemies":"Colosseum Nobs","floor":20.0,"turns":4.0},{"damage":8.0,"enemies":"Snecko","floor":21.0,"turns":5.0},{"damage":15.0,"enemies":"Snake Plant","floor":22.0,"turns":3.0},{"damage":11.0,"enemies":"Sentry and Sphere","floor":24.0,"turns":3.0},{"damage":0.0,"enemies":"Centurion and Healer","floor":30.0,"turns":6.0},{"damage":26.0,"enemies":"Snake Plant","floor":31.0,"turns":4.0},{"damage":10.0,"enemies":"Champ","floor":33.0,"turns":5.0},{"damage":14.0,"enemies":"Orb Walker","floor":35.0,"turns":3.0},{"damage":21.0,"enemies":"3 Darklings","floor":37.0,"turns":5.0},{"damage":11.0,"enemies":"Spire Growth","floor":39.0,"turns":4.0},{"damage":55,"enemies":"Nemesis","floor":40,"turns":9},{"damage":0,"enemies":"Reptomancer","floor":41,"turns":5},{"damage":68,"enemies":"2 Orb Walkers","floor":46,"turns":4}],"seed_played":"6648966328564129685","potions_obtained":[{"floor":4.0,"key":"Energy Potion"},{"floor":12.0,"key":"Explosive Potion"},{"floor":14.0,"key":"Regen Potion"},{"floor":18.0,"key":"AttackPotion"},{"floor":24.0,"key":"Regen Potion"},{"floor":30.0,"key":"SteroidPotion"},{"floor":31.0,"key":"AttackPotion"},{"floor":33.0,"key":"GamblersBrew"}],"is_trial":false,"path_per_floor":["M","?","$","M","T","R","E","R","T","M","?","M","M","M","R","B",null,"M","M","?","M","M","R","M","R","T","$","?","?","M","M","R","B",null,"M","?","M","?","M","E","M","R","T","?","R"],"character_chosen":"DEFECT","items_purchased":["Self Repair","Kunai","Impatience"],"campfire_rested":3,"item_purchase_floors":[3,27,27],"current_hp_per_floor":[73,66,66,73,73,73,43,43,43,43,32,17,11,17,39,45,75,67,62,18,17,9,31,27,27,27,27,27,27,49,23,45,42,75,61,51,34,66,66,37,53,53,53,53,53,0],"gold":132,"neow_bonus":"UPGRADE_CARD","is_prod":false,"is_daily":false,"chose_seed":false,"campfire_upgraded":5,"win_rate":0,"timestamp":1536303728,"path_taken":["M","?","$","M","?","R","E","R","T","M","?","M","M","?","R","BOSS","M","M","?","M","?","R","M","R","T","$","?","?","?","M","R","BOSS","M","?","M","?","?","E","M","R","T","?","R","E"],"build_version":"2018-08-30","purchased_purges":2,"victory":false,"max_hp_per_floor":[75,75,75,75,75,75,75,75,75,75,75,75,75,75,75,75,75,75,75,75,75,75,75,75,75,75,75,75,75,75,75,75,75,75,75,75,75,66,66,66,66,66,66,66,66,66],"card_choices":[{"not_picked":["Beam Cell","Auto Shields","Rebound"],"picked":"SKIP","floor":1.0},{"not_picked":["Reprogram","Redo"],"picked":"Conserve Battery","floor":4.0},{"not_picked":["Force Field","Barrage"],"picked":"Scrape","floor":7.0},{"not_picked":["Auto Shields","Hologram","Streamline"],"picked":"SKIP","floor":10.0},{"not_picked":["Auto Shields","Streamline"],"picked":"Hologram","floor":10.0},{"not_picked":["Coolheaded","Steam"],"picked":"Machine Learning","floor":12.0},{"not_picked":["Reprogram","Cold Snap","Tempest"],"picked":"SKIP","floor":13.0},{"not_picked":["Redo","Melter"],"picked":"Gash","floor":14.0},{"not_picked":["Machine Learning","Fission"],"picked":"Echo Form","floor":16.0},{"not_picked":["BootSequence","Streamline+1"],"picked":"Gash","floor":18.0},{"not_picked":["Compile Driver","Conserve Battery"],"picked":"Go for the Eyes+1","floor":19.0},{"not_picked":["Steam Power","Darkness"],"picked":"Gash+1","floor":20.0},{"not_picked":["Beam Cell","Heatsinks"],"picked":"All For One","floor":21.0},{"not_picked":["Aggregate","Barrage","Hologram"],"picked":"SKIP","floor":22.0},{"not_picked":["Redo","Turbo"],"picked":"Force Field+1","floor":24.0},{"not_picked":["FTL","Scrape"],"picked":"Defragment","floor":30.0},{"not_picked":["Leap","Compile Driver","Barrage"],"picked":"SKIP","floor":31.0},{"not_picked":["Buffer","Thunder Strike"],"picked":"Creative AI","floor":33.0},{"not_picked":["Cold Snap+1","Sweeping Beam+1"],"picked":"Conserve Battery+1","floor":35.0},{"not_picked":["Discovery","HandOfGreed"],"picked":"Bandage Up","floor":36.0},{"not_picked":["PanicButton","Forethought"],"picked":"Dramatic Entrance","floor":36.0},{"not_picked":["Metamorphosis","The Bomb"],"picked":"Apotheosis","floor":36.0},{"not_picked":["Cold Snap+1","Leap","Tempest"],"picked":"SKIP","floor":37.0},{"not_picked":["Stack+1","Melter"],"picked":"Force Field+1","floor":39.0},{"not_picked":["Leap","FTL","Cold Snap"],"picked":"SKIP","floor":40},{"not_picked":["FTL","Leap+1","Conserve Battery"],"picked":"SKIP","floor":41}],"player_experience":267090,"relics_obtained":[{"floor":5.0,"key":"DataDisk"},{"floor":7.0,"key":"Omamori"},{"floor":9.0,"key":"Symbiotic Virus"},{"floor":20.0,"key":"Emotion Chip"},{"floor":20.0,"key":"Matryoshka"},{"floor":26.0,"key":"Bag of Marbles"},{"floor":26.0,"key":"Ornamental Fan"},{"floor":40,"key":"War Paint"},{"floor":43,"key":"Bronze Scales"},{"floor":43,"key":"Thread and Needle"}],"event_choices":[{"event_name":"Golden Wing","player_choice":"Card Removal","floor":2.0,"damage_taken":0.0},{"event_name":"World of Goop","player_choice":"Gather Gold","floor":11.0,"damage_taken":0.0},{"event_name":"Colosseum","player_choice":"Fight","floor":20.0,"damage_taken":0.0},{"event_name":"Colosseum","player_choice":"Fought Nobs","floor":20.0,"damage_taken":0.0},{"event_name":"Purifier","player_choice":"One Purge","floor":28.0,"damage_taken":0.0},{"event_name":"Back to Basics","player_choice":"Simplicity","floor":29.0,"damage_taken":0.0},{"event_name":"SensoryStone","player_choice":"Memory 3","floor":36.0,"damage_taken":0.0},{"event_name":"The Moai Head","player_choice":"Heal","floor":38.0,"damage_taken":0.0},{"event_name":"WeMeetAgain","player_choice":"Gold","floor":44,"damage_taken":0}],"is_beta":false,"boss_relics":[{"not_picked":["Runic Pyramid","Runic Dome"],"picked":"Inserter"},{"not_picked":["Astrolabe","Velvet Choker"],"picked":"Sozu"}],"items_purged_floors":[3,27],"is_endless":false,"potions_floor_spawned":[4,12,14,18,24,30,31,33,35,40,41],"killed_by":"2 Orb Walkers","ascension_level":4}