{"gold_per_floor":[117,117,135,152,152,152,69,99,126,139,156,169,169,185,185,280,280,295,311,311,311],"floor_reached":21,"playtime":2555,"items_purged":[],"score":198,"play_id":"626293ed-28e2-4b8f-a693-d3e298b46f35","local_time":"20190803153631","is_ascension_mode":false,"campfire_choices":[{"floor":6,"key":"REST"},{"data":"Rampage","floor":13,"key":"SMITH"},{"floor":15,"key":"REST"}],"neow_cost":"NONE","seed_source_timestamp":162736395513300,"circlet_count":0,"master_deck":["Strike_R","Strike_R","Strike_R","Strike_R","Strike_R","Defend_R","Defend_R","Defend_R","Defend_R","Bash","Shame","Pain","Clumsy","Uppercut","Regret","Headbutt","Pommel Strike","Rage","Cleave","Pommel Strike","Rampage+1","Sword Boomerang","Double Tap","Feel No Pain","Fire Breathing+1","Ghostly","Ghostly","Ghostly","Ghostly","Ghostly"],"relics":["Calling Bell","Bag of Preparation","Self Forming Clay","Torii","Mango","Shuriken","Lantern","Eternal Feather"],"potions_floor_usage":[16],"damage_taken":[{"damage":10,"enemies":"2 Louse","floor":1,"turns":3},{"damage":11,"enemies":"Jaw Worm","floor":3,"turns":3},{"damage":8,"enemies":"Small Slimes","floor":4,"turns":3},{"damage":6,"enemies":"Exordium Wildlife","floor":10,"turns":3},{"damage":8,"enemies":"Large Slime","floor":11,"turns":5},{"damage":3,"enemies":"3 Louse","floor":12,"turns":3},{"damage":7,"enemies":"Blue Slaver","floor":14,"turns":2},{"damage":52,"enemies":"Hexaghost","floor":16,"turns":7},{"damage":13,"enemies":"Spheric Guardian","floor":18,"turns":4},{"damage":49,"enemies":"3 Byrds","floor":19,"turns":7},{"damage":35,"enemies":"3 Cultists","floor":21,"turns":5}],"seed_played":"-8719756634562129981","potions_obtained":[{"floor":11,"key":"Swift Potion"},{"floor":12,"key":"Strength Potion"},{"floor":18,"key":"SteroidPotion"}],"is_trial":false,"path_per_floor":["M","?","M","M","?","R","$","?","T","M","M","M","R","M","R","B",null,"M","M","?","M"],"character_chosen":"IRONCLAD","items_purchased":["Rage","Explosive Potion"],"campfire_rested":2,"item_purchase_floors":[7,7],"current_hp_per_floor":[70,84,73,65,40,68,68,68,68,62,54,51,51,44,72,20,94,81,32,32,0],"gold":311,"neow_bonus":"BOSS_RELIC","is_prod":false,"is_daily":false,"chose_seed":false,"campfire_upgraded":1,"win_rate":0.0,"timestamp":1564842991,"path_taken":["M","?","M","M","?","R","$","?","T","M","?","M","R","M","R","BOSS","M","M","?","M"],"build_version":"2019-07-17","purchased_purges":0,"victory":false,"max_hp_per_floor":[80,94,94,94,94,94,94,94,94,94,94,94,94,94,94,94,94,94,94,47,47],"card_choices":[{"not_picked":["Power Through","Dual Wield"],"picked":"Uppercut","floor":1},{"not_picked":["Cleave","Entrench"],"picked":"Headbutt","floor":3},{"not_picked":["Uppercut","Clothesline"],"picked":"Pommel Strike","floor":4},{"not_picked":["Entrench","True Grit"],"picked":"Cleave","floor":10},{"not_picked":["Shrug It Off","Iron Wave"],"picked":"Pommel Strike","floor":11},{"not_picked":["True Grit","Offering"],"picked":"Rampage","floor":12},{"not_picked":["Feel No Pain","Flex"],"picked":"Sword Boomerang","floor":14},{"not_picked":["Barricade","Bludgeon"],"picked":"Double Tap","floor":16},{"not_picked":["Shrug It Off","True Grit"],"picked":"Feel No Pain","floor":18},{"not_picked":["Rage","Clothesline+1"],"picked":"Fire Breathing+1","floor":19}],"player_experience":3350,"relics_obtained":[{"floor":0,"key":"Bag of Preparation"},{"floor":0,"key":"Self Forming Clay"},{"floor":0,"key":"Torii"},{"floor":9,"key":"Lantern"}],"event_choices":[{"damage_healed":0,"gold_gain":0,"player_choice":"Box","damage_taken":0,"relics_obtained":["Mango"],"max_hp_gain":0,"max_hp_loss":0,"event_name":"Big Fish","floor":2,"gold_loss":0,"cards_obtained":["Regret"]},{"damage_healed":0,"gold_gain":0,"player_choice":"Success","damage_taken":25,"relics_obtained":["Shuriken"],"max_hp_gain":0,"max_hp_loss":0,"event_name":"Scrap Ooze","floor":5,"gold_loss":0},{"damage_healed":0,"gold_gain":30,"player_choice":"Searched \u00271\u0027 times","damage_taken":0,"max_hp_gain":0,"max_hp_loss":0,"event_name":"Dead Adventurer","floor":8,"gold_loss":0},{"damage_healed":0,"gold_gain":0,"player_choice":"Became a Ghost","damage_taken":0,"max_hp_gain":0,"max_hp_loss":47,"event_name":"Ghosts","floor":20,"gold_loss":0,"cards_obtained":["Ghostly","Ghostly","Ghostly","Ghostly","Ghostly"]}],"is_beta":false,"boss_relics":[{"not_picked":["Mark of Pain","Tiny House"],"picked":"Eternal Feather"}],"items_purged_floors":[],"is_endless":false,"potions_floor_spawned":[11,12,14,18],"killed_by":"3 Cultists","ascension_level":0}