{"gold_per_floor":[110,123,123,123,123,123,159,159,159,203,226,250,268,157,157,281,281,297,297,310,330,330,371,371,402,402,426,426,29,29,29,29,150,150,173,506,506,526,539,552,577,588,588,588,588,608,203,163,163,163,163,163,20,45,45],"floor_reached":55,"playtime":1879,"items_purged":["Strike_R","Strike_R"],"score":831,"play_id":"ed3152f7-1361-4dfb-9228-1584dd4207aa","local_time":"20190717182647","is_ascension_mode":true,"campfire_choices":[{"data":"Bash","floor":6.0,"key":"SMITH"},{"data":"Twin Strike","floor":8.0,"key":"SMITH"},{"data":"Disarm","floor":15.0,"key":"SMITH"},{"data":"Flame Barrier","floor":24,"key":"SMITH"},{"data":"Bludgeon","floor":28,"key":"SMITH"},{"data":"Apotheosis","floor":30,"key":"SMITH"},{"data":"Metallicize","floor":32,"key":"SMITH"},{"data":"Dual Wield","floor":45,"key":"SMITH"},{"floor":49,"key":"RECALL"},{"data":"Offering","floor":52,"key":"SMITH"}],"neow_cost":"NONE","seed_source_timestamp":17149380982891,"circlet_count":0,"master_deck":["Strike_R","Strike_R","Defend_R","Defend_R","Defend_R","Defend_R","Bash+1","Twin Strike+1","Dropkick","Disarm+1","Metallicize+1","Bludgeon+1","Anger","Shrug It Off","Flame Barrier+1","Apotheosis+1","Feed+1","Dual Wield+1","Uppercut+1","Parasite","Carnage+1","Metallicize+1","Warcry+1","Offering+1","Spot Weakness","Spot Weakness"],"special_seed":0,"relics":["Burning Blood","Potion Belt","Darkstone Periapt","Ornamental Fan","Matryoshka","Bag of Marbles","Mark of Pain","Enchiridion","Boot","Shuriken","Pear","Molten Egg 2","Lee\u0027s Waffle","MutagenicStrength","Snecko Eye","Paper Frog","Oddly Smooth Stone","Bronze Scales","Letter Opener"],"potions_floor_usage":[20,23,25,27,54,54,55,55,55],"damage_taken":[{"damage":1.0,"enemies":"Cultist","floor":1.0,"turns":3.0},{"damage":5.0,"enemies":"2 Louse","floor":2.0,"turns":4.0},{"damage":31.0,"enemies":"Lagavulin","floor":7.0,"turns":6.0},{"damage":23.0,"enemies":"Gremlin Nob","floor":10.0,"turns":4.0},{"damage":0.0,"enemies":"Small Slimes","floor":11.0,"turns":1.0},{"damage":5.0,"enemies":"Looter","floor":12.0,"turns":2.0},{"damage":4.0,"enemies":"Blue Slaver","floor":13.0,"turns":3.0},{"damage":10.0,"enemies":"Hexaghost","floor":16.0,"turns":10.0},{"damage":5,"enemies":"3 Byrds","floor":18,"turns":8},{"damage":7,"enemies":"Spheric Guardian","floor":20,"turns":3},{"damage":33,"enemies":"Cultist and Chosen","floor":21,"turns":7},{"damage":18,"enemies":"Book of Stabbing","floor":23,"turns":6},{"damage":22,"enemies":"Gremlin Leader","floor":25,"turns":8},{"damage":13,"enemies":"3 Cultists","floor":27,"turns":7},{"damage":50,"enemies":"Collector","floor":33,"turns":10},{"damage":3,"enemies":"3 Shapes","floor":35,"turns":3},{"damage":3,"enemies":"3 Darklings","floor":38,"turns":7},{"damage":39,"enemies":"4 Shapes","floor":39,"turns":6},{"damage":0,"enemies":"Writhing Mass","floor":40,"turns":4},{"damage":8,"enemies":"Giant Head","floor":41,"turns":8},{"damage":0,"enemies":"3 Darklings","floor":42,"turns":6},{"damage":26,"enemies":"Sphere and 2 Shapes","floor":46,"turns":8},{"damage":33,"enemies":"Awakened One","floor":50,"turns":10},{"damage":96,"enemies":"Shield and Spear","floor":54,"turns":9},{"damage":71,"enemies":"The Heart","floor":55,"turns":6}],"seed_played":"1491260295664179105","potions_obtained":[{"floor":2.0,"key":"Fire Potion"},{"floor":10.0,"key":"FairyPotion"},{"floor":13.0,"key":"Poison Potion"},{"floor":18,"key":"AttackPotion"},{"floor":21,"key":"Swift Potion"},{"floor":25,"key":"Fruit Juice"},{"floor":35,"key":"Regen Potion"},{"floor":41,"key":"Explosive Potion"},{"floor":48,"key":"AttackPotion"},{"floor":48,"key":"Block Potion"},{"floor":48,"key":"Energy Potion"}],"is_trial":false,"path_per_floor":["M","M","$","?","?","R","E","R","T","E","M","M","M","$","R","B",null,"M","?","M","M","?","E","R","E","T","M","R","$","R","?","R","B",null,"M","?","?","M","M","M","E","M","T","?","R","M","$","?","R","B",null,"R","$","E","B"],"character_chosen":"IRONCLAD","items_purchased":["Metallicize","Lee\u0027s Waffle","Apotheosis","Bronze Scales","Offering","Spot Weakness","BloodPotion"],"campfire_rested":0,"item_purchase_floors":[14,29,29,47,47,53,53],"current_hp_per_floor":[80,80,80,74,74,74,49,49,49,32,38,39,41,41,41,37,74,74,74,73,46,30,18,18,10,20,18,18,96,96,96,96,52,96,100,100,95,99,70,86,84,90,90,90,90,74,74,74,74,47,117,117,117,27,0],"gold":45,"neow_bonus":"RANDOM_COMMON_RELIC","is_prod":false,"is_daily":false,"chose_seed":false,"campfire_upgraded":9,"win_rate":0,"timestamp":1563377207,"path_taken":["M","M","?","?","?","R","E","R","T","E","M","?","M","$","R","BOSS","M","?","M","?","?","E","R","E","T","M","R","$","R","?","R","BOSS","M","?","?","M","M","M","E","M","T","?","R","M","?","?","R","BOSS","R","$","E","BOSS"],"build_version":"2019-07-05","purchased_purges":2,"victory":false,"max_hp_per_floor":[80,80,80,74,74,74,74,74,74,74,74,74,74,74,74,74,74,74,74,74,74,74,74,74,74,84,89,89,96,96,96,96,96,96,100,100,95,99,103,113,113,113,113,113,113,117,117,117,117,117,117,117,117,117,117],"card_choices":[{"not_picked":["Bloodletting","Warcry"],"picked":"Twin Strike","floor":1.0},{"not_picked":["Body Slam","Iron Wave","Havoc"],"picked":"SKIP","floor":2.0},{"not_picked":["Headbutt","Pommel Strike"],"picked":"Dropkick","floor":7.0},{"not_picked":["Flex","Anger","Havoc"],"picked":"SKIP","floor":10.0},{"not_picked":["Power Through","Iron Wave","Warcry"],"picked":"SKIP","floor":11.0},{"not_picked":["Pommel Strike","Carnage"],"picked":"Disarm","floor":12.0},{"not_picked":["True Grit","Body Slam","Wild Strike"],"picked":"SKIP","floor":13.0},{"not_picked":["Exhume","Impervious"],"picked":"Bludgeon","floor":16.0},{"not_picked":["Warcry","Evolve","Second Wind"],"picked":"SKIP","floor":18},{"not_picked":["Feel No Pain","Perfected Strike"],"picked":"Shrug It Off","floor":20},{"not_picked":["Wild Strike+1","Clash+1","Iron Wave"],"picked":"SKIP","floor":21},{"not_picked":["Limit Break","Disarm+1"],"picked":"Flame Barrier","floor":23},{"not_picked":["Shrug It Off","Sword Boomerang","Dropkick"],"picked":"SKIP","floor":25},{"not_picked":["Iron Wave+1","Warcry+1","Searing Blow+1"],"picked":"SKIP","floor":27},{"not_picked":["Double Tap","Reaper+1"],"picked":"Feed+1","floor":33},{"not_picked":["Bloodletting+1","Clash+1","Cleave+1"],"picked":"SKIP","floor":35},{"not_picked":["Twin Strike+1","Entrench","Dual Wield"],"picked":"SKIP","floor":38},{"not_picked":["Twin Strike+1","Entrench"],"picked":"Dual Wield","floor":38},{"not_picked":["Flex+1","Warcry"],"picked":"Uppercut+1","floor":39},{"not_picked":["True Grit","Feed+1"],"picked":"Carnage+1","floor":40},{"not_picked":["Wild Strike+1","Battle Trance+1","Iron Wave+1"],"picked":"SKIP","floor":41},{"not_picked":["True Grit","Hemokinesis+1"],"picked":"Metallicize+1","floor":42},{"not_picked":["Searing Blow+1","Hemokinesis+1"],"picked":"Warcry+1","floor":46},{"not_picked":["Corruption","Clothesline+1"],"picked":"Spot Weakness","floor":54}],"player_experience":1071795,"relics_obtained":[{"floor":5.0,"key":"Darkstone Periapt"},{"floor":7.0,"key":"Ornamental Fan"},{"floor":9.0,"key":"Matryoshka"},{"floor":10.0,"key":"Bag of Marbles"},{"floor":22,"key":"Enchiridion"},{"floor":23,"key":"Boot"},{"floor":25,"key":"Shuriken"},{"floor":26,"key":"Pear"},{"floor":26,"key":"Molten Egg 2"},{"floor":41,"key":"Paper Frog"},{"floor":43,"key":"Oddly Smooth Stone"},{"floor":54,"key":"Letter Opener"}],"event_choices":[{"damage_healed":0.0,"max_hp_gain":0.0,"max_hp_loss":6.0,"gold_gain":0.0,"event_name":"Golden Idol","player_choice":"Lose Max HP","floor":4.0,"gold_loss":0.0,"damage_taken":0.0,"relics_obtained":["Golden Idol"]},{"damage_healed":0.0,"max_hp_gain":0.0,"max_hp_loss":0.0,"gold_gain":0.0,"event_name":"Wheel of Change","player_choice":"Relic","floor":5.0,"gold_loss":0.0,"damage_taken":0.0},{"damage_healed":0,"gold_gain":0,"cards_transformed":["Strike_R"],"player_choice":"Transformed","damage_taken":0,"max_hp_gain":0,"max_hp_loss":0,"event_name":"Transmorgrifier","floor":19,"gold_loss":0,"cards_obtained":["Anger"]},{"damage_healed":0,"gold_gain":0,"player_choice":"Obtained Book","damage_taken":16,"max_hp_gain":0,"max_hp_loss":0,"event_name":"Cursed Tome","floor":22,"gold_loss":0},{"damage_healed":0,"gold_gain":0,"player_choice":"Inject Mutagens","damage_taken":0,"relics_obtained":["MutagenicStrength"],"max_hp_gain":0,"max_hp_loss":0,"event_name":"Drug Dealer","floor":31,"gold_loss":0},{"damage_healed":0,"gold_gain":333,"player_choice":"Gave Idol","damage_taken":0,"max_hp_gain":0,"max_hp_loss":0,"event_name":"The Moai Head","floor":36,"relics_lost":["Golden Idol"],"gold_loss":0},{"damage_healed":0,"gold_gain":0,"player_choice":"Max HP","damage_taken":0,"max_hp_gain":0,"max_hp_loss":5,"event_name":"Winding Halls","floor":37,"gold_loss":0},{"damage_healed":0,"gold_gain":0,"player_choice":"Ignored","damage_taken":0,"max_hp_gain":0,"max_hp_loss":0,"event_name":"Tomb of Lord Red Mask","floor":44,"gold_loss":0},{"damage_healed":0,"gold_gain":0,"player_choice":"Bought 3 Potions","damage_taken":0,"max_hp_gain":0,"max_hp_loss":0,"event_name":"The Woman in Blue","floor":48,"gold_loss":0}],"is_beta":false,"boss_relics":[{"not_picked":["Lizard Tail","Astrolabe"],"picked":"Mark of Pain"},{"not_picked":["Calling Bell","Black Blood"],"picked":"Snecko Eye"}],"items_purged_floors":[14,47],"is_endless":false,"potions_floor_spawned":[2,10,13,18,21,25,35,41],"killed_by":"The Heart","ascension_level":1}