{"gold_per_floor":[111,111,111,111,121,154,169,202,202,220,232,232,260,272,272,375,375,389,439,459,46,46,76,16,16,39,72,72,106,118,151,151,252,252,270,282,329,329,329,329,357,368,368,399,399,410,421,175,175,175,175,175,52,79,79],"floor_reached":56,"playtime":2270,"items_purged":["Strike_R","Strike_R","Strike_R"],"score":1353,"play_id":"44488ff2-e521-4882-916d-88afad539ab2","local_time":"20190624150233","is_ascension_mode":true,"campfire_choices":[{"data":"Bash","floor":12.0,"key":"SMITH"},{"data":"Inflame","floor":15.0,"key":"SMITH"},{"floor":25,"key":"REST"},{"floor":28,"key":"REST"},{"data":"Mayhem","floor":32,"key":"SMITH"},{"data":"Limit Break","floor":40,"key":"SMITH"},{"floor":45,"key":"REST"},{"floor":49,"key":"RECALL"},{"data":"Flame Barrier","floor":52,"key":"SMITH"}],"neow_cost":"NONE","seed_source_timestamp":5991414837652,"circlet_count":0,"master_deck":["Defend_R","Defend_R","Defend_R","Defend_R","Bash+1","Wild Strike+1","Battle Trance","Shrug It Off","Inflame+1","Shrug It Off+1","Mayhem+1","Pommel Strike","Evolve+1","Flame Barrier+1","Wild Strike+1","Limit Break+1","Inflame+1","True Grit+1","Demon Form+1","Shrug It Off+1","Panache+1"],"special_seed":0,"relics":["Burning Blood","Ancient Tea Set","Red Skull","Pear","Champion Belt","Vajra","Bag of Marbles","Lizard Tail","Potion Belt","Frozen Egg 2","Blood Vial","Dream Catcher","Bottled Tornado","Smiling Mask","Matryoshka","Velvet Choker","Bird Faced Urn","Mummified Hand","Ornamental Fan","Omamori","Oddly Smooth Stone"],"potions_floor_usage":[31,31,33,33,33,37,55,55,55,55],"damage_taken":[{"damage":0.0,"enemies":"2 Louse","floor":1.0,"turns":3.0},{"damage":10.0,"enemies":"Small Slimes","floor":5.0,"turns":2.0},{"damage":20.0,"enemies":"Gremlin Nob","floor":6.0,"turns":4.0},{"damage":6.0,"enemies":"Jaw Worm","floor":7.0,"turns":2.0},{"damage":20.0,"enemies":"3 Sentries","floor":8.0,"turns":7.0},{"damage":7.0,"enemies":"3 Louse","floor":10.0,"turns":3.0},{"damage":6.0,"enemies":"Exordium Thugs","floor":11.0,"turns":3.0},{"damage":18.0,"enemies":"Lagavulin","floor":13.0,"turns":5.0},{"damage":7.0,"enemies":"Large Slime","floor":14.0,"turns":3.0},{"damage":3.0,"enemies":"Slime Boss","floor":16.0,"turns":5.0},{"damage":37.0,"enemies":"Spheric Guardian","floor":18.0,"turns":6.0},{"damage":16,"enemies":"2 Thieves","floor":20,"turns":3},{"damage":36,"enemies":"Slavers","floor":23,"turns":9},{"damage":34,"enemies":"Book of Stabbing","floor":27,"turns":5},{"damage":27,"enemies":"Slavers","floor":29,"turns":5},{"damage":10,"enemies":"Centurion and Healer","floor":30,"turns":6},{"damage":11,"enemies":"Gremlin Leader","floor":31,"turns":5},{"damage":58,"enemies":"Champ","floor":33,"turns":9},{"damage":5,"enemies":"3 Darklings","floor":35,"turns":5},{"damage":3,"enemies":"3 Shapes","floor":36,"turns":5},{"damage":55,"enemies":"2 Orb Walkers","floor":37,"turns":5},{"damage":15,"enemies":"Giant Head","floor":41,"turns":6},{"damage":16,"enemies":"3 Darklings","floor":42,"turns":5},{"damage":28,"enemies":"Reptomancer","floor":44,"turns":6},{"damage":8,"enemies":"Writhing Mass","floor":46,"turns":5},{"damage":14,"enemies":"Jaw Worm Horde","floor":47,"turns":4},{"damage":60,"enemies":"Time Eater","floor":50,"turns":8},{"damage":37,"enemies":"Shield and Spear","floor":54,"turns":6},{"damage":74,"enemies":"The Heart","floor":55,"turns":8}],"seed_played":"1535558625274616099","potions_obtained":[{"floor":5.0,"key":"Energy Potion"},{"floor":8.0,"key":"Poison Potion"},{"floor":10.0,"key":"Energy Potion"},{"floor":13.0,"key":"Fire Potion"},{"floor":27,"key":"EssenceOfSteel"},{"floor":29,"key":"Strength Potion"},{"floor":33,"key":"Dexterity Potion"},{"floor":35,"key":"PowerPotion"},{"floor":37,"key":"SpeedPotion"},{"floor":39,"key":"PowerPotion"},{"floor":39,"key":"SmokeBomb"},{"floor":39,"key":"BloodPotion"}],"is_trial":false,"path_per_floor":["M","?","?","?","M","E","M","E","T","M","M","R","E","M","R","B",null,"M","?","M","$","T","E","?","R","T","E","R","E","M","E","R","B",null,"M","M","?","?","?","R","E","M","T","E","R","M","M","$","R","B",null,"R","$","E","B",null],"character_chosen":"IRONCLAD","items_purchased":["Mayhem","Potion Belt","Panache+1","GamblersBrew"],"campfire_rested":3,"item_purchase_floors":[21,21,48,53],"current_hp_per_floor":[80,73,78,78,74,70,70,56,56,55,55,55,43,42,42,45,95,64,64,54,54,54,24,24,52,52,26,54,35,33,30,30,35,95,95,95,46,46,46,46,47,47,47,33,60,70,72,72,72,32,90,90,90,65,22],"gold":79,"neow_bonus":"RANDOM_COMMON_RELIC","is_prod":false,"is_daily":false,"chose_seed":false,"campfire_upgraded":5,"win_rate":0,"timestamp":1561377753,"path_taken":["M","?","?","?","?","E","M","E","T","M","M","R","E","M","R","BOSS","M","?","M","$","?","E","?","R","T","E","R","E","?","E","R","BOSS","M","M","?","?","?","R","E","M","T","E","R","M","M","$","R","BOSS","R","$","E","BOSS"],"build_version":"2019-01-23","purchased_purges":3,"victory":true,"max_hp_per_floor":[80,80,85,85,85,95,95,95,95,95,95,95,95,95,95,95,95,95,95,95,95,95,95,95,95,95,95,95,95,95,95,95,95,95,95,95,95,90,90,90,90,90,90,90,90,90,90,90,90,90,90,90,90,90,90],"card_choices":[{"not_picked":["Iron Wave","Reckless Charge"],"picked":"Wild Strike","floor":1.0},{"not_picked":["Fire Breathing","Cleave"],"picked":"Battle Trance","floor":5.0},{"not_picked":["Rupture","Iron Wave"],"picked":"Shrug It Off","floor":6.0},{"not_picked":["Double Tap","Clothesline","Sentinel"],"picked":"SKIP","floor":7.0},{"not_picked":["Flex","Searing Blow","Seeing Red"],"picked":"SKIP","floor":8.0},{"not_picked":["Thunderclap","True Grit"],"picked":"Inflame","floor":10.0},{"not_picked":["Entrench","Armaments","Uppercut"],"picked":"SKIP","floor":11.0},{"not_picked":["True Grit","Sword Boomerang","Rupture"],"picked":"SKIP","floor":13.0},{"not_picked":["Iron Wave","Pommel Strike","Thunderclap"],"picked":"SKIP","floor":14.0},{"not_picked":["Cleave","Sword Boomerang","Perfected Strike"],"picked":"SKIP","floor":18.0},{"not_picked":["Evolve","Sword Boomerang"],"picked":"Shrug It Off+1","floor":20},{"not_picked":["Entrench+1","Perfected Strike","Headbutt+1"],"picked":"SKIP","floor":23},{"not_picked":["Power Through","Carnage+1"],"picked":"Flame Barrier","floor":27},{"not_picked":["Pummel","Body Slam","Havoc+1"],"picked":"SKIP","floor":29},{"not_picked":["Sword Boomerang","Anger","Armaments"],"picked":"SKIP","floor":30},{"not_picked":["Armaments","Dark Embrace+1"],"picked":"Wild Strike+1","floor":31},{"not_picked":["Fiend Fire","Juggernaut+1"],"picked":"Limit Break","floor":33},{"not_picked":["Pommel Strike+1","Entrench"],"picked":"Inflame+1","floor":35},{"not_picked":["Carnage","Iron Wave+1"],"picked":"True Grit+1","floor":36},{"not_picked":["Anger","Armaments","Perfected Strike"],"picked":"SKIP","floor":41},{"not_picked":["Rampage+1","Fire Breathing+1","Wild Strike"],"picked":"SKIP","floor":42},{"not_picked":["Corruption+1","Rampage+1"],"picked":"Demon Form+1","floor":44},{"not_picked":["Heavy Blade","Rage+1"],"picked":"Shrug It Off+1","floor":45},{"not_picked":["Power Through","Body Slam","Clash"],"picked":"SKIP","floor":46},{"not_picked":["Wild Strike","Anger","Thunderclap"],"picked":"SKIP","floor":47},{"not_picked":["Anger+1","Havoc+1","Pummel"],"picked":"SKIP","floor":54}],"player_experience":1005723,"relics_obtained":[{"floor":6.0,"key":"Pear"},{"floor":8.0,"key":"Champion Belt"},{"floor":9.0,"key":"Vajra"},{"floor":13.0,"key":"Bag of Marbles"},{"floor":22,"key":"Frozen Egg 2"},{"floor":23,"key":"Blood Vial"},{"floor":26,"key":"Dream Catcher"},{"floor":27,"key":"Bottled Tornado"},{"floor":29,"key":"Smiling Mask"},{"floor":31,"key":"Matryoshka"},{"floor":37,"key":"Bird Faced Urn"},{"floor":41,"key":"Mummified Hand"},{"floor":43,"key":"Ornamental Fan"},{"floor":44,"key":"Omamori"},{"floor":54,"key":"Oddly Smooth Stone"}],"event_choices":[{"damage_healed":0.0,"max_hp_gain":0.0,"max_hp_loss":0.0,"gold_gain":0.0,"event_name":"Scrap Ooze","player_choice":"Success","floor":2.0,"gold_loss":0.0,"damage_taken":7.0,"relics_obtained":["Red Skull"]},{"damage_healed":0.0,"max_hp_gain":5.0,"max_hp_loss":0.0,"gold_gain":0.0,"event_name":"Big Fish","player_choice":"Donut","floor":3.0,"gold_loss":0.0,"damage_taken":0.0},{"damage_healed":0.0,"max_hp_gain":0.0,"max_hp_loss":0.0,"gold_gain":0.0,"event_name":"Living Wall","player_choice":"Grow","floor":4.0,"gold_loss":0.0,"damage_taken":0.0,"cards_upgraded":["Wild Strike"]},{"damage_healed":0,"gold_gain":100,"player_choice":"Bet on Murderer","damage_taken":0,"max_hp_gain":0,"max_hp_loss":0,"event_name":"The Joust","floor":19,"gold_loss":50},{"damage_healed":0,"gold_gain":0,"cards_transformed":["Strike_R","Strike_R"],"player_choice":"Transformed Cards","damage_taken":0,"max_hp_gain":0,"max_hp_loss":0,"event_name":"Designer","floor":24,"gold_loss":60,"cards_obtained":["Pommel Strike","Evolve"]},{"damage_healed":0,"gold_gain":0,"player_choice":"Fight","damage_taken":0,"max_hp_gain":0,"max_hp_loss":0,"event_name":"Mysterious Sphere","floor":37,"gold_loss":0},{"damage_healed":0,"gold_gain":0,"player_choice":"Max HP","damage_taken":0,"max_hp_gain":0,"max_hp_loss":5,"event_name":"Winding Halls","floor":38,"gold_loss":0},{"damage_healed":0,"gold_gain":0,"player_choice":"Got Potions","damage_taken":0,"max_hp_gain":0,"max_hp_loss":0,"event_name":"Lab","floor":39,"gold_loss":0}],"is_beta":false,"boss_relics":[{"not_picked":["White Beast Statue","Calling Bell"],"picked":"Lizard Tail"},{"not_picked":["Astrolabe","Runic Cube"],"picked":"Velvet Choker"}],"items_purged_floors":[21,48,53],"is_endless":false,"potions_floor_spawned":[5,8,10,13,16,27,29,33,35,37,44,54],"ascension_level":1}