{"gold_per_floor":[115,126,126,126,144,144,179,179,233,250,268,286,303,71,71,174,174,187,204,304,322,322,322,63,79,79,178,178,192,222,242,242,338,338,356,29,41,59,59,59,8,69,93,111,128,128,178,194,194,194],"floor_reached":51,"playtime":10119,"items_purged":["Strike_G"],"score":625,"play_id":"2eda7b70-a8d3-4027-8f16-182c06e82edf","local_time":"20190202191941","is_ascension_mode":false,"campfire_choices":[{"floor":6,"key":"REST"},{"data":"Corpse Explosion","floor":8,"key":"SMITH"},{"floor":15,"key":"REST"},{"floor":23,"key":"REST"},{"floor":28,"key":"REST"},{"floor":32,"key":"REST"},{"floor":40,"key":"REST"},{"floor":46,"key":"REST"},{"floor":49,"key":"REST"}],"neow_cost":"NONE","seed_source_timestamp":1722634632428000,"circlet_count":0,"master_deck":["Defend_G","Defend_G","Defend_G","Defend_G","Defend_G","Strike_G","Strike_G","Survivor","Neutralize","Bullet Time","Crippling Poison","Infinite Blades+1","Blade Dance","Corpse Explosion+1","Backstab","Tools of the Trade","Infinite Blades","Storm of Steel","Blade Dance","Apotheosis","A Thousand Cuts","Cloak And Dagger","Cloak And Dagger+1","Corpse Explosion","Noxious Fumes","Sadistic Nature","Noxious Fumes","Cloak And Dagger","After Image","Iron Wave"],"relics":["Ring of the Snake","Lantern","Potion Belt","Bag of Marbles","WristBlade","Gambling Chip","Gremlin Horn","Dodecahedron","Pocketwatch","Lizard Tail","SsserpentHead","Blood Vial"],"potions_floor_usage":[7,16,16,19,30,30,33,33,38,38,50,50,50,50],"damage_taken":[{"damage":17,"enemies":"Jaw Worm","floor":1,"turns":9},{"damage":0,"enemies":"2 Louse","floor":2,"turns":4},{"damage":0,"enemies":"Cultist","floor":5,"turns":4},{"damage":32,"enemies":"Gremlin Nob","floor":7,"turns":5},{"damage":17,"enemies":"3 Louse","floor":10,"turns":2},{"damage":0,"enemies":"2 Fungi Beasts","floor":11,"turns":1},{"damage":0,"enemies":"Lots of Slimes","floor":12,"turns":1},{"damage":2,"enemies":"Blue Slaver","floor":13,"turns":3},{"damage":10,"enemies":"The Guardian","floor":16,"turns":8},{"damage":8,"enemies":"Spheric Guardian","floor":18,"turns":4},{"damage":0,"enemies":"Chosen","floor":19,"turns":1},{"damage":18,"enemies":"Colosseum Slavers","floor":20,"turns":2},{"damage":15,"enemies":"Colosseum Nobs","floor":20,"turns":4},{"damage":10,"enemies":"Snecko","floor":21,"turns":3},{"damage":9,"enemies":"Centurion and Healer","floor":25,"turns":4},{"damage":0,"enemies":"3 Cultists","floor":29,"turns":2},{"damage":17,"enemies":"Gremlin Leader","floor":30,"turns":4},{"damage":4,"enemies":"Chosen and Byrds","floor":31,"turns":3},{"damage":34,"enemies":"Automaton","floor":33,"turns":8},{"damage":0,"enemies":"3 Shapes","floor":35,"turns":2},{"damage":19,"enemies":"3 Darklings","floor":37,"turns":3},{"damage":29,"enemies":"Transient","floor":38,"turns":5},{"damage":28,"enemies":"Jaw Worm Horde","floor":42,"turns":2},{"damage":0,"enemies":"3 Darklings","floor":44,"turns":2},{"damage":10,"enemies":"Sphere and 2 Shapes","floor":45,"turns":4},{"damage":8,"enemies":"Spire Growth","floor":48,"turns":4},{"damage":72,"enemies":"Time Eater","floor":50,"turns":10}],"seed_played":"-3790336690883335461","potions_obtained":[{"floor":1,"key":"SkillPotion"},{"floor":7,"key":"Ancient Potion"},{"floor":11,"key":"SteroidPotion"},{"floor":13,"key":"Swift Potion"},{"floor":16,"key":"Strength Potion"},{"floor":18,"key":"SkillPotion"},{"floor":25,"key":"Strength Potion"},{"floor":31,"key":"Swift Potion"},{"floor":33,"key":"Fire Potion"},{"floor":38,"key":"Poison Potion"},{"floor":44,"key":"SteroidPotion"},{"floor":48,"key":"Poison Potion"}],"is_trial":false,"path_per_floor":["M","M","?","?","M","R","E","R","T","M","M","M","M","$","R","B",null,"M","M","?","M","?","R","$","M","T","?","R","M","E","M","R","B",null,"M","$","M","M","?","R","$","M","T","M","M","R","?","M","R","B",null],"character_chosen":"THE_SILENT","items_purchased":["Bag of Marbles","Infinite Blades","Apotheosis","Sadistic Nature","Noxious Fumes","GhostInAJar","PowerPotion"],"campfire_rested":8,"item_purchase_floors":[14,14,24,36,36,36,41],"current_hp_per_floor":[53,53,46,46,46,67,35,35,35,18,18,18,16,16,37,27,70,62,62,29,19,6,28,28,19,19,19,41,41,24,20,42,8,75,75,75,56,27,27,49,49,21,21,23,15,37,37,31,53,20],"gold":194,"neow_bonus":"ONE_RANDOM_RARE_CARD","is_prod":false,"is_daily":false,"chose_seed":false,"campfire_upgraded":1,"win_rate":0.0,"timestamp":1549131581,"path_taken":["M","M","?","?","M","R","E","R","T","?","M","M","M","$","R","BOSS","M","M","?","M","?","R","$","M","T","?","R","M","E","M","R","BOSS","M","$","M","M","?","R","$","?","T","M","M","R","?","M","R","BOSS"],"build_version":"2019-01-23","purchased_purges":1,"victory":true,"max_hp_per_floor":[70,70,70,70,70,70,70,70,70,70,70,70,70,70,70,70,70,70,70,70,70,75,75,75,75,75,75,75,75,75,75,75,75,75,75,75,75,75,75,75,75,75,75,75,75,75,75,75,75,75],"card_choices":[{"not_picked":["Expertise","Deflect"],"picked":"Crippling Poison","floor":1},{"not_picked":["Dodge and Roll","Bane"],"picked":"Infinite Blades","floor":2},{"not_picked":["Deflect","Terror"],"picked":"Blade Dance","floor":5},{"not_picked":["Infinite Blades","Calculated Gamble"],"picked":"Corpse Explosion","floor":7},{"not_picked":["Flechettes","Acrobatics"],"picked":"Backstab","floor":10},{"not_picked":["Masterful Stab","PiercingWail","Flying Knee"],"picked":"SKIP","floor":11},{"not_picked":["Slice","PiercingWail"],"picked":"Tools of the Trade","floor":12},{"not_picked":["Dodge and Roll","Prepared","PiercingWail"],"picked":"SKIP","floor":13},{"not_picked":["Tools of the Trade","Phantasmal Killer"],"picked":"Storm of Steel","floor":16},{"not_picked":["PiercingWail","Poisoned Stab","Endless Agony"],"picked":"SKIP","floor":18},{"not_picked":["Dagger Throw","Riddle With Holes","Dodge and Roll"],"picked":"SKIP","floor":19},{"not_picked":["Sucker Punch","Glass Knife"],"picked":"Blade Dance","floor":20},{"not_picked":["Flying Knee","Deflect","Sucker Punch"],"picked":"SKIP","floor":21},{"not_picked":["Poisoned Stab","Prepared"],"picked":"A Thousand Cuts","floor":25},{"not_picked":["Underhanded Strike","Quick Slash","Escape Plan"],"picked":"SKIP","floor":29},{"not_picked":["Choke+1","Dagger Throw"],"picked":"Cloak And Dagger","floor":30},{"not_picked":["Quick Slash+1","Deflect+1"],"picked":"Cloak And Dagger+1","floor":31},{"not_picked":["A Thousand Cuts","Tools of the Trade"],"picked":"Corpse Explosion","floor":33},{"not_picked":["Acrobatics","PiercingWail"],"picked":"Noxious Fumes","floor":35},{"not_picked":["Poisoned Stab","Backflip"],"picked":"Cloak And Dagger","floor":37},{"not_picked":["Masterful Stab+1","Flying Knee","Deflect+1"],"picked":"SKIP","floor":38},{"not_picked":["Dagger Throw","Finisher+1","Outmaneuver+1"],"picked":"SKIP","floor":42},{"not_picked":["Deflect","Blade Dance","Prepared+1"],"picked":"SKIP","floor":44},{"not_picked":["Deadly Poison+1","Dagger Spray"],"picked":"After Image","floor":45},{"not_picked":["Acrobatics","Bouncing Flask","Prepared+1"],"picked":"SKIP","floor":48}],"player_experience":90905,"relics_obtained":[{"floor":7,"key":"Lantern"},{"floor":9,"key":"Potion Belt"},{"floor":20,"key":"Gambling Chip"},{"floor":20,"key":"Gremlin Horn"},{"floor":26,"key":"Dodecahedron"},{"floor":30,"key":"Pocketwatch"},{"floor":43,"key":"Blood Vial"}],"event_choices":[{"cards_removed":["Strike_G"],"damage_healed":0,"gold_gain":0,"player_choice":"Card Removal","damage_taken":7,"max_hp_gain":0,"max_hp_loss":0,"event_name":"Golden Wing","floor":3,"gold_loss":0},{"damage_healed":0,"gold_gain":0,"player_choice":"Upgraded","damage_taken":0,"max_hp_gain":0,"max_hp_loss":0,"event_name":"Upgrade Shrine","floor":4,"gold_loss":0,"cards_upgraded":["Infinite Blades"]},{"damage_healed":0,"gold_gain":0,"player_choice":"Fight","damage_taken":0,"max_hp_gain":0,"max_hp_loss":0,"event_name":"Colosseum","floor":20,"gold_loss":0},{"damage_healed":0,"gold_gain":0,"player_choice":"Fought Nobs","damage_taken":0,"max_hp_gain":0,"max_hp_loss":0,"event_name":"Colosseum","floor":20,"gold_loss":0},{"damage_healed":0,"gold_gain":0,"player_choice":"Shed Blood","damage_taken":18,"max_hp_gain":5,"max_hp_loss":0,"event_name":"Forgotten Altar","floor":22,"gold_loss":0},{"damage_healed":0,"gold_gain":99,"player_choice":"Stole From Cult","damage_taken":0,"max_hp_gain":0,"max_hp_loss":0,"event_name":"Nest","floor":27,"gold_loss":0},{"damage_healed":0,"gold_gain":0,"player_choice":"Trade","damage_taken":0,"relics_obtained":["SsserpentHead"],"max_hp_gain":0,"max_hp_loss":0,"event_name":"FaceTrader","floor":39,"gold_loss":0},{"cards_removed":["Strike_G"],"damage_healed":0,"gold_gain":0,"player_choice":"Took Card","damage_taken":0,"max_hp_gain":0,"max_hp_loss":0,"event_name":"NoteForYourself","floor":47,"gold_loss":0,"cards_obtained":["Iron Wave"]}],"is_beta":false,"boss_relics":[{"not_picked":["Black Star","Calling Bell"],"picked":"WristBlade"},{"not_picked":["Runic Dome","Eternal Feather"],"picked":"Lizard Tail"}],"items_purged_floors":[24],"is_endless":false,"potions_floor_spawned":[1,7,11,13,16,18,25,31,33,38,44,48],"ascension_level":0}