{"gold_per_floor":[117,20,33,45,45,45,76,76,76,101,176,201,201,215,215,318,318,333,433,19,38,38,67,67,79,156,190,190,210,224,224,224,328,328,338,15,28,48,48,48,76,76,101,101,1,16,41,55,55,55,55,55,1,26,26],"floor_reached":56,"playtime":4570,"items_purged":["Strike_G"],"score":1598,"play_id":"6d307be6-32e4-44b0-8159-74d94f3ff140","local_time":"20190727185548","is_ascension_mode":true,"campfire_choices":[{"data":"Cloak And Dagger","floor":6,"key":"SMITH"},{"data":"Cloak And Dagger","floor":8,"key":"SMITH"},{"floor":13,"key":"REST"},{"data":"Dash","floor":15,"key":"SMITH"},{"data":"Caltrops","floor":24,"key":"SMITH"},{"floor":28,"key":"REST"},{"data":"Noxious Fumes","floor":32,"key":"SMITH"},{"data":"After Image","floor":40,"key":"SMITH"},{"data":"Well Laid Plans","floor":42,"key":"SMITH"},{"floor":44,"key":"RECALL"},{"data":"Wraith Form v2","floor":49,"key":"SMITH"},{"floor":52,"key":"REST"}],"neow_cost":"NONE","seed_source_timestamp":3910263984604,"circlet_count":0,"master_deck":["Strike_G","Strike_G","Strike_G","Defend_G","Defend_G","Defend_G","Defend_G","Defend_G","Survivor","Neutralize+1","Dash+1","Cloak And Dagger+1","Endless Agony","Cloak And Dagger+1","Backstab","Escape Plan+1","Terror+1","Backflip+1","Malaise+1","Cloak And Dagger+1","Noxious Fumes+1","Blade Dance+1","Prepared+1","Deflect+1","Blur+1","Caltrops+1","Envenom+1","Footwork+1","Backflip+1","Well Laid Plans+1","Wraith Form v2","Deflect+1","Backflip+1","After Image+1","Prepared+1","Wraith Form v2+1","Burst+1","After Image+1"],"relics":["Ring of the Snake","Toxic Egg 2","The Courier","WingedGreaves","Torii","WristBlade","Gremlin Horn","Mummified Hand","Shuriken","Ninja Scroll","Busted Crown","Membership Card","Turnip","Frozen Egg 2","Kunai","Strawberry","Pocketwatch"],"potions_floor_usage":[7,12,16,23,27,27,55,55,55],"damage_taken":[{"damage":0,"enemies":"2 Louse","floor":1,"turns":4},{"damage":1,"enemies":"Jaw Worm","floor":3,"turns":4},{"damage":0,"enemies":"Cultist","floor":4,"turns":4},{"damage":14,"enemies":"Lagavulin","floor":7,"turns":8},{"damage":0,"enemies":"3 Sentries","floor":10,"turns":9},{"damage":20,"enemies":"Lagavulin","floor":12,"turns":7},{"damage":8,"enemies":"Looter","floor":14,"turns":3},{"damage":20,"enemies":"Hexaghost","floor":16,"turns":12},{"damage":0,"enemies":"Shell Parasite","floor":18,"turns":2},{"damage":2,"enemies":"3 Byrds","floor":21,"turns":5},{"damage":1,"enemies":"Gremlin Leader","floor":23,"turns":7},{"damage":1,"enemies":"Snake Plant","floor":25,"turns":4},{"damage":17,"enemies":"Slavers","floor":27,"turns":4},{"damage":0,"enemies":"Centurion and Healer","floor":29,"turns":5},{"damage":1,"enemies":"Chosen and Byrds","floor":30,"turns":4},{"damage":24,"enemies":"Collector","floor":33,"turns":8},{"damage":0,"enemies":"3 Darklings","floor":35,"turns":4},{"damage":0,"enemies":"Orb Walker","floor":37,"turns":1},{"damage":2,"enemies":"Writhing Mass","floor":38,"turns":5},{"damage":0,"enemies":"Reptomancer","floor":41,"turns":5},{"damage":0,"enemies":"Jaw Worm Horde","floor":46,"turns":3},{"damage":0,"enemies":"Giant Head","floor":47,"turns":5},{"damage":0,"enemies":"Maw","floor":48,"turns":6},{"damage":32,"enemies":"Time Eater","floor":50,"turns":11},{"damage":0,"enemies":"Shield and Spear","floor":54,"turns":6},{"damage":31,"enemies":"The Heart","floor":55,"turns":9}],"seed_played":"-2902865069716102450","potions_obtained":[{"floor":1,"key":"Energy Potion"},{"floor":10,"key":"Energy Potion"},{"floor":12,"key":"FearPotion"},{"floor":16,"key":"Fruit Juice"},{"floor":21,"key":"Swift Potion"},{"floor":25,"key":"AttackPotion"},{"floor":27,"key":"SteroidPotion"},{"floor":30,"key":"GamblersBrew"},{"floor":33,"key":"Ancient Potion"},{"floor":41,"key":"Ancient Potion"}],"is_trial":false,"path_per_floor":["M","$","M","M","?","R","E","R","T","E","?","E","R","M","R","B",null,"M","?","$","M","?","E","R","M","T","E","R","M","M","?","R","B",null,"M","$","M","M","?","R","E","R","T","R","$","M","E","M","R","B",null,"R","$","E","B",null],"character_chosen":"THE_SILENT","items_purchased":["Cloak And Dagger","Fire Potion","Noxious Fumes","Blade Dance+1","Prepared+1","Deflect+1","Blur+1","Caltrops","Envenom","Membership Card","Turnip","Kunai","After Image+1"],"campfire_rested":3,"item_purchase_floors":[2,2,20,20,20,20,20,20,20,36,36,45,53],"current_hp_per_floor":[70,70,69,69,74,74,60,60,60,60,49,29,51,43,43,28,67,67,67,67,65,65,64,64,63,63,46,70,70,69,69,69,45,71,71,71,71,69,69,69,69,69,69,69,69,69,76,76,76,44,76,87,87,87,56],"gold":26,"neow_bonus":"UPGRADE_CARD","is_prod":false,"is_daily":false,"chose_seed":false,"campfire_upgraded":8,"win_rate":0,"timestamp":1564246548,"path_taken":["M","$","M","M","?","R","E","R","T","E","?","E","R","M","R","BOSS","M","?","$","?","?","E","R","M","T","E","R","M","?","?","R","BOSS","M","$","M","M","?","R","E","R","T","R","?","M","E","M","R","BOSS","R","$","E","BOSS"],"build_version":"2019-07-17","purchased_purges":1,"victory":true,"max_hp_per_floor":[70,70,70,70,75,75,75,75,75,75,75,75,75,75,75,80,80,80,80,80,80,80,80,80,80,80,80,80,80,80,80,80,80,80,80,80,80,80,80,80,80,80,80,80,80,80,87,87,87,87,87,87,87,87,87],"card_choices":[{"not_picked":["Tactician","Heel Hook"],"picked":"Dash","floor":1},{"not_picked":["Tactician","Backflip"],"picked":"Endless Agony","floor":3},{"not_picked":["Prepared","Escape Plan"],"picked":"Cloak And Dagger","floor":4},{"not_picked":["Choke","Bouncing Flask"],"picked":"Backstab","floor":7},{"not_picked":["Cloak And Dagger+1","Tactician+1"],"picked":"Escape Plan+1","floor":10},{"not_picked":["Blade Dance+1","Dagger Spray"],"picked":"Terror+1","floor":12},{"not_picked":["Setup+1","Sucker Punch"],"picked":"Backflip+1","floor":14},{"not_picked":["Glass Knife","Unload"],"picked":"Malaise+1","floor":16},{"not_picked":["Poisoned Stab","Quick Slash"],"picked":"Cloak And Dagger+1","floor":18},{"not_picked":["Flying Knee","Riddle With Holes"],"picked":"Footwork+1","floor":21},{"not_picked":["Backstab","Bane+1"],"picked":"Backflip+1","floor":23},{"not_picked":["Sucker Punch","Expertise+1"],"picked":"Well Laid Plans","floor":25},{"not_picked":["Deflect+1","Prepared+1"],"picked":"Wraith Form v2","floor":27},{"not_picked":["Skewer","Dash"],"picked":"Deflect+1","floor":29},{"not_picked":["Underhanded Strike","Deflect+1"],"picked":"Backflip+1","floor":30},{"not_picked":["Venomology+1","Grand Finale"],"picked":"After Image","floor":33},{"not_picked":["Masterful Stab+1"],"picked":"SKIP","floor":35},{"not_picked":[],"picked":"Prepared+1","floor":37},{"not_picked":["Sucker Punch+1"],"picked":"SKIP","floor":38},{"not_picked":[],"picked":"Burst+1","floor":41},{"not_picked":["Eviscerate"],"picked":"SKIP","floor":46},{"not_picked":["Underhanded Strike"],"picked":"SKIP","floor":47},{"not_picked":["Sucker Punch"],"picked":"SKIP","floor":48},{"not_picked":["Prepared+1"],"picked":"SKIP","floor":54}],"player_experience":605295,"relics_obtained":[{"floor":7,"key":"Toxic Egg 2"},{"floor":9,"key":"The Courier"},{"floor":10,"key":"WingedGreaves"},{"floor":12,"key":"Torii"},{"floor":23,"key":"Gremlin Horn"},{"floor":26,"key":"Mummified Hand"},{"floor":27,"key":"Shuriken"},{"floor":41,"key":"Frozen Egg 2"},{"floor":47,"key":"Strawberry"},{"floor":54,"key":"Pocketwatch"}],"event_choices":[{"damage_healed":0,"gold_gain":0,"player_choice":"Donut","damage_taken":0,"max_hp_gain":5,"max_hp_loss":0,"event_name":"Big Fish","floor":5,"gold_loss":0},{"damage_healed":0,"gold_gain":75,"player_choice":"Gather Gold","damage_taken":11,"max_hp_gain":0,"max_hp_loss":0,"event_name":"World of Goop","floor":11,"gold_loss":0},{"damage_healed":0,"gold_gain":100,"player_choice":"Pray","damage_taken":0,"max_hp_gain":0,"max_hp_loss":0,"event_name":"Golden Shrine","floor":19,"gold_loss":0},{"damage_healed":0,"gold_gain":0,"player_choice":"Upgraded","damage_taken":0,"max_hp_gain":0,"max_hp_loss":0,"event_name":"Upgrade Shrine","floor":22,"gold_loss":0,"cards_upgraded":["Envenom"]},{"damage_healed":0,"gold_gain":0,"player_choice":"Opened","damage_taken":0,"relics_obtained":["Ninja Scroll"],"max_hp_gain":0,"max_hp_loss":0,"event_name":"The Mausoleum","floor":31,"gold_loss":0},{"damage_healed":0,"gold_gain":0,"cards_transformed":["Strike_G"],"player_choice":"Transformed","damage_taken":0,"max_hp_gain":0,"max_hp_loss":0,"event_name":"Transmorgrifier","floor":39,"gold_loss":0,"cards_obtained":["Wraith Form v2"]}],"is_beta":false,"boss_relics":[{"not_picked":["Orrery","White Beast Statue"],"picked":"WristBlade"},{"not_picked":["Velvet Choker","Pandora\u0027s Box"],"picked":"Busted Crown"}],"items_purged_floors":[36],"is_endless":false,"potions_floor_spawned":[1,10,12,16,21,25,27,30,33,35,41,46],"ascension_level":5}