{"gold_per_floor":[360,372,372,382,77,112,112,125,197,26,54,27,46,65,65,163,163,178,212,34,51,150,180,180,210,263,290,310,320,8,22,22,123,123,141,141,141,441,663,696,10,10,37,72,88,88,103,121,121,121],"floor_reached":51,"playtime":4587,"items_purged":["Regret","Doubt"],"score":1003,"play_id":"ccbe1319-85d9-4545-90fc-7234b8e08149","local_time":"20180822044751","is_ascension_mode":true,"campfire_choices":[{"data":"Infernal Blade","floor":7.0,"key":"SMITH"},{"data":"Sentinel","floor":15.0,"key":"SMITH"},{"data":"Demon Form","floor":24.0,"key":"SMITH"},{"data":"Barricade","floor":32.0,"key":"SMITH"},{"data":"Seeing Red","floor":42.0,"key":"SMITH"},{"data":"Fire Breathing","floor":46.0,"key":"SMITH"},{"floor":49.0,"key":"REST"}],"neow_cost":"CURSE","seed_source_timestamp":0,"circlet_count":0,"master_deck":["Strike_R","Strike_R+1","Strike_R","Strike_R","Defend_R","Defend_R","Defend_R","Parasite","Second Wind+1","Cleave","Infernal Blade+1","Reaper","Combust","True Grit","Pummel","Corruption","Sentinel+1","Clash","Fire Breathing+1","Anger","Clash","Offering+1","Blood for Blood","Demon Form+1","Doubt","Clumsy","Warcry","Seeing Red+1","Inflame","Clash+1","Feed","Feel No Pain+1","Barricade+1","Perfected Strike+1","Exhume","Rupture","Bloodletting","Feed","Dual Wield+1","Berserk","Cleave+1","Demon Form+1","Power Through+1","Ghostly Armor+1","True Grit+1","Madness","Madness","Second Wind+1","Panache","Warcry","Bloodletting","True Grit+1","Power Through+1","True Grit+1","Shockwave"],"special_seed":0,"relics":["Burning Blood","Dead Branch","Regal Pillow","Meat on the Bone","Red Skull","Calling Bell","Oddly Smooth Stone","Pear","Nunchaku","Red Mask","Paper Frog","Potion Belt","Strawberry","Pen Nib","DollysMirror","Astrolabe","Incense Burner","War Paint","Whetstone","Kunai","Boot","Art of War"],"potions_floor_usage":[50],"damage_taken":[{"damage":1.0,"enemies":"Cultist","floor":1.0,"turns":3.0},{"damage":8.0,"enemies":"2 Louse","floor":2.0,"turns":3.0},{"damage":13.0,"enemies":"Small Slimes","floor":4.0,"turns":4.0},{"damage":17.0,"enemies":"3 Sentries","floor":6.0,"turns":6.0},{"damage":27.0,"enemies":"Red Slaver","floor":8.0,"turns":4.0},{"damage":14.0,"enemies":"Lagavulin","floor":11.0,"turns":5.0},{"damage":14.0,"enemies":"Exordium Thugs","floor":13.0,"turns":3.0},{"damage":11.0,"enemies":"Looter","floor":14.0,"turns":3.0},{"damage":13.0,"enemies":"Slime Boss","floor":16.0,"turns":6.0},{"damage":9.0,"enemies":"2 Thieves","floor":18.0,"turns":2.0},{"damage":24.0,"floor":19.0,"turns":3.0},{"damage":41.0,"enemies":"Spheric Guardian","floor":21.0,"turns":6.0},{"damage":43.0,"enemies":"Gremlin Leader","floor":23.0,"turns":4.0},{"damage":29.0,"enemies":"Book of Stabbing","floor":25.0,"turns":5.0},{"damage":43.0,"enemies":"Gremlin Leader","floor":27.0,"turns":5.0},{"damage":33.0,"enemies":"Centurion and Healer","floor":28.0,"turns":6.0},{"damage":8.0,"enemies":"Shelled Parasite and Fungi","floor":29.0,"turns":3.0},{"damage":19.0,"enemies":"Snake Plant","floor":31.0,"turns":3.0},{"damage":83.0,"enemies":"Champ","floor":33.0,"turns":7.0},{"damage":69.0,"enemies":"3 Shapes","floor":35.0,"turns":2.0},{"damage":45.0,"floor":36.0,"turns":6.0},{"damage":11.0,"enemies":"2 Orb Walkers","floor":40.0,"turns":3.0},{"damage":44.0,"enemies":"Giant Head","floor":44.0,"turns":6.0},{"damage":16.0,"enemies":"3 Darklings","floor":45.0,"turns":3.0},{"damage":25.0,"enemies":"Sphere and 2 Shapes","floor":47.0,"turns":4.0},{"damage":31.0,"enemies":"Flame Bruiser 2 Orb","floor":48.0,"turns":7.0},{"damage":100,"enemies":"Donu and Deca","floor":50,"turns":11}],"seed_played":"-8000143288442210491","potions_obtained":[{"floor":1.0,"key":"BloodPotion"},{"floor":6.0,"key":"LiquidBronze"},{"floor":8.0,"key":"Block Potion"},{"floor":14.0,"key":"Explosive Potion"},{"floor":21.0,"key":"SkillPotion"},{"floor":27.0,"key":"EntropicBrew"},{"floor":29.0,"key":"Strength Potion"},{"floor":31.0,"key":"Energy Potion"},{"floor":33.0,"key":"Fire Potion"},{"floor":36.0,"key":"Weak Potion"},{"floor":44.0,"key":"Poison Potion"},{"floor":47.0,"key":"Fire Potion"}],"is_trial":false,"path_per_floor":["M","M","?","M","$","E","R","M","T","$","E","$","M","M","R","B",null,"M","?","$","M","?","E","R","E","T","E","M","M","$","M","R","B",null,"M","?","?","?","?","E","$","R","T","E","M","R","M","M","R","B"],"character_chosen":"IRONCLAD","items_purchased":["Reaper","Combust","True Grit","Sentinel","Clash","Fire Breathing","Clash","Inflame","Rupture","Bloodletting","DollysMirror","Panache","Warcry","Whetstone","Kunai","Bloodletting"],"campfire_rested":1,"item_purchase_floors":[5,5,5,10,10,10,12,20,30,30,30,41,41,41,41,41],"current_hp_per_floor":[80,78,78,71,71,72,72,55,55,55,51,51,55,50,50,57,90,87,78,78,55,55,47,47,41,48,23,41,51,51,53,53,47,100,68,54,41,41,41,52,52,52,52,55,57,57,62,63,107,34],"gold":121,"neow_bonus":"TWO_FIFTY_GOLD","is_prod":false,"is_daily":false,"chose_seed":false,"campfire_upgraded":6,"win_rate":0,"timestamp":1534938471,"path_taken":["M","?","?","M","$","E","R","?","T","?","E","$","M","M","R","BOSS","M","?","$","M","?","E","R","E","T","E","?","?","$","M","R","BOSS","M","?","?","?","?","E","?","R","T","E","M","R","M","M","R","BOSS"],"build_version":"2018-08-16","purchased_purges":2,"victory":true,"max_hp_per_floor":[80,80,80,80,80,80,80,80,80,80,80,80,80,80,80,80,90,90,90,90,90,90,90,90,90,97,97,97,97,97,100,100,100,100,103,103,103,103,103,107,107,107,107,107,107,107,107,107,107,110],"card_choices":[{"not_picked":["Headbutt","Intimidate"],"picked":"Second Wind","floor":1.0},{"not_picked":["Wild Strike","Disarm"],"picked":"Cleave","floor":2.0},{"not_picked":["Blood for Blood","Havoc"],"picked":"Infernal Blade","floor":4.0},{"not_picked":["Iron Wave","Spot Weakness"],"picked":"Pummel","floor":6.0},{"not_picked":["Reckless Charge","Twin Strike"],"picked":"Corruption","floor":8.0},{"not_picked":["Dropkick","Cleave"],"picked":"Anger","floor":11.0},{"not_picked":["Sword Boomerang","Ghostly Armor"],"picked":"Offering","floor":13.0},{"not_picked":["Headbutt","Flame Barrier"],"picked":"Blood for Blood","floor":14.0},{"not_picked":["Juggernaut","Impervious"],"picked":"Demon Form","floor":16.0},{"not_picked":["Rampage","Iron Wave+1"],"picked":"Warcry","floor":18.0},{"not_picked":["Battle Trance+1","Sword Boomerang"],"picked":"Seeing Red","floor":19.0},{"not_picked":["Flex","Warcry+1"],"picked":"Clash","floor":21.0},{"not_picked":["Battle Trance+1","Intimidate+1"],"picked":"Feed","floor":23.0},{"not_picked":["Fire Breathing","Heavy Blade"],"picked":"Feel No Pain+1","floor":25.0},{"not_picked":["Headbutt","Anger"],"picked":"Barricade","floor":27.0},{"not_picked":["Flex+1","Cleave+1"],"picked":"Perfected Strike+1","floor":28.0},{"not_picked":["Pommel Strike+1","Cleave"],"picked":"Exhume","floor":29.0},{"not_picked":["Headbutt+1","Battle Trance+1"],"picked":"Dual Wield+1","floor":31.0},{"not_picked":["Reaper","Juggernaut"],"picked":"Berserk","floor":33.0},{"not_picked":["Reckless Charge+1","Evolve+1"],"picked":"Ghostly Armor+1","floor":35.0},{"not_picked":["Sword Boomerang","Blood for Blood"],"picked":"True Grit+1","floor":36.0},{"not_picked":["Cleave+1","Heavy Blade"],"picked":"Second Wind+1","floor":40.0},{"not_picked":["Shrug It Off","Clothesline+1"],"picked":"True Grit+1","floor":44.0},{"not_picked":["Havoc","Evolve+1"],"picked":"Power Through+1","floor":45.0},{"not_picked":["Havoc+1","Metallicize"],"picked":"True Grit+1","floor":47.0},{"not_picked":["Perfected Strike+1","Second Wind+1"],"picked":"Shockwave","floor":48.0}],"player_experience":154447,"relics_obtained":[{"floor":6.0,"key":"Regal Pillow"},{"floor":9.0,"key":"Meat on the Bone"},{"floor":11.0,"key":"Red Skull"},{"floor":17.0,"key":"Oddly Smooth Stone"},{"floor":17.0,"key":"Pear"},{"floor":17.0,"key":"Nunchaku"},{"floor":19.0,"key":"Red Mask"},{"floor":23.0,"key":"Paper Frog"},{"floor":25.0,"key":"Potion Belt"},{"floor":26.0,"key":"Strawberry"},{"floor":27.0,"key":"Pen Nib"},{"floor":36.0,"key":"Incense Burner"},{"floor":40.0,"key":"War Paint"},{"floor":43.0,"key":"Boot"},{"floor":44.0,"key":"Art of War"}],"event_choices":[{"event_name":"Big Fish","player_choice":"Box","floor":3.0,"damage_taken":0.0},{"event_name":"Masked Bandits","player_choice":"Fought Bandits","floor":19.0,"damage_taken":0.0},{"event_name":"Nest","player_choice":"Stole From Cult","floor":22.0,"damage_taken":0.0},{"event_name":"MindBloom","player_choice":"Fight","floor":36.0,"damage_taken":0.0},{"event_name":"Winding Halls","player_choice":"Embrace Madness","floor":37.0,"damage_taken":0.0},{"event_name":"Wheel of Change","player_choice":"Gold","floor":38.0,"damage_taken":0.0},{"event_name":"Tomb of Lord Red Mask","player_choice":"Wore Mask","floor":39.0,"damage_taken":0.0}],"is_beta":false,"boss_relics":[{"not_picked":["Coffee Dripper","Tiny House"],"picked":"Calling Bell"},{"not_picked":["Black Blood","Snecko Eye"],"picked":"Astrolabe"}],"items_purged_floors":[5,20],"is_endless":false,"potions_floor_spawned":[1,6,8,11,14,21,27,29,31,33,36,44,47],"ascension_level":2}