{"gold_per_floor":[110,122,72,72,97,138,138,138,138,208,241,39,54,32,32,160,160,185,200,200,220,145,145,145,158,183,183,199,233,251,251,251,251],"floor_reached":33,"playtime":5956,"items_purged":["Perfected Strike"],"score":295,"play_id":"e08f4801-612f-491c-93ca-d5883c63ead9","local_time":"20190715115758","is_ascension_mode":false,"campfire_choices":[{"floor":7,"key":"REST"},{"floor":15,"key":"REST"},{"data":"Berserk","floor":23,"key":"SMITH"},{"floor":32,"key":"REST"}],"neow_cost":"NONE","seed_source_timestamp":217187542125333,"circlet_count":0,"master_deck":["Spot Weakness","Carnage","Iron Wave","Flame Barrier","Rampage","Iron Wave","Berserk+1","Dual Wield","Pummel","Spot Weakness","Uppercut","Impervious","Rampage","Body Slam","Armaments","Spot Weakness+1","Ghostly Armor","Second Wind","Sentinel+1","Decay"],"special_seed":0,"relics":["Burning Blood","Golden Idol","War Paint","Meat on the Bone","Question Card","Regal Pillow","Toolbox","Pandora\u0027s Box","Pantograph"],"potions_floor_usage":[10,16,18,25,25,27,28,29,33],"damage_taken":[{"damage":6.0,"enemies":"Cultist","floor":1.0,"turns":3.0},{"damage":18,"enemies":"Jaw Worm","floor":2,"turns":3},{"damage":9,"enemies":"2 Louse","floor":5,"turns":3},{"damage":26,"enemies":"3 Sentries","floor":6,"turns":6},{"damage":27,"enemies":"Gremlin Nob","floor":10,"turns":4},{"damage":28,"enemies":"Lagavulin","floor":11,"turns":6},{"damage":21,"enemies":"Large Slime","floor":13,"turns":5},{"damage":55,"enemies":"The Guardian","floor":16,"turns":8},{"damage":31,"enemies":"Shell Parasite","floor":18,"turns":4},{"damage":0,"enemies":"Spheric Guardian","floor":19,"turns":3},{"damage":42,"enemies":"Snake Plant","floor":21,"turns":4},{"damage":12,"enemies":"Cultist and Chosen","floor":25,"turns":4},{"damage":38,"enemies":"Slavers","floor":27,"turns":4},{"damage":3,"enemies":"Shelled Parasite and Fungi","floor":28,"turns":4},{"damage":27,"enemies":"Book of Stabbing","floor":29,"turns":4},{"damage":22,"enemies":"Snake Plant","floor":30,"turns":6},{"damage":99,"enemies":"Champ","floor":33,"turns":9}],"seed_played":"-1084927347652015267","potions_obtained":[{"floor":1.0,"key":"Strength Potion"},{"floor":6,"key":"Explosive Potion"},{"floor":11,"key":"PowerPotion"},{"floor":13,"key":"Dexterity Potion"},{"floor":16,"key":"Strength Potion"},{"floor":18,"key":"Energy Potion"},{"floor":20,"key":"SmokeBomb"},{"floor":25,"key":"SpeedPotion"},{"floor":28,"key":"SteroidPotion"},{"floor":30,"key":"SpeedPotion"}],"is_trial":false,"path_per_floor":["M","M","?","?","M","E","R","$","T","?","E","$","M","$","R","B",null,"M","M","?","M","$","R","?","M","T","E","M","E","M","?","R","B"],"character_chosen":"IRONCLAD","items_purchased":["Toolbox","Iron Wave"],"campfire_rested":3,"item_purchase_floors":[12,14],"current_hp_per_floor":[88,76,76,76,73,53,77,77,77,56,46,46,43,43,81,44,81,56,62,62,38,38,38,38,44,44,24,39,30,26,26,65,0],"gold":251,"neow_bonus":"TEN_PERCENT_HP_BONUS","is_prod":false,"is_daily":false,"chose_seed":false,"campfire_upgraded":1,"win_rate":0,"timestamp":1563184678,"path_taken":["M","?","?","?","M","E","R","$","T","?","E","$","M","?","R","BOSS","M","M","?","?","$","R","?","M","T","E","?","E","M","?","R","BOSS"],"build_version":"2019-07-05","purchased_purges":1,"victory":false,"max_hp_per_floor":[88,88,88,81,81,81,81,81,81,81,81,81,81,81,81,81,81,81,81,81,81,81,81,81,81,81,81,81,81,81,81,81,81],"card_choices":[{"not_picked":["Disarm","Heavy Blade"],"picked":"Spot Weakness","floor":1.0},{"not_picked":["Body Slam","Combust"],"picked":"Carnage","floor":2},{"not_picked":["Spot Weakness","Anger"],"picked":"Iron Wave","floor":5},{"not_picked":["Searing Blow","Armaments"],"picked":"Flame Barrier","floor":6},{"not_picked":["Flex","Blood for Blood","Thunderclap"],"picked":"Rampage","floor":11},{"not_picked":["Havoc","Rampage","True Grit","Iron Wave"],"picked":"SKIP","floor":13},{"not_picked":["Brutality","Dark Embrace","Limit Break"],"picked":"Berserk","floor":16},{"not_picked":["Body Slam","Dual Wield","Pommel Strike","Sword Boomerang"],"picked":"SKIP","floor":18},{"not_picked":["Uppercut+1","Warcry","Hemokinesis","Battle Trance"],"picked":"SKIP","floor":19},{"not_picked":["Wild Strike","Headbutt","Uppercut"],"picked":"Armaments","floor":21},{"not_picked":["Dropkick","Battle Trance","Whirlwind+1"],"picked":"Spot Weakness+1","floor":25},{"not_picked":["True Grit","Dual Wield","Spot Weakness+1"],"picked":"Ghostly Armor","floor":28},{"not_picked":["Entrench","Armaments","Feel No Pain"],"picked":"Second Wind","floor":29},{"not_picked":["Combust+1","Rampage","Clothesline"],"picked":"Sentinel+1","floor":30}],"player_experience":167721,"relics_obtained":[{"floor":6,"key":"War Paint"},{"floor":9,"key":"Meat on the Bone"},{"floor":10,"key":"Question Card"},{"floor":11,"key":"Regal Pillow"},{"floor":29,"key":"Pantograph"}],"event_choices":[{"cards_removed":["Strike_R"],"damage_healed":0,"gold_gain":0,"player_choice":"Card Removal","damage_taken":0,"max_hp_gain":0,"max_hp_loss":0,"event_name":"The Cleric","floor":3,"gold_loss":50},{"damage_healed":0,"gold_gain":0,"player_choice":"Lose Max HP","damage_taken":0,"relics_obtained":["Golden Idol"],"max_hp_gain":0,"max_hp_loss":7,"event_name":"Golden Idol","floor":4,"gold_loss":0},{"damage_healed":0,"gold_gain":0,"player_choice":"Searched \u00272\u0027 times","damage_taken":0,"max_hp_gain":0,"max_hp_loss":0,"event_name":"Dead Adventurer","floor":10,"gold_loss":0},{"damage_healed":0,"gold_gain":0,"player_choice":"Got Potions","damage_taken":0,"max_hp_gain":0,"max_hp_loss":0,"event_name":"Lab","floor":20,"gold_loss":0},{"cards_removed":["Bash"],"damage_healed":0,"gold_gain":0,"player_choice":"Offered Basic","damage_taken":0,"max_hp_gain":0,"max_hp_loss":0,"event_name":"Bonfire Elementals","floor":24,"gold_loss":0},{"damage_healed":0,"gold_gain":0,"player_choice":"Cursed","damage_taken":0,"max_hp_gain":0,"max_hp_loss":0,"event_name":"Wheel of Change","floor":31,"gold_loss":0,"cards_obtained":["Decay"]}],"is_beta":false,"boss_relics":[{"not_picked":["Runic Pyramid","Snecko Eye"],"picked":"Pandora\u0027s Box"}],"items_purged_floors":[22],"is_endless":false,"potions_floor_spawned":[1,6,11,13,16,18,25,28,30],"killed_by":"Champ","ascension_level":0}