{"gold_per_floor":[119,119,138,152,4,32,32,61,61,61],"floor_reached":10,"playtime":584,"items_purged":[],"score":114,"play_id":"7bd55e94-ae06-4daf-9fe9-7d482ee008c7","local_time":"20190803171948","is_ascension_mode":true,"campfire_choices":[{"data":"Wraith Form v2","floor":7,"key":"SMITH"}],"neow_cost":"NONE","seed_source_timestamp":2151754106425,"circlet_count":0,"master_deck":["AscendersBane","Strike_G","Strike_G","Strike_G","Strike_G","Defend_G","Defend_G","Defend_G","Defend_G","Defend_G","Survivor","Neutralize","Dramatic Entrance","Sucker Punch","Finisher","Blade Dance","Wraith Form v2+1","Crippling Poison","Dagger Spray"],"relics":["Ring of the Snake","FossilizedHelix","Peace Pipe","Turnip"],"potions_floor_usage":[8],"damage_taken":[{"damage":3,"enemies":"Small Slimes","floor":1,"turns":5},{"damage":0,"enemies":"Cultist","floor":3,"turns":6},{"damage":0,"enemies":"Jaw Worm","floor":4,"turns":3},{"damage":28,"enemies":"Gremlin Nob","floor":6,"turns":6},{"damage":17,"enemies":"Lagavulin","floor":8,"turns":9},{"damage":16,"enemies":"3 Sentries","floor":10,"turns":6}],"seed_played":"4050379769811132826","potions_obtained":[{"floor":3,"key":"Strength Potion"}],"is_trial":false,"path_per_floor":["M","?","M","M","$","E","R","E","T","E"],"character_chosen":"THE_SILENT","items_purchased":["Wraith Form v2"],"campfire_rested":0,"item_purchase_floors":[5],"current_hp_per_floor":[60,60,60,60,60,32,32,15,15,0],"gold":61,"neow_bonus":"RANDOM_COLORLESS","is_prod":false,"is_daily":false,"chose_seed":false,"campfire_upgraded":1,"win_rate":0,"timestamp":1564845588,"path_taken":["M","?","M","M","?","E","R","E","T","E"],"build_version":"2019-07-17","purchased_purges":0,"victory":false,"max_hp_per_floor":[70,70,70,70,70,70,70,70,70,70],"card_choices":[{"not_picked":["Expertise","Acrobatics"],"picked":"Sucker Punch","floor":1},{"not_picked":["Outmaneuver","Dagger Throw"],"picked":"Finisher","floor":3},{"not_picked":["Blur","Flechettes"],"picked":"Blade Dance","floor":4},{"not_picked":["Tactician","All Out Attack"],"picked":"Crippling Poison","floor":6},{"not_picked":["Bane","Underhanded Strike"],"picked":"Dagger Spray","floor":8}],"player_experience":707336,"relics_obtained":[{"floor":6,"key":"FossilizedHelix"},{"floor":8,"key":"Peace Pipe"},{"floor":9,"key":"Turnip"}],"event_choices":[{"cards_removed":["Strike_G"],"damage_healed":0,"gold_gain":0,"player_choice":"Offered Basic","damage_taken":0,"max_hp_gain":0,"max_hp_loss":0,"event_name":"Bonfire Elementals","floor":2,"gold_loss":0}],"is_beta":false,"boss_relics":[],"items_purged_floors":[],"is_endless":false,"potions_floor_spawned":[3],"killed_by":"3 Sentries","ascension_level":10}