{"gold_per_floor":[112,127,141,141,153,153,153,133,157,157,181,181],"floor_reached":12,"playtime":332,"items_purged":[],"score":112,"play_id":"4f93dc44-df53-4b41-9669-9844b88c4da4","local_time":"20190716224319","is_ascension_mode":true,"campfire_choices":[{"data":"Neutralize","floor":6,"key":"SMITH"},{"data":"Backflip","floor":10,"key":"SMITH"}],"neow_cost":"NONE","seed_source_timestamp":9954556440712,"circlet_count":0,"master_deck":["AscendersBane","Strike_G","Strike_G","Strike_G","Strike_G","Strike_G","Defend_G","Defend_G","Defend_G","Defend_G","Survivor","Neutralize+1","Backflip+1","Prepared","Deflect"],"relics":["Ring of the Snake","NeowsBlessing","Golden Idol","Juzu Bracelet"],"potions_floor_usage":[11],"damage_taken":[{"damage":0,"enemies":"Cultist","floor":1,"turns":1},{"damage":0,"enemies":"Small Slimes","floor":2,"turns":1},{"damage":0,"enemies":"2 Louse","floor":3,"turns":1},{"damage":16,"enemies":"Large Slime","floor":5,"turns":11},{"damage":5,"enemies":"Lots of Slimes","floor":11,"turns":6},{"damage":24,"enemies":"3 Sentries","floor":12,"turns":5}],"seed_played":"5792009487971003249","potions_obtained":[{"floor":3,"key":"FearPotion"},{"floor":8,"key":"Poison Potion"}],"is_trial":false,"path_per_floor":["M","M","M","?","M","R","?","?","T","R","M","E"],"character_chosen":"THE_SILENT","items_purchased":[],"campfire_rested":0,"item_purchase_floors":[],"current_hp_per_floor":[63,63,63,56,40,40,23,23,23,23,18,0],"gold":181,"neow_bonus":"THREE_ENEMY_KILL","is_prod":false,"is_daily":false,"chose_seed":false,"campfire_upgraded":2,"win_rate":0,"timestamp":1563342199,"path_taken":["M","?","M","?","M","R","?","?","T","R","M","E"],"build_version":"2019-07-05","purchased_purges":0,"victory":false,"max_hp_per_floor":[70,70,70,70,70,70,70,70,70,70,70,70],"card_choices":[{"not_picked":["Deadly Poison","Bouncing Flask","Flechettes"],"picked":"SKIP","floor":1},{"not_picked":["Dagger Throw","Prepared"],"picked":"Backflip","floor":2},{"not_picked":["Cloak And Dagger","Dodge and Roll"],"picked":"Prepared","floor":3},{"not_picked":["Quick Slash","Skewer","Expertise"],"picked":"SKIP","floor":5},{"not_picked":["Prepared","Cloak And Dagger"],"picked":"Deflect","floor":11}],"player_experience":607611,"relics_obtained":[{"floor":9,"key":"Juzu Bracelet"}],"event_choices":[{"cards_removed":["Defend_G"],"damage_healed":0,"gold_gain":0,"player_choice":"Card Removal","damage_taken":7,"max_hp_gain":0,"max_hp_loss":0,"event_name":"Golden Wing","floor":4,"gold_loss":0},{"damage_healed":0,"gold_gain":0,"player_choice":"Take Damage","damage_taken":17,"relics_obtained":["Golden Idol"],"max_hp_gain":0,"max_hp_loss":0,"event_name":"Golden Idol","floor":7,"gold_loss":0},{"damage_healed":0,"gold_gain":0,"player_choice":"Bought 1 Potion","damage_taken":0,"max_hp_gain":0,"max_hp_loss":0,"event_name":"The Woman in Blue","floor":8,"gold_loss":0}],"is_beta":false,"boss_relics":[],"items_purged_floors":[],"is_endless":false,"potions_floor_spawned":[3],"killed_by":"3 Sentries","ascension_level":12}