{"gold_per_floor":[214,227,72,91,6,6,41,58,113,113,141,158,158,168,168,269,269,269,141,141,141,81,81,81,81,81,81,81,81,31,31,31,31],"floor_reached":33,"playtime":774,"items_purged":["Defend_R"],"score":395,"play_id":"94222ec4-4e68-4ef5-bc0c-552b923bd5a9","local_time":"20181211163113","is_ascension_mode":true,"campfire_choices":[{"data":"Perfected Strike","floor":6,"key":"SMITH"},{"data":"Inflame","floor":10,"key":"SMITH"},{"floor":13,"key":"REST"},{"data":"Disarm","floor":15,"key":"SMITH"},{"floor":23,"key":"REST"},{"floor":28,"key":"REST"},{"floor":32,"key":"REST"}],"neow_cost":"NONE","seed_source_timestamp":24183019201191,"circlet_count":0,"master_deck":["AscendersBane","Strike_R","Strike_R","Strike_R","Strike_R","Strike_R","Defend_R","Defend_R","Defend_R","Bash","Perfected Strike+1","Clothesline","Flex","Inflame+1","Disarm+1","Wild Strike","Juggernaut","Armaments","Shrug It Off","Pommel Strike","Wild Strike"],"relics":["Burning Blood","Bronze Scales","Paper Frog","Red Skull","Omamori","Sundial","Ectoplasm","Matryoshka","Nilry\u0027s Codex","PreservedInsect","Shuriken","Mummified Hand"],"potions_floor_usage":[7,11,33,33],"damage_taken":[{"damage":11,"enemies":"Cultist","floor":1,"turns":4},{"damage":7,"enemies":"Jaw Worm","floor":2,"turns":2},{"damage":5,"enemies":"Small Slimes","floor":4,"turns":3},{"damage":30,"enemies":"3 Sentries","floor":7,"turns":7},{"damage":8,"enemies":"2 Fungi Beasts","floor":8,"turns":3},{"damage":25,"enemies":"Lagavulin","floor":11,"turns":6},{"damage":14,"enemies":"Red Slaver","floor":12,"turns":2},{"damage":10,"enemies":"3 Louse","floor":14,"turns":3},{"damage":25,"enemies":"The Guardian","floor":16,"turns":7},{"damage":10,"enemies":"Shell Parasite","floor":18,"turns":4},{"damage":20,"enemies":"2 Thieves","floor":22,"turns":3},{"damage":43,"enemies":"Snake Plant","floor":24,"turns":3},{"damage":8,"enemies":"Centurion and Healer","floor":25,"turns":4},{"damage":86,"enemies":"Champ","floor":33,"turns":8}],"seed_played":"-6399699736020428892","potions_obtained":[{"floor":2,"key":"SteroidPotion"},{"floor":4,"key":"Fruit Juice"},{"floor":7,"key":"Weak Potion"},{"floor":16,"key":"SpeedPotion"}],"is_trial":false,"path_per_floor":["M","M","$","M","?","R","E","M","T","R","E","M","R","M","R","B",null,"M","$","T","?","M","R","M","M","T","$","R","?","$","?","R","B"],"character_chosen":"IRONCLAD","items_purchased":["Bronze Scales","Armaments","Wild Strike"],"campfire_rested":4,"item_purchase_floors":[3,19,30],"current_hp_per_floor":[67,66,66,67,67,67,48,46,46,46,27,19,44,40,40,21,69,65,65,65,49,35,60,23,21,21,21,46,46,46,46,71,0],"gold":31,"neow_bonus":"HUNDRED_GOLD","is_prod":false,"is_daily":false,"chose_seed":false,"campfire_upgraded":3,"win_rate":0,"timestamp":1544535073,"path_taken":["M","?","$","M","?","R","E","M","T","R","E","?","R","M","R","BOSS","M","$","?","?","M","R","M","M","T","?","R","?","$","?","R","BOSS"],"build_version":"2018-12-06","purchased_purges":1,"victory":false,"max_hp_per_floor":[80,80,80,80,80,80,85,85,85,85,85,85,85,85,85,85,85,85,85,85,85,85,85,85,85,85,85,85,85,85,85,85,85],"card_choices":[{"not_picked":["Havoc","Evolve"],"picked":"Perfected Strike","floor":1},{"not_picked":["Iron Wave","Anger"],"picked":"Clothesline","floor":2},{"not_picked":["Body Slam","Burning Pact"],"picked":"Flex","floor":4},{"not_picked":["Rupture","Armaments"],"picked":"Inflame","floor":7},{"not_picked":["Flex","Clothesline","Headbutt"],"picked":"SKIP","floor":8},{"not_picked":["Corruption","Uppercut"],"picked":"Disarm","floor":11},{"not_picked":["Clothesline","Thunderclap"],"picked":"Wild Strike","floor":12},{"not_picked":["Feel No Pain","Rage","Body Slam"],"picked":"SKIP","floor":14},{"not_picked":["Feel No Pain","Rage","Body Slam"],"picked":"SKIP","floor":14},{"not_picked":["Brutality","Fiend Fire"],"picked":"Juggernaut","floor":16},{"not_picked":["Anger+1","True Grit","Flex+1"],"picked":"SKIP","floor":18},{"not_picked":["Reckless Charge","Feel No Pain","Intimidate"],"picked":"SKIP","floor":22},{"not_picked":["Hemokinesis+1","Armaments","Shrug It Off"],"picked":"SKIP","floor":24},{"not_picked":["Hemokinesis+1","Armaments"],"picked":"Shrug It Off","floor":24},{"not_picked":["Havoc+1","Body Slam"],"picked":"Pommel Strike","floor":25}],"player_experience":582173,"relics_obtained":[{"floor":7,"key":"Red Skull"},{"floor":9,"key":"Omamori"},{"floor":11,"key":"Sundial"},{"floor":20,"key":"Matryoshka"},{"floor":21,"key":"Nilry\u0027s Codex"},{"floor":26,"key":"PreservedInsect"},{"floor":26,"key":"Shuriken"},{"floor":31,"key":"Mummified Hand"}],"event_choices":[{"damage_healed":0,"gold_gain":0,"player_choice":"Paid Gold","damage_taken":0,"relics_obtained":["Paper Frog"],"max_hp_gain":0,"max_hp_loss":0,"event_name":"WeMeetAgain","floor":5,"gold_loss":85},{"damage_healed":0,"gold_gain":0,"player_choice":"Obtained Book","damage_taken":16,"max_hp_gain":0,"max_hp_loss":0,"event_name":"Cursed Tome","floor":21,"gold_loss":0},{"damage_healed":0,"gold_gain":0,"player_choice":"Ignored","damage_taken":0,"max_hp_gain":0,"max_hp_loss":0,"event_name":"Vampires","floor":29,"gold_loss":0},{"damage_healed":0,"gold_gain":0,"player_choice":"Relic","damage_taken":0,"max_hp_gain":0,"max_hp_loss":0,"event_name":"Wheel of Change","floor":31,"gold_loss":0}],"is_beta":false,"boss_relics":[{"not_picked":["Runic Cube","Orrery"],"picked":"Ectoplasm"}],"items_purged_floors":[19],"is_endless":false,"potions_floor_spawned":[2,4,7,16,18,24,25],"killed_by":"Champ","ascension_level":11}