{"gold_per_floor":[117,117,117,137,160,160,160,185,185,185,185,210,210,234,234,330,330,315,329,176,196,196,196,196,216,296,296,296,296],"floor_reached":29,"playtime":723,"items_purged":["Strike_G"],"score":624,"play_id":"97751376-d4c5-4d32-bbd8-8d399f501828","local_time":"20190127124750","is_ascension_mode":true,"campfire_choices":[{"data":"Caltrops","floor":6.0,"key":"SMITH"},{"data":"Dagger Spray","floor":11.0,"key":"SMITH"},{"data":"Crippling Poison","floor":13.0,"key":"SMITH"},{"data":"Catalyst","floor":15.0,"key":"SMITH"},{"floor":24,"key":"REST"},{"floor":28,"key":"REST"}],"neow_cost":"NONE","seed_source_timestamp":6625899278173,"circlet_count":0,"master_deck":["AscendersBane","Defend_G","Defend_G","Defend_G","Defend_G","Defend_G","Strike_G","Strike_G","Strike_G","Strike_G","Survivor","Neutralize+1","Dagger Spray+1","Caltrops+1","Backstab","Backflip","Crippling Poison+1","Catalyst+1","Die Die Die","Noxious Fumes"],"special_seed":0,"relics":["Ring of the Snake","Golden Idol","Snake Skull","Darkstone Periapt","Busted Crown","MutagenicStrength","Dodecahedron"],"potions_floor_usage":[23,29],"damage_taken":[{"damage":0.0,"enemies":"Cultist","floor":1.0,"turns":4.0},{"damage":0.0,"enemies":"2 Louse","floor":4.0,"turns":2.0},{"damage":11.0,"enemies":"Jaw Worm","floor":5.0,"turns":6.0},{"damage":5.0,"enemies":"Gremlin Gang","floor":8.0,"turns":2.0},{"damage":0.0,"enemies":"Lagavulin","floor":10.0,"turns":1.0},{"damage":10.0,"enemies":"Exordium Wildlife","floor":12.0,"turns":4.0},{"damage":7.0,"enemies":"3 Louse","floor":14.0,"turns":2.0},{"damage":0.0,"enemies":"The Guardian","floor":16.0,"turns":2.0},{"damage":15.0,"enemies":"2 Thieves","floor":18.0,"turns":4.0},{"damage":0.0,"enemies":"3 Byrds","floor":19.0,"turns":2.0},{"damage":6.0,"enemies":"Centurion and Healer","floor":21.0,"turns":6.0},{"damage":5,"enemies":"Book of Stabbing","floor":23,"turns":3},{"damage":24,"enemies":"Snake Plant","floor":25,"turns":4},{"damage":41,"enemies":"Shelled Parasite and Fungi","floor":29,"turns":4}],"seed_played":"6268768605494952610","potions_obtained":[{"floor":5.0,"key":"SkillPotion"},{"floor":8.0,"key":"SmokeBomb"},{"floor":12.0,"key":"SmokeBomb"},{"floor":19.0,"key":"Energy Potion"}],"is_trial":false,"path_per_floor":["M","?","?","M","M","R","T","M","T","E","R","M","R","M","R","B",null,"M","M","$","M","?","E","R","M","T","?","R","M"],"character_chosen":"THE_SILENT","items_purchased":["Noxious Fumes"],"campfire_rested":2,"item_purchase_floors":[20],"current_hp_per_floor":[59,59,59,59,48,48,48,43,43,43,43,33,33,26,26,26,52,37,37,37,31,31,26,44,20,20,20,38,0],"gold":296,"neow_bonus":"UPGRADE_CARD","is_prod":false,"is_daily":false,"chose_seed":false,"campfire_upgraded":4,"win_rate":0,"timestamp":1548582470,"path_taken":["M","?","?","M","M","R","?","M","T","E","R","M","R","?","R","BOSS","M","M","$","M","?","E","R","M","T","?","R","M"],"build_version":"2019-01-23","purchased_purges":1,"victory":false,"max_hp_per_floor":[66,60,60,60,60,60,60,60,60,60,60,60,60,60,60,60,60,60,60,60,60,60,60,60,60,60,60,60,60],"card_choices":[{"not_picked":["Sucker Punch","Backflip"],"picked":"Dagger Spray","floor":1.0},{"not_picked":["Outmaneuver","Slice"],"picked":"Caltrops","floor":4.0},{"not_picked":["Sucker Punch","Dagger Throw"],"picked":"Backstab","floor":5.0},{"not_picked":["Blade Dance","Expertise"],"picked":"Backflip","floor":8.0},{"not_picked":["Dagger Throw","Phantasmal Killer"],"picked":"Crippling Poison","floor":12.0},{"not_picked":["Bane","Backflip"],"picked":"Catalyst","floor":14.0},{"not_picked":["Doppelganger","Wraith Form v2"],"picked":"Die Die Die","floor":16.0},{"not_picked":["Outmaneuver+1"],"picked":"SKIP","floor":18.0},{"not_picked":["Flying Knee"],"picked":"SKIP","floor":19.0},{"not_picked":["Reflex"],"picked":"SKIP","floor":21.0},{"not_picked":["Bane"],"picked":"SKIP","floor":25}],"player_experience":716855,"relics_obtained":[{"floor":7.0,"key":"Snake Skull"},{"floor":9.0,"key":"Darkstone Periapt"},{"floor":26,"key":"Dodecahedron"}],"event_choices":[{"damage_healed":0.0,"max_hp_gain":0.0,"max_hp_loss":6.0,"gold_gain":0.0,"event_name":"Golden Idol","player_choice":"Lose Max HP","floor":2.0,"gold_loss":0.0,"damage_taken":0.0,"relics_obtained":["Golden Idol"]},{"damage_healed":0.0,"max_hp_gain":0.0,"max_hp_loss":0.0,"gold_gain":0.0,"event_name":"Scrap Ooze","player_choice":"Fled","floor":3.0,"gold_loss":0.0,"damage_taken":0.0},{"damage_healed":0,"gold_gain":0,"player_choice":"Inject Mutagens","damage_taken":0,"relics_obtained":["MutagenicStrength"],"max_hp_gain":0,"max_hp_loss":0,"event_name":"Drug Dealer","floor":22,"gold_loss":0},{"damage_healed":0,"gold_gain":0,"player_choice":"Ignored","damage_taken":0,"max_hp_gain":0,"max_hp_loss":0,"event_name":"The Mausoleum","floor":27,"gold_loss":0}],"is_beta":false,"boss_relics":[{"not_picked":["Lizard Tail","Eternal Feather"],"picked":"Busted Crown"}],"items_purged_floors":[20],"is_endless":false,"potions_floor_spawned":[5,8,12,19,23],"killed_by":"Shelled Parasite and Fungi","ascension_level":19}