{"gold_per_floor":[110,122,197,211,211,240,253,33,33,33,50,84,9,29,29,129,129,139,159,192,192,207,207],"floor_reached":23,"playtime":1458,"items_purged":["Regret"],"score":203,"play_id":"ce1aba6b-b8df-4d20-93de-8938459fcb67","local_time":"20180727222805","is_ascension_mode":false,"campfire_choices":[{"floor":15.0,"key":"REST"}],"neow_cost":"","seed_source_timestamp":0,"circlet_count":0,"master_deck":["Defend_G","Defend_G","Defend_G","Defend_G","Defend_G","Strike_G","Strike_G","Strike_G+1","Strike_G+1","Survivor","Neutralize","Tactician","Deadly Poison","Deadly Poison","Dagger Spray","Poisoned Stab","Bouncing Flask","A Thousand Cuts","Catalyst","Venomology+1","Eviscerate","Glass Knife","Sucker Punch+1","Infinite Blades+1","Distraction+1","Bane"],"special_seed":0,"relics":["Ring of the Snake","Vajra","Whetstone","Paper Crane","Calipers","Dodecahedron","WristBlade","Red Mask"],"potions_floor_usage":[23,23],"damage_taken":[{"damage":3.0,"enemies":"2 Louse","floor":1.0,"turns":2.0},{"damage":2.0,"enemies":"Jaw Worm","floor":2.0,"turns":6.0},{"damage":0.0,"enemies":"Small Slimes","floor":4.0,"turns":3.0},{"damage":22.0,"enemies":"3 Sentries","floor":6.0,"turns":7.0},{"damage":8.0,"enemies":"Exordium Wildlife","floor":7.0,"turns":4.0},{"damage":14.0,"enemies":"Exordium Thugs","floor":11.0,"turns":5.0},{"damage":20.0,"enemies":"Lagavulin","floor":12.0,"turns":5.0},{"damage":16.0,"enemies":"Gremlin Gang","floor":14.0,"turns":3.0},{"damage":4.0,"enemies":"Hexaghost","floor":16.0,"turns":7.0},{"damage":12.0,"enemies":"Spheric Guardian","floor":18.0,"turns":5.0},{"damage":20.0,"enemies":"Shell Parasite","floor":19.0,"turns":3.0},{"damage":37.0,"floor":20.0,"turns":5.0},{"damage":1.0,"enemies":"Snake Plant","floor":22.0,"turns":4.0},{"damage":15,"enemies":"Slavers","floor":23,"turns":3}],"seed_played":"-1711981576067869969","potions_obtained":[{"floor":2.0,"key":"SkillPotion"},{"floor":7.0,"key":"Regen Potion"},{"floor":11.0,"key":"Regen Potion"},{"floor":18.0,"key":"Ancient Potion"},{"floor":19.0,"key":"Regen Potion"},{"floor":22.0,"key":"Block Potion"}],"is_trial":false,"path_per_floor":["M","M","?","M","?","E","M","$","T","?","M","E","$","M","R","B",null,"M","M","?","?","M"],"character_chosen":"THE_SILENT","items_purchased":["A Thousand Cuts","Whetstone"],"campfire_rested":1,"item_purchase_floors":[8,8],"current_hp_per_floor":[67,65,54,54,54,32,24,24,24,24,25,20,20,4,25,21,70,58,38,15,15,14,0],"gold":207,"neow_bonus":"","is_prod":false,"is_daily":false,"chose_seed":false,"campfire_upgraded":0,"win_rate":0,"timestamp":1532723285,"path_taken":["M","M","?","M","?","E","M","?","T","?","?","E","$","M","R","BOSS","M","M","?","?","M","E"],"build_version":"2018-07-19v2","purchased_purges":1,"victory":false,"max_hp_per_floor":[70,70,70,70,70,70,70,70,70,70,70,70,70,70,70,70,70,70,70,70,70,70,70],"card_choices":[{"not_picked":["Slice","Sucker Punch"],"picked":"Tactician","floor":1.0},{"not_picked":["Cloak And Dagger","Flying Knee"],"picked":"Deadly Poison","floor":2.0},{"not_picked":["Dash","Dagger Throw"],"picked":"Deadly Poison","floor":4.0},{"not_picked":["PiercingWail","Sucker Punch"],"picked":"Poisoned Stab","floor":6.0},{"not_picked":["Expertise","Dash"],"picked":"Bouncing Flask","floor":7.0},{"not_picked":["Distraction","Underhanded Strike"],"picked":"Catalyst","floor":11.0},{"not_picked":["Finisher","Expertise"],"picked":"Venomology","floor":12.0},{"not_picked":["Quick Slash","Catalyst"],"picked":"Eviscerate","floor":14.0},{"not_picked":["A Thousand Cuts","After Image"],"picked":"Glass Knife","floor":16.0},{"not_picked":["Deflect+1","Dagger Throw"],"picked":"Sucker Punch+1","floor":18.0},{"not_picked":["Terror","Sucker Punch"],"picked":"Infinite Blades+1","floor":19.0},{"not_picked":["Poisoned Stab","Bouncing Flask"],"picked":"Distraction+1","floor":20.0},{"not_picked":["Flying Knee","Backflip"],"picked":"Bane","floor":22.0}],"player_experience":72216,"relics_obtained":[{"floor":6.0,"key":"Vajra"},{"floor":9.0,"key":"Paper Crane"},{"floor":12.0,"key":"Dodecahedron"},{"floor":20.0,"key":"Red Mask"}],"event_choices":[{"event_name":"World of Goop","player_choice":"Gather Gold","floor":3.0,"damage_taken":0.0},{"event_name":"Living Wall","player_choice":"Change","floor":5.0,"damage_taken":0.0},{"event_name":"Big Fish","player_choice":"Box","floor":10.0,"damage_taken":0.0},{"event_name":"Masked Bandits","player_choice":"Fought over 159 gold","floor":20.0,"damage_taken":0.0},{"event_name":"Upgrade Shrine","player_choice":"Upgraded","floor":21.0,"damage_taken":0.0}],"is_beta":false,"boss_relics":[{"not_picked":["Lizard Tail","Sozu"],"picked":"WristBlade"}],"items_purged_floors":[13],"is_endless":false,"potions_floor_spawned":[2,7,11,18,19,22],"killed_by":"Slavers","ascension_level":0}