{"gold_per_floor":[117,292,72,147,165,195,195,212,212,212,230,230,240,265,265,367,367,377,69,69,86,101,101,101,101,101,120,131,131,131,131,131,234,234,252,127,139,150,162,162,189,189,189,2,16,16,16,30,30,30],"floor_reached":51,"playtime":1952,"items_purged":["Doubt","Defend_G","Strike_G","Strike_G"],"score":832,"play_id":"c830fd4e-70a0-469e-af88-b173fc417f3d","local_time":"20180815080617","is_ascension_mode":true,"campfire_choices":[{"data":"Dramatic Entrance","floor":7.0,"key":"SMITH"},{"data":"Dagger Throw","floor":10.0,"key":"SMITH"},{"data":"Deadly Poison","floor":12.0,"key":"SMITH"},{"data":"Leg Sweep","floor":15.0,"key":"SMITH"},{"floor":23.0,"key":"REST"},{"floor":25.0,"key":"REST"},{"data":"Footwork","floor":29.0,"key":"SMITH"},{"data":"Bane","floor":32.0,"key":"SMITH"},{"floor":40.0,"key":"REST"},{"floor":42.0,"key":"REST"},{"data":"Caltrops","floor":46,"key":"SMITH"},{"floor":49,"key":"REST"}],"neow_cost":"NONE","seed_source_timestamp":56510005916881,"circlet_count":0,"master_deck":["Defend_G","Defend_G","Defend_G","Defend_G","Strike_G","Strike_G","Strike_G","Survivor","Neutralize","Backflip","Dramatic Entrance+1","Dagger Throw+1","Deadly Poison+1","Leg Sweep+1","Prepared","Outmaneuver","Corpse Explosion","Bane+1","Expertise+1","Caltrops","Footwork+1","Crippling Poison+1","After Image","Deflect+1","Caltrops+1"],"special_seed":0,"relics":["Ring of the Snake","NeowsBlessing","Torii","Unceasing Top","Bronze Scales","Cursed Key","Snake Skull","Enchiridion","Busted Crown","Regal Pillow"],"potions_floor_usage":[50,50,50],"damage_taken":[{"damage":0.0,"enemies":"Small Slimes","floor":1.0,"turns":1.0},{"damage":0.0,"enemies":"Cultist","floor":5.0,"turns":1.0},{"damage":0.0,"enemies":"3 Sentries","floor":6.0,"turns":1.0},{"damage":0.0,"enemies":"2 Louse","floor":8.0,"turns":1.0},{"damage":0.0,"enemies":"2 Fungi Beasts","floor":11.0,"turns":2.0},{"damage":0.0,"enemies":"Exordium Thugs","floor":13.0,"turns":4.0},{"damage":15.0,"enemies":"Hexaghost","floor":16.0,"turns":10.0},{"damage":25.0,"enemies":"Spheric Guardian","floor":18.0,"turns":6.0},{"damage":13.0,"enemies":"Shell Parasite","floor":21.0,"turns":4.0},{"damage":1.0,"enemies":"Cultist and Chosen","floor":22.0,"turns":4.0},{"damage":0.0,"enemies":"Centurion and Healer","floor":27.0,"turns":8.0},{"damage":0.0,"enemies":"Chosen and Byrds","floor":28.0,"turns":6.0},{"damage":22.0,"enemies":"Collector","floor":33.0,"turns":9.0},{"damage":0.0,"enemies":"Orb Walker","floor":35.0,"turns":3.0},{"damage":7.0,"enemies":"3 Darklings","floor":37.0,"turns":3.0},{"damage":9.0,"enemies":"Maw","floor":38.0,"turns":8.0},{"damage":8.0,"enemies":"Spire Growth","floor":39.0,"turns":4.0},{"damage":27.0,"enemies":"2 Orb Walkers","floor":41.0,"turns":3.0},{"damage":0,"enemies":"4 Shapes","floor":45,"turns":2},{"damage":15,"enemies":"3 Darklings","floor":48,"turns":3},{"damage":38,"enemies":"Awakened One","floor":50,"turns":16}],"seed_played":"-7734842961316278063","potions_obtained":[{"floor":5.0,"key":"GhostInAJar"},{"floor":6.0,"key":"AttackPotion"},{"floor":8.0,"key":"Dexterity Potion"},{"floor":18.0,"key":"Poison Potion"},{"floor":38.0,"key":"SkillPotion"},{"floor":39.0,"key":"GhostInAJar"},{"floor":41.0,"key":"SkillPotion"}],"is_trial":false,"path_per_floor":["M","?","$","?","M","E","R","M","T","R","M","R","M","T","R","B",null,"M","$","?","M","M","R","?","R","T","M","M","R","?","?","R","B",null,"M","$","M","M","M","R","E","R","T","$","M","R","?","M","R","B"],"character_chosen":"THE_SILENT","items_purchased":["Dramatic Entrance","Dagger Throw","Snake Skull","Bane","Caltrops"],"campfire_rested":5,"item_purchase_floors":[3,3,19,19,44],"current_hp_per_floor":[70,70,70,59,59,59,59,59,59,59,59,59,59,59,59,44,70,45,45,45,32,31,52,36,57,57,57,57,57,57,57,57,35,70,70,70,63,54,46,67,40,70,70,70,70,70,70,55,70,32],"gold":30,"neow_bonus":"THREE_ENEMY_KILL","is_prod":false,"is_daily":false,"chose_seed":false,"campfire_upgraded":7,"win_rate":0,"timestamp":1534309577,"path_taken":["M","?","$","?","?","E","R","M","T","R","M","R","M","?","R","BOSS","M","$","?","M","?","R","?","R","T","M","?","R","?","?","R","BOSS","M","$","M","M","M","R","E","R","T","$","M","R","?","M","R","BOSS"],"build_version":"2018-08-09","purchased_purges":4,"victory":true,"max_hp_per_floor":[70,70,70,70,70,70,70,70,70,70,70,70,70,70,70,70,70,70,70,70,70,70,70,70,70,70,70,70,70,70,70,70,70,70,70,70,70,70,70,70,70,70,70,70,70,70,70,70,70,70],"card_choices":[{"not_picked":["Flying Knee","Outmaneuver"],"picked":"Backflip","floor":1.0},{"not_picked":["Catalyst","Caltrops"],"picked":"Deadly Poison","floor":5.0},{"not_picked":["Dagger Throw","Expertise"],"picked":"Leg Sweep","floor":6.0},{"not_picked":["Night Terror","Dodge and Roll"],"picked":"Prepared","floor":8.0},{"not_picked":["Choke","Expertise"],"picked":"Outmaneuver","floor":11.0},{"not_picked":["Acrobatics","Underhanded Strike","Finisher"],"picked":"SKIP","floor":13.0},{"not_picked":["A Thousand Cuts","Storm of Steel"],"picked":"Corpse Explosion","floor":16.0},{"not_picked":["Finisher+1","Choke","Flying Knee"],"picked":"SKIP","floor":18.0},{"not_picked":["Slice","Heel Hook+1"],"picked":"Expertise+1","floor":21.0},{"not_picked":["Acrobatics","Deadly Poison"],"picked":"Caltrops","floor":22.0},{"not_picked":["Poisoned Stab","Quick Slash"],"picked":"Footwork","floor":27.0},{"not_picked":["Riddle With Holes+1","Flying Knee","PiercingWail"],"picked":"SKIP","floor":28.0},{"not_picked":["Storm of Steel","Malaise"],"picked":"After Image","floor":33.0},{"not_picked":[],"picked":"Deflect+1","floor":35.0},{"not_picked":["Accuracy+1"],"picked":"SKIP","floor":37.0},{"not_picked":["Backflip+1"],"picked":"SKIP","floor":38.0},{"not_picked":["Slice"],"picked":"SKIP","floor":39.0},{"not_picked":["Flying Knee"],"picked":"SKIP","floor":41.0},{"not_picked":["Slice+1"],"picked":"SKIP","floor":45},{"not_picked":["Slice+1"],"picked":"SKIP","floor":48}],"player_experience":423274,"relics_obtained":[{"floor":6.0,"key":"Torii"},{"floor":9.0,"key":"Unceasing Top"},{"floor":14.0,"key":"Bronze Scales"},{"floor":24.0,"key":"Enchiridion"},{"floor":41.0,"key":"Regal Pillow"}],"event_choices":[{"event_name":"Liars Game","player_choice":"agreed","floor":2.0,"damage_taken":0.0},{"event_name":"World of Goop","player_choice":"Gather Gold","floor":4.0,"damage_taken":0.0},{"event_name":"The Woman in Blue","player_choice":"Bought 0 Potions","floor":20.0,"damage_taken":0.0},{"event_name":"Cursed Tome","player_choice":"Obtained Book","floor":24.0,"damage_taken":0.0},{"event_name":"The Library","player_choice":"Read","floor":30.0,"damage_taken":0.0},{"event_name":"Accursed Blacksmith","player_choice":"Forge","floor":31.0,"damage_taken":0.0},{"event_name":"Mysterious Sphere","player_choice":"Ignore","floor":47,"damage_taken":0}],"is_beta":false,"boss_relics":[{"not_picked":["White Beast Statue","WristBlade"],"picked":"Cursed Key"},{"not_picked":["Fusion Hammer","Philosopher\u0027s Stone"],"picked":"Busted Crown"}],"items_purged_floors":[3,19,36,44],"is_endless":false,"potions_floor_spawned":[5,6,8,18,22,28,38,39,41,48],"ascension_level":4}