{"gold_per_floor":[109,128,128,128,152,198,175,187,225,247,259,284,315,339,351,467,479,502,533,545,557,587,613,645,657,669,715,727,739,780,269,269,373,373,385,385,33,45,64,64,81,94,163,163,13,27,27,44,44,44],"floor_reached":51,"playtime":4310,"items_purged":[],"score":971,"play_id":"de326fb5-70ee-4f37-96d0-21611c5e977a","local_time":"20180916224059","is_ascension_mode":true,"campfire_choices":[{"data":"White Noise","floor":8.0,"key":"SMITH"},{"floor":15.0,"key":"REST"},{"floor":25.0,"key":"REST"},{"floor":28.0,"key":"REST"},{"floor":32.0,"key":"REST"},{"floor":40.0,"key":"REST"},{"data":"Static Discharge","floor":44.0,"key":"SMITH"},{"data":"Echo Form","floor":49,"key":"SMITH"}],"neow_cost":"CURSE","seed_source_timestamp":0,"circlet_count":0,"master_deck":["Zap","Dualcast","Doom and Gloom","White Noise+1","Turbo","Lockon","Heatsinks","Stack","Beam Cell","Core Surge","Coolheaded","Turbo","Defragment","BootSequence","Fission","Chill","Undo","Echo Form+1","Rip and Tear","Static Discharge+1","Tempest","Ball Lightning","Gash","Self Repair","Loop+1","Static Discharge","Sweeping Beam+1","Double Energy+1","BootSequence","Force Field+1","Conserve Battery+1","Darkness+1","White Noise","Aggregate+1","Coolheaded+1","Go for the Eyes","All For One","Defragment","Glacier","Rebound","Electrodynamics","Conserve Battery","Glacier+1","Mind Blast","Deep Breath","Discovery","FTL","Storm","Melter+1","Hologram+1","Go for the Eyes+1","BootSequence+1","White Noise+1","Hello World","Beam Cell+1","Machine Learning","Fusion","Coolheaded+1","Reinforced Body+1","Storm"],"special_seed":0,"relics":["Cracked Core","Prayer Wheel","MawBank","Cables","Omamori","Pandora\u0027s Box","Bottled Tornado","Bottled Lightning","Letter Opener","Nilry\u0027s Codex","Bottled Flame","Chemical X","Cursed Key","Toy Ornithopter","Kunai","Strawberry"],"potions_floor_usage":[50,50],"damage_taken":[{"damage":9.0,"enemies":"Jaw Worm","floor":1.0,"turns":3.0},{"damage":2.0,"enemies":"2 Louse","floor":2.0,"turns":2.0},{"damage":0.0,"enemies":"Small Slimes","floor":5.0,"turns":3.0},{"damage":30.0,"enemies":"3 Sentries","floor":6.0,"turns":6.0},{"damage":9.0,"enemies":"3 Louse","floor":10.0,"turns":3.0},{"damage":13.0,"enemies":"Gremlin Gang","floor":12.0,"turns":4.0},{"damage":0.0,"enemies":"Blue Slaver","floor":13.0,"turns":3.0},{"damage":0.0,"enemies":"Large Slime","floor":14.0,"turns":3.0},{"damage":3.0,"enemies":"The Guardian","floor":16.0,"turns":11.0},{"damage":0.0,"enemies":"Chosen","floor":18.0,"turns":3.0},{"damage":11.0,"enemies":"Spheric Guardian","floor":19.0,"turns":4.0},{"damage":16.0,"enemies":"Snecko","floor":22.0,"turns":3.0},{"damage":33.0,"enemies":"Sentry and Sphere","floor":23.0,"turns":4.0},{"damage":18.0,"enemies":"Cultist and Chosen","floor":24.0,"turns":5.0},{"damage":10.0,"enemies":"Book of Stabbing","floor":27.0,"turns":4.0},{"damage":18.0,"enemies":"Gremlin Leader","floor":30.0,"turns":5.0},{"damage":25.0,"enemies":"Collector","floor":33.0,"turns":10.0},{"damage":0.0,"enemies":"3 Shapes","floor":35.0,"turns":4.0},{"damage":1.0,"enemies":"Orb Walker","floor":38.0,"turns":2.0},{"damage":37.0,"enemies":"3 Darklings","floor":39.0,"turns":3.0},{"damage":0.0,"enemies":"Reptomancer","floor":41.0,"turns":3.0},{"damage":10.0,"enemies":"Transient","floor":42.0,"turns":5.0},{"damage":0.0,"enemies":"3 Darklings","floor":45.0,"turns":3.0},{"damage":0,"enemies":"3 Darklings","floor":46,"turns":3},{"damage":9,"enemies":"Spire Growth","floor":48,"turns":5},{"damage":61,"enemies":"Donu and Deca","floor":50,"turns":5}],"seed_played":"7039184467382486631","potions_obtained":[{"floor":1.0,"key":"Block Potion"},{"floor":2.0,"key":"Fire Potion"},{"floor":6.0,"key":"PowerPotion"},{"floor":10.0,"key":"SteroidPotion"},{"floor":13.0,"key":"Block Potion"},{"floor":24.0,"key":"Block Potion"},{"floor":30.0,"key":"EntropicBrew"},{"floor":33.0,"key":"Explosive Potion"},{"floor":38.0,"key":"Dexterity Potion"},{"floor":41.0,"key":"SkillPotion"}],"is_trial":false,"path_per_floor":["M","M","?","?","M","E","?","R","T","M","?","M","M","M","R","B",null,"M","M","T","?","M","M","M","R","T","E","R","?","E","$","R","B",null,"M","?","$","M","M","R","M","M","T","R","$","M","?","M","R","B"],"character_chosen":"DEFECT","items_purchased":["All For One","Defragment","Glacier","Rebound","Chemical X","FTL","Toy Ornithopter","Storm","Strawberry"],"campfire_rested":5,"item_purchase_floors":[31,31,31,31,31,37,37,37,45],"current_hp_per_floor":[59,57,50,43,43,13,31,31,31,22,22,9,9,9,31,28,63,63,59,59,59,50,24,13,35,35,25,47,31,27,27,49,31,64,71,61,61,60,28,50,57,47,47,47,54,54,75,80,80,22],"gold":44,"neow_bonus":"ONE_RARE_RELIC","is_prod":false,"is_daily":false,"chose_seed":false,"campfire_upgraded":3,"win_rate":0,"timestamp":1537162859,"path_taken":["M","M","?","?","?","E","?","R","T","M","?","M","M","M","R","BOSS","M","?","?","?","M","?","M","R","T","E","R","?","E","?","R","BOSS","M","?","?","M","?","R","M","M","T","R","?","M","?","M","R","BOSS"],"build_version":"2018-09-06","purchased_purges":0,"victory":true,"max_hp_per_floor":[75,75,75,75,75,75,75,75,75,75,75,75,75,75,75,75,75,75,75,75,75,75,75,75,75,75,75,75,75,75,75,75,75,75,75,75,75,75,75,75,75,75,75,75,82,82,82,82,82,82],"card_choices":[{"not_picked":["Melter","Sweeping Beam"],"picked":"Doom and Gloom","floor":1.0},{"not_picked":["Go for the Eyes","Ball Lightning"],"picked":"White Noise","floor":1.0},{"not_picked":["Redo","Compile Driver"],"picked":"Turbo","floor":2.0},{"not_picked":["Reinforced Body","Gash"],"picked":"Lockon","floor":2.0},{"not_picked":["Stack","Compile Driver"],"picked":"Heatsinks","floor":5.0},{"not_picked":["Melter","Steam"],"picked":"Stack","floor":5.0},{"not_picked":["Compile Driver","Steam Power"],"picked":"Beam Cell","floor":6.0},{"not_picked":["Reprogram","Hologram"],"picked":"Core Surge","floor":10.0},{"not_picked":["Ball Lightning","Rebound"],"picked":"Coolheaded","floor":10.0},{"not_picked":["Gash","Hologram"],"picked":"Defragment","floor":12.0},{"not_picked":["Steam","Aggregate"],"picked":"BootSequence","floor":12.0},{"not_picked":["BootSequence","Reinforced Body"],"picked":"Fission","floor":13.0},{"not_picked":["Conserve Battery","Melter","Reinforced Body"],"picked":"SKIP","floor":13.0},{"not_picked":["Double Energy","Consume"],"picked":"Chill","floor":14.0},{"not_picked":["Beam Cell","Cold Snap"],"picked":"Undo","floor":14.0},{"not_picked":["Hyperbeam","Biased Cognition"],"picked":"Echo Form","floor":16.0},{"not_picked":["Blizzard+1","Barrage"],"picked":"Loop+1","floor":18.0},{"not_picked":["Force Field","Hologram+1"],"picked":"Static Discharge","floor":18.0},{"not_picked":["Barrage","Streamline"],"picked":"Sweeping Beam+1","floor":19.0},{"not_picked":["Redo","Turbo"],"picked":"Double Energy+1","floor":19.0},{"not_picked":["Leap","Reprogram"],"picked":"BootSequence","floor":22.0},{"not_picked":["Stack","Steam"],"picked":"Force Field+1","floor":22.0},{"not_picked":["Beam Cell+1","Steam Power"],"picked":"Conserve Battery+1","floor":23.0},{"not_picked":["Go for the Eyes","Turbo+1"],"picked":"Darkness+1","floor":23.0},{"not_picked":["Cold Snap","Coolheaded"],"picked":"White Noise","floor":24.0},{"not_picked":["Double Energy","Rebound+1"],"picked":"Aggregate+1","floor":24.0},{"not_picked":["Darkness","Sweeping Beam"],"picked":"Coolheaded+1","floor":27.0},{"not_picked":["Streamline","Ball Lightning"],"picked":"Go for the Eyes","floor":30.0},{"not_picked":["Amplify","Rainbow"],"picked":"Electrodynamics","floor":33.0},{"not_picked":["Rebound+1","Turbo"],"picked":"Conserve Battery","floor":35.0},{"not_picked":["Sweeping Beam","Hologram+1"],"picked":"Glacier+1","floor":35.0},{"not_picked":["The Bomb","Transmutation"],"picked":"Mind Blast","floor":36.0},{"not_picked":["HandOfGreed","Magnetism"],"picked":"Deep Breath","floor":36.0},{"not_picked":["Enlightenment","Good Instincts"],"picked":"Discovery","floor":36.0},{"not_picked":["Turbo","Gash+1"],"picked":"Melter+1","floor":38.0},{"not_picked":["Stack+1","Compile Driver"],"picked":"Hologram+1","floor":38.0},{"not_picked":["Blizzard","Rebound"],"picked":"Go for the Eyes+1","floor":39.0},{"not_picked":["Leap","Gash"],"picked":"BootSequence+1","floor":39.0},{"not_picked":["Cold Snap","Go for the Eyes"],"picked":"White Noise+1","floor":41.0},{"not_picked":["Genetic Algorithm","Streamline"],"picked":"Hello World","floor":41.0},{"not_picked":["Turbo","Streamline+1"],"picked":"Beam Cell+1","floor":42.0},{"not_picked":["Doom and Gloom","Steam"],"picked":"Machine Learning","floor":42.0},{"not_picked":["Barrage","Double Energy"],"picked":"Fusion","floor":46},{"not_picked":["Sweeping Beam","Hello World"],"picked":"Coolheaded+1","floor":46},{"not_picked":["Redo+1","Steam"],"picked":"Reinforced Body+1","floor":48},{"not_picked":["Recycle+1","Cold Snap"],"picked":"Storm","floor":48}],"player_experience":298307,"relics_obtained":[{"floor":6.0,"key":"Cables"},{"floor":9.0,"key":"Omamori"},{"floor":20.0,"key":"Bottled Tornado"},{"floor":26.0,"key":"Bottled Lightning"},{"floor":27.0,"key":"Letter Opener"},{"floor":29.0,"key":"Nilry\u0027s Codex"},{"floor":30.0,"key":"Bottled Flame"},{"floor":43.0,"key":"Kunai"}],"event_choices":[{"event_name":"Golden Wing","player_choice":"Card Removal","floor":3.0,"damage_taken":0.0},{"event_name":"Scrap Ooze","player_choice":"success","floor":4.0,"damage_taken":7.0},{"event_name":"The Cleric","player_choice":"Healed","floor":7.0,"damage_taken":0.0},{"event_name":"Living Wall","player_choice":"Change","floor":11.0,"damage_taken":0.0},{"event_name":"Back to Basics","player_choice":"Elegance","floor":21.0,"damage_taken":0.0},{"event_name":"Cursed Tome","player_choice":"Obtained Book","floor":29.0,"damage_taken":0.0},{"event_name":"SensoryStone","player_choice":"Memory 3","floor":36.0,"damage_taken":0.0},{"event_name":"Winding Halls","player_choice":"Writhe","floor":47,"damage_taken":0}],"is_beta":false,"boss_relics":[{"not_picked":["Snecko Eye","Runic Dome"],"picked":"Pandora\u0027s Box"},{"not_picked":["Philosopher\u0027s Stone","Runic Pyramid"],"picked":"Cursed Key"}],"items_purged_floors":[],"is_endless":false,"potions_floor_spawned":[1,2,6,10,13,24,30,33,38,41,42],"ascension_level":7}