{"gold_per_floor":[112,122,197,197,220,220,248,21,47,47,73,92,43,59,59,156,156,166,35,35,54,1,1,29,29,29,29,56,56,56,75,75,174,174,194,194,194,213,223,251,251,283,283,315,326,345,345,364,364,364,364,364,99,125,125],"floor_reached":56,"playtime":1804,"items_purged":["Strike_R","Pain"],"score":1408,"play_id":"327e1cdc-6d2e-4065-af5e-ecae755cb4da","local_time":"20190328231405","is_ascension_mode":true,"campfire_choices":[{"data":"Bash","floor":6,"key":"SMITH"},{"data":"Defend_R","floor":10,"key":"SMITH"},{"data":"Armaments","floor":15,"key":"SMITH"},{"data":"Inflame","floor":23,"key":"SMITH"},{"data":"Inflame","floor":25,"key":"SMITH"},{"data":"Double Tap","floor":30,"key":"SMITH"},{"floor":32,"key":"REST"},{"floor":41,"key":"REST"},{"floor":47,"key":"REST"},{"floor":49,"key":"RECALL"},{"floor":52,"key":"REST"}],"neow_cost":"NONE","seed_source_timestamp":35522394292948,"circlet_count":0,"master_deck":["Strike_R+1","Defend_R+1","Defend_R","Defend_R","Defend_R+1","Bash+1","Clash+1","Iron Wave+1","Immolate+1","Corruption","Armaments+1","Inflame+1","Double Tap+1","Sword Boomerang+1","Inflame+1","Shrug It Off+1","Shrug It Off+1","Shrug It Off","RitualDagger","Impervious+1","Metallicize+1","Feel No Pain","True Grit+1","Shrug It Off+1","Dark Embrace","True Grit+1","Parasite","Uppercut+1","Armaments+1","Ghostly Armor+1","Feel No Pain"],"relics":["Astrolabe","Centennial Puzzle","Strawberry","PreservedInsect","Boot","Potion Belt","Cursed Key","Red Skull","Toxic Egg 2","Fusion Hammer","Oddly Smooth Stone","Smiling Mask","Regal Pillow","War Paint"],"potions_floor_usage":[28,45,50,55,55,55,55,55,55,55,55,55,55],"damage_taken":[{"damage":1,"enemies":"Jaw Worm","floor":1,"turns":3},{"damage":0,"enemies":"Small Slimes","floor":2,"turns":1},{"damage":0,"enemies":"Gremlin Nob","floor":7,"turns":3},{"damage":2,"enemies":"3 Sentries","floor":11,"turns":4},{"damage":0,"enemies":"Cultist","floor":12,"turns":2},{"damage":0,"enemies":"Exordium Wildlife","floor":14,"turns":1},{"damage":46,"enemies":"The Guardian","floor":16,"turns":7},{"damage":0,"enemies":"2 Thieves","floor":18,"turns":1},{"damage":10,"enemies":"3 Byrds","floor":21,"turns":3},{"damage":0,"enemies":"Slavers","floor":24,"turns":1},{"damage":4,"enemies":"Book of Stabbing","floor":28,"turns":3},{"damage":18,"enemies":"Snake Plant","floor":31,"turns":3},{"damage":50,"enemies":"Collector","floor":33,"turns":7},{"damage":6,"enemies":"3 Shapes","floor":35,"turns":6},{"damage":16,"enemies":"3 Darklings","floor":38,"turns":5},{"damage":3,"enemies":"Jaw Worm Horde","floor":39,"turns":2},{"damage":37,"enemies":"Nemesis","floor":40,"turns":5},{"damage":13,"enemies":"Giant Head","floor":42,"turns":6},{"damage":22,"enemies":"Nemesis","floor":44,"turns":5},{"damage":10,"enemies":"Transient","floor":45,"turns":5},{"damage":1,"enemies":"Writhing Mass","floor":46,"turns":5},{"damage":2,"enemies":"Spire Growth","floor":48,"turns":5},{"damage":17,"enemies":"Donu and Deca","floor":50,"turns":11},{"damage":44,"enemies":"Shield and Spear","floor":54,"turns":6},{"damage":2,"enemies":"The Heart","floor":55,"turns":12}],"seed_played":"617986669402164284","potions_obtained":[{"floor":2,"key":"SpeedPotion"},{"floor":7,"key":"SkillPotion"},{"floor":14,"key":"GamblersBrew"},{"floor":16,"key":"Ancient Potion"},{"floor":21,"key":"PowerPotion"},{"floor":35,"key":"Weak Potion"},{"floor":39,"key":"EntropicBrew"},{"floor":45,"key":"Block Potion"}],"is_trial":false,"path_per_floor":["M","M","?","?","T","R","E","$","T","R","E","M","$","M","R","B",null,"M","$","?","M","$","R","E","R","T","?","E","$","R","M","R","B",null,"M","?","?","M","M","E","R","E","T","E","M","M","R","M","R","B",null,"R","$","E","B",null],"character_chosen":"IRONCLAD","items_purchased":["PreservedInsect","Armaments","Inflame","Shrug It Off","Shrug It Off","Ghostly Armor+1","Feel No Pain","LiquidBronze"],"campfire_rested":4,"item_purchase_floors":[8,13,19,19,22,53,53,53],"current_hp_per_floor":[79,79,68,52,52,52,59,59,59,59,57,57,57,57,57,11,87,87,87,70,60,60,60,60,60,60,54,50,50,50,32,59,9,92,86,86,86,70,67,30,56,43,43,21,11,10,51,49,49,32,87,87,87,43,41],"gold":125,"neow_bonus":"BOSS_RELIC","is_prod":false,"is_daily":false,"chose_seed":false,"campfire_upgraded":6,"win_rate":0,"timestamp":1553804045,"path_taken":["M","M","?","?","?","R","E","?","T","R","E","M","$","?","R","BOSS","M","$","?","M","$","R","E","R","T","?","E","?","R","M","R","BOSS","M","?","?","M","?","E","R","E","T","E","M","M","R","M","R","BOSS","R","$","E","BOSS"],"build_version":"2019-01-23","purchased_purges":2,"victory":true,"max_hp_per_floor":[80,80,80,80,80,80,87,87,87,87,87,87,87,87,87,87,87,87,87,92,92,92,92,92,92,92,92,92,92,92,92,92,92,92,92,87,87,87,87,87,87,87,87,87,87,87,87,87,87,87,87,87,87,87,87],"card_choices":[{"not_picked":["Anger","Evolve","Fire Breathing"],"picked":"SKIP","floor":1},{"not_picked":["Reckless Charge","Dropkick","Headbutt"],"picked":"SKIP","floor":2},{"not_picked":["Reckless Charge","Sword Boomerang","Headbutt"],"picked":"SKIP","floor":7},{"not_picked":["Havoc","Feel No Pain","Dual Wield"],"picked":"SKIP","floor":11},{"not_picked":["Infernal Blade","Fire Breathing"],"picked":"Corruption","floor":12},{"not_picked":["Pommel Strike","Shrug It Off"],"picked":"Inflame","floor":14},{"not_picked":["Offering","Reaper"],"picked":"Double Tap","floor":16},{"not_picked":["Clash","Perfected Strike+1"],"picked":"Sword Boomerang+1","floor":18},{"not_picked":["Flex","Dual Wield"],"picked":"Shrug It Off","floor":21},{"not_picked":["Blood for Blood","Hemokinesis","Body Slam"],"picked":"SKIP","floor":24},{"not_picked":["Havoc+1","Corruption","Iron Wave"],"picked":"SKIP","floor":28},{"not_picked":["Havoc+1","Perfected Strike","Pummel"],"picked":"SKIP","floor":31},{"not_picked":["Demon Form","Reaper"],"picked":"Impervious+1","floor":33},{"not_picked":["Twin Strike+1","Rage+1","Perfected Strike+1"],"picked":"SKIP","floor":35},{"not_picked":["Headbutt+1","Sever Soul+1"],"picked":"Metallicize+1","floor":38},{"not_picked":["Headbutt","Seeing Red+1"],"picked":"Feel No Pain","floor":39},{"not_picked":["Pummel","Headbutt+1"],"picked":"True Grit+1","floor":40},{"not_picked":["Power Through+1","Headbutt+1"],"picked":"Shrug It Off+1","floor":42},{"not_picked":["Spot Weakness+1","Sever Soul"],"picked":"Dark Embrace","floor":44},{"not_picked":["Infernal Blade+1","Burning Pact+1"],"picked":"True Grit+1","floor":45},{"not_picked":["Spot Weakness+1","Sword Boomerang"],"picked":"Uppercut+1","floor":46},{"not_picked":["Armaments+1","Cleave","Thunderclap+1"],"picked":"SKIP","floor":48},{"not_picked":["Cleave","Thunderclap+1"],"picked":"Armaments+1","floor":48},{"not_picked":["Pommel Strike","Uppercut+1","True Grit+1"],"picked":"SKIP","floor":54},{"not_picked":["Pommel Strike","Uppercut+1","True Grit+1"],"picked":"SKIP","floor":54}],"player_experience":826512,"relics_obtained":[{"floor":5,"key":"Centennial Puzzle"},{"floor":7,"key":"Strawberry"},{"floor":9,"key":"Boot"},{"floor":11,"key":"Potion Belt"},{"floor":24,"key":"Red Skull"},{"floor":28,"key":"Toxic Egg 2"},{"floor":40,"key":"Oddly Smooth Stone"},{"floor":42,"key":"Smiling Mask"},{"floor":44,"key":"Regal Pillow"},{"floor":54,"key":"War Paint"}],"event_choices":[{"damage_healed":0,"gold_gain":75,"player_choice":"Gather Gold","damage_taken":11,"max_hp_gain":0,"max_hp_loss":0,"event_name":"World of Goop","floor":3,"gold_loss":0},{"damage_healed":0,"gold_gain":0,"player_choice":"Entered Light","damage_taken":16,"max_hp_gain":0,"max_hp_loss":0,"event_name":"Shining Light","floor":4,"gold_loss":0,"cards_upgraded":["Defend_R","Strike_R"]},{"damage_healed":0,"gold_gain":0,"player_choice":"Shed Blood","damage_taken":22,"max_hp_gain":5,"max_hp_loss":0,"event_name":"Forgotten Altar","floor":20,"gold_loss":0},{"damage_healed":0,"gold_gain":0,"player_choice":"Joined the Cult","damage_taken":6,"max_hp_gain":0,"max_hp_loss":0,"event_name":"Nest","floor":27,"gold_loss":0,"cards_obtained":["RitualDagger"]},{"damage_healed":0,"gold_gain":0,"player_choice":"Max HP","damage_taken":0,"max_hp_gain":0,"max_hp_loss":5,"event_name":"Winding Halls","floor":36,"gold_loss":0},{"damage_healed":0,"gold_gain":0,"player_choice":"Ignored","damage_taken":0,"max_hp_gain":0,"max_hp_loss":0,"event_name":"Tomb of Lord Red Mask","floor":37,"gold_loss":0}],"is_beta":false,"boss_relics":[{"not_picked":["Velvet Choker","Pandora\u0027s Box"],"picked":"Cursed Key"},{"not_picked":["Mark of Pain","Lizard Tail"],"picked":"Fusion Hammer"}],"items_purged_floors":[8,53],"is_endless":false,"potions_floor_spawned":[2,7,14,16,21,35,39,40,45],"ascension_level":1}