{"gold_per_floor":[112,112,112,62,72,72,96,96,96,112,130,144,160,176,176,277,277,297,297,297,13,13,13,48,61,85,85,120,134,134,149,149,253,253,265,265,265,265,277,295,295,308,389,389,311,339,38,66,66,66],"floor_reached":51,"playtime":3860,"items_purged":["Defend_G"],"score":984,"play_id":"08bd0db5-9fd2-427d-b5a4-da628c0e9cc1","local_time":"20180917223556","is_ascension_mode":true,"campfire_choices":[{"data":"Accuracy","floor":6.0,"key":"SMITH"},{"data":"Neutralize","floor":8.0,"key":"SMITH"},{"data":"Cloak And Dagger","floor":15.0,"key":"SMITH"},{"data":"Venomology","floor":23.0,"key":"SMITH"},{"floor":27.0,"key":"REST"},{"data":"Cloak And Dagger","floor":30.0,"key":"SMITH"},{"floor":32.0,"key":"REST"},{"data":"Night Terror","floor":44.0,"key":"SMITH"},{"floor":49,"key":"REST"}],"neow_cost":"","seed_source_timestamp":0,"circlet_count":0,"master_deck":["Defend_G","Defend_G","Defend_G+1","Strike_G","Strike_G","Survivor","Neutralize+1","Accuracy+1","Cloak And Dagger","Escape Plan","Cloak And Dagger+1","Cloak And Dagger+1","Blade Dance","Deflect+1","Venomology+1","Concentrate+1","RitualDagger","Acrobatics","Accuracy+1","Backstab","Outmaneuver+1","Tactician+1","Deflect+1","Skewer+1","Night Terror+1","Masterful Stab+1","PiercingWail","Cloak And Dagger+1","Prepared","Noxious Fumes","Malaise","Caltrops","Corpse Explosion","Acrobatics"],"special_seed":0,"relics":["Ring of the Serpent","Regal Pillow","Pocketwatch","DollysMirror","Incense Burner","Blood Vial","Ginger","WristBlade","War Paint","Paper Crane","Mummified Hand","Snake Skull","Oddly Smooth Stone"],"potions_floor_usage":[46,46,50,50,50,50],"damage_taken":[{"damage":0.0,"enemies":"Small Slimes","floor":1.0,"turns":4.0},{"damage":1.0,"enemies":"Cultist","floor":5.0,"turns":5.0},{"damage":1.0,"enemies":"Jaw Worm","floor":10.0,"turns":4.0},{"damage":5.0,"enemies":"Looter","floor":11.0,"turns":4.0},{"damage":4.0,"enemies":"Exordium Wildlife","floor":12.0,"turns":4.0},{"damage":0.0,"enemies":"Exordium Thugs","floor":13.0,"turns":5.0},{"damage":3.0,"enemies":"Looter","floor":14.0,"turns":3.0},{"damage":19.0,"enemies":"Hexaghost","floor":16.0,"turns":12.0},{"damage":10.0,"enemies":"2 Thieves","floor":18.0,"turns":5.0},{"damage":28.0,"enemies":"Gremlin Leader","floor":24.0,"turns":5.0},{"damage":3.0,"enemies":"Spheric Guardian","floor":25.0,"turns":4.0},{"damage":23.0,"enemies":"Book of Stabbing","floor":28.0,"turns":7.0},{"damage":4.0,"enemies":"Centurion and Healer","floor":29.0,"turns":5.0},{"damage":16.0,"enemies":"Shelled Parasite and Fungi","floor":31.0,"turns":5.0},{"damage":9.0,"enemies":"Collector","floor":33.0,"turns":6.0},{"damage":5.0,"enemies":"3 Darklings","floor":35.0,"turns":3.0},{"damage":5.0,"enemies":"Orb Walker","floor":39.0,"turns":4.0},{"damage":9.0,"enemies":"4 Shapes","floor":40.0,"turns":4.0},{"damage":1.0,"enemies":"3 Darklings","floor":42.0,"turns":5.0},{"damage":22,"enemies":"2 Orb Walkers","floor":46,"turns":6},{"damage":4,"enemies":"Nemesis","floor":48,"turns":7},{"damage":11,"enemies":"Donu and Deca","floor":50,"turns":6}],"seed_played":"-4504003861515938881","potions_obtained":[{"floor":1.0,"key":"Fire Potion"},{"floor":13.0,"key":"EssenceOfSteel"},{"floor":14.0,"key":"EssenceOfSteel"},{"floor":24.0,"key":"GamblersBrew"},{"floor":25.0,"key":"SpeedPotion"},{"floor":33.0,"key":"Swift Potion"},{"floor":35.0,"key":"GamblersBrew"},{"floor":40.0,"key":"Swift Potion"},{"floor":46,"key":"Swift Potion"}],"is_trial":false,"path_per_floor":["M","?","?","?","M","R","T","R","T","M","M","M","M","M","R","B",null,"M","?","?","$","?","R","E","M","T","R","E","M","R","M","R","B",null,"M","?","T","?","M","M","?","M","T","R","$","E","$","E","R","B"],"character_chosen":"THE_SILENT","items_purchased":["DollysMirror","Noxious Fumes","Snake Skull","Caltrops","Corpse Explosion"],"campfire_rested":3,"item_purchase_floors":[21,45,47,47,47],"current_hp_per_floor":[63,63,56,56,55,55,55,55,55,54,49,45,45,42,42,23,58,48,42,42,42,42,42,14,11,11,47,26,24,24,10,46,39,62,59,59,59,59,56,49,49,50,50,50,50,30,30,28,64,55],"gold":66,"neow_bonus":"","is_prod":false,"is_daily":false,"chose_seed":false,"campfire_upgraded":6,"win_rate":0,"timestamp":1537248956,"path_taken":["M","?","?","?","?","R","?","R","T","M","M","M","?","M","R","BOSS","M","?","?","$","?","R","E","M","T","R","E","M","R","M","R","BOSS","M","?","?","?","M","M","?","M","T","R","$","E","?","E","R","BOSS"],"build_version":"2018-09-06","purchased_purges":1,"victory":true,"max_hp_per_floor":[70,70,70,70,70,70,70,70,70,70,70,70,70,70,70,70,70,70,70,70,70,70,70,70,70,70,70,70,70,70,70,70,70,70,70,70,70,70,70,70,70,70,70,70,70,70,70,70,70,70],"card_choices":[{"not_picked":["Dash","Calculated Gamble"],"picked":"Accuracy","floor":1.0},{"not_picked":["Slice","Predator"],"picked":"Cloak And Dagger","floor":5.0},{"not_picked":["Dagger Spray","Reflex"],"picked":"Escape Plan","floor":10.0},{"not_picked":["PiercingWail","Tactician"],"picked":"Cloak And Dagger","floor":11.0},{"not_picked":["Underhanded Strike","Prepared"],"picked":"Cloak And Dagger","floor":12.0},{"not_picked":["Choke","Distraction"],"picked":"Blade Dance","floor":13.0},{"not_picked":["Dagger Spray","Distraction"],"picked":"Deflect","floor":14.0},{"not_picked":["A Thousand Cuts","Unload"],"picked":"Venomology","floor":16.0},{"not_picked":["Dagger Spray","Poisoned Stab"],"picked":"Concentrate+1","floor":18.0},{"not_picked":["Poisoned Stab","Eviscerate+1"],"picked":"Backstab","floor":24.0},{"not_picked":["PiercingWail","Dagger Spray"],"picked":"Outmaneuver+1","floor":25.0},{"not_picked":["Deflect","Finisher+1"],"picked":"Tactician+1","floor":28.0},{"not_picked":["Dagger Spray","Slice"],"picked":"Deflect+1","floor":29.0},{"not_picked":["Predator","Underhanded Strike"],"picked":"Skewer+1","floor":31.0},{"not_picked":["Unload","Die Die Die"],"picked":"Night Terror","floor":33.0},{"not_picked":["Setup","Poisoned Stab"],"picked":"Masterful Stab+1","floor":35.0},{"not_picked":["Dagger Spray","Bane+1"],"picked":"Cloak And Dagger+1","floor":39.0},{"not_picked":["Dodge and Roll+1","Night Terror"],"picked":"Prepared","floor":40.0},{"not_picked":["Crippling Poison","Dagger Throw","Deadly Poison+1"],"picked":"SKIP","floor":42.0},{"not_picked":["Dodge and Roll","Catalyst+1"],"picked":"Malaise","floor":46},{"not_picked":["Bouncing Flask","Grand Finale"],"picked":"Acrobatics","floor":48}],"player_experience":305743,"relics_obtained":[{"floor":7.0,"key":"Regal Pillow"},{"floor":9.0,"key":"Pocketwatch"},{"floor":24.0,"key":"Incense Burner"},{"floor":26.0,"key":"Blood Vial"},{"floor":28.0,"key":"Ginger"},{"floor":37.0,"key":"War Paint"},{"floor":43.0,"key":"Paper Crane"},{"floor":46,"key":"Mummified Hand"},{"floor":48,"key":"Oddly Smooth Stone"}],"event_choices":[{"event_name":"Bonfire Elementals","player_choice":"BASIC","floor":2.0,"damage_taken":0.0},{"event_name":"Golden Wing","player_choice":"Card Removal","floor":3.0,"damage_taken":0.0},{"event_name":"The Cleric","player_choice":"Card Removal","floor":4.0,"damage_taken":0.0},{"event_name":"Nest","player_choice":"Joined the Cult","floor":19.0,"damage_taken":0.0},{"event_name":"The Library","player_choice":"Read","floor":20.0,"damage_taken":0.0},{"event_name":"Beggar","player_choice":"Ignored","floor":22.0,"damage_taken":0.0},{"event_name":"SecretPortal","player_choice":"Rejected Portal.","floor":36.0,"damage_taken":0.0},{"event_name":"Transmorgrifier","player_choice":"Transform","floor":38.0,"damage_taken":0.0},{"event_name":"Tomb of Lord Red Mask","player_choice":"Ignored","floor":41.0,"damage_taken":0.0}],"is_beta":false,"boss_relics":[{"not_picked":["Runic Pyramid","Eternal Feather"],"picked":"Ring of the Serpent"},{"not_picked":["Black Star","Runic Dome"],"picked":"WristBlade"}],"items_purged_floors":[21],"is_endless":false,"potions_floor_spawned":[1,13,14,24,25,33,35,40,46],"ascension_level":7}