{"gold_per_floor":[219,294,244,419,63,63,74,74,101,101,132,132,150,182,182,256,256,272,272,272,283,283,283,295,314,314,314,342,1,1,18,18,94,94,110,126,1125,1125,276,276,68,68,142,142,162,181,215,215,215,215],"floor_reached":51,"playtime":1893,"items_purged":["Doubt","Normality"],"score":1178,"play_id":"28b021dd-37cc-4f31-88e1-82f652904944","local_time":"20190118140518","is_ascension_mode":true,"campfire_choices":[{"data":"Dagger Spray","floor":6.0,"key":"SMITH"},{"data":"Neutralize","floor":8.0,"key":"SMITH"},{"data":"Dodge and Roll","floor":10.0,"key":"SMITH"},{"floor":15.0,"key":"REST"},{"floor":23.0,"key":"REST"},{"floor":27.0,"key":"REST"},{"floor":30.0,"key":"REST"},{"floor":32.0,"key":"REST"},{"floor":40,"key":"REST"},{"floor":42,"key":"RECALL"},{"floor":44,"key":"REST"},{"floor":49,"key":"REST"}],"neow_cost":"NONE","seed_source_timestamp":0,"circlet_count":0,"master_deck":["AscendersBane","Defend_G+1","Defend_G+1","Defend_G+1","Defend_G+1","Defend_G+1","Strike_G+1","Strike_G+1","Strike_G+1","Strike_G+1","Survivor","Neutralize+1","Deadly Poison","Cloak And Dagger+1","Dagger Spray+1","Dodge and Roll+1","Venomology","Poisoned Stab","Cloak And Dagger","Envenom","Deadly Poison","PiercingWail","Catalyst","Corpse Explosion","Footwork","Backflip","Adrenaline","Terror+1","Well Laid Plans","Footwork","Backstab","Backflip+1"],"special_seed":0,"relics":["Ring of the Snake","TwistedFunnel","Bronze Scales","Mercury Hourglass","War Paint","Fusion Hammer","Nilry\u0027s Codex","Bottled Lightning","Happy Flower","Letter Opener","WristBlade","Paper Crane","Mummified Hand","Lee\u0027s Waffle","DollysMirror","Bottled Tornado","Ornamental Fan"],"potions_floor_usage":[45,47,50,50,50],"damage_taken":[{"damage":0.0,"enemies":"2 Louse","floor":1.0,"turns":3.0},{"damage":0.0,"enemies":"Small Slimes","floor":7.0,"turns":2.0},{"damage":14.0,"enemies":"Gremlin Nob","floor":11.0,"turns":4.0},{"damage":0.0,"enemies":"Jaw Worm","floor":13.0,"turns":3.0},{"damage":12.0,"enemies":"3 Sentries","floor":14.0,"turns":4.0},{"damage":6.0,"enemies":"Hexaghost","floor":16.0,"turns":9.0},{"damage":5.0,"enemies":"Shell Parasite","floor":18.0,"turns":5.0},{"damage":0.0,"enemies":"2 Thieves","floor":21.0,"turns":3.0},{"damage":17.0,"enemies":"Colosseum Slavers","floor":22.0,"turns":4.0},{"damage":13.0,"enemies":"Sentry and Sphere","floor":24.0,"turns":6.0},{"damage":9.0,"enemies":"Cultist and Chosen","floor":25.0,"turns":5.0},{"damage":1.0,"enemies":"Gremlin Leader","floor":28.0,"turns":7.0},{"damage":4.0,"enemies":"Chosen and Byrds","floor":31.0,"turns":3.0},{"damage":48.0,"enemies":"Automaton","floor":33.0,"turns":10.0},{"damage":0,"enemies":"3 Shapes","floor":35,"turns":4},{"damage":0,"enemies":"Orb Walker","floor":36,"turns":3},{"damage":18,"enemies":"Transient","floor":45,"turns":5},{"damage":10,"enemies":"Writhing Mass","floor":46,"turns":5},{"damage":33,"enemies":"Reptomancer","floor":47,"turns":6},{"damage":17,"enemies":"Awakened One","floor":50,"turns":13}],"seed_played":"-7676912442774113620","potions_obtained":[{"floor":12.0,"key":"PowerPotion"},{"floor":12.0,"key":"PowerPotion"},{"floor":14.0,"key":"Dexterity Potion"},{"floor":21.0,"key":"Ancient Potion"},{"floor":31.0,"key":"Ancient Potion"},{"floor":47,"key":"Block Potion"}],"is_trial":false,"path_per_floor":["M","?","?","?","$","R","M","R","T","R","E","?","M","E","R","B",null,"M","?","?","M","?","R","M","M","T","R","E","$","R","M","R","B",null,"M","M","?","?","$","R","$","R","T","R","M","M","E","?","R","B",null],"character_chosen":"THE_SILENT","items_purchased":["TwistedFunnel","Cloak And Dagger","Dagger Spray","Footwork","Letter Opener","Backflip","Well Laid Plans","Paper Crane","Mummified Hand","Lee\u0027s Waffle","DollysMirror"],"campfire_rested":8,"item_purchase_floors":[5,5,5,29,29,29,39,39,39,39,41],"current_hp_per_floor":[59,48,48,48,48,48,48,48,48,48,34,34,34,22,41,35,58,53,53,37,37,20,39,26,17,17,36,35,35,54,50,66,18,54,54,54,54,54,73,73,73,73,73,73,55,45,12,12,33,16],"gold":215,"neow_bonus":"HUNDRED_GOLD","is_prod":false,"is_daily":false,"chose_seed":false,"campfire_upgraded":3,"win_rate":0,"timestamp":1547809518,"path_taken":["M","?","?","?","?","R","M","R","T","R","E","?","?","E","R","BOSS","M","?","?","M","?","R","M","M","T","R","E","$","R","M","R","BOSS","M","M","?","?","$","R","$","R","T","R","M","?","E","?","R","BOSS"],"build_version":"2019-01-17","purchased_purges":2,"victory":true,"max_hp_per_floor":[66,66,66,66,66,66,66,66,66,66,66,66,66,66,66,66,66,66,66,66,66,66,66,66,66,66,66,66,66,66,66,66,66,66,66,66,66,66,73,73,73,73,73,73,73,73,73,73,73,73],"card_choices":[{"not_picked":["Dodge and Roll","Heel Hook"],"picked":"Deadly Poison","floor":1.0},{"not_picked":["Endless Agony","Slice"],"picked":"Dodge and Roll","floor":7.0},{"not_picked":["Dagger Throw","Underhanded Strike"],"picked":"Venomology","floor":11.0},{"not_picked":["Flying Knee","Skewer"],"picked":"Poisoned Stab","floor":13.0},{"not_picked":["Eviscerate","Dagger Throw"],"picked":"Cloak And Dagger","floor":14.0},{"not_picked":["Bullet Time","Burst"],"picked":"Envenom","floor":16.0},{"not_picked":["Distraction","Flying Knee","Prepared"],"picked":"SKIP","floor":18.0},{"not_picked":["Backflip","Acrobatics"],"picked":"Deadly Poison","floor":21.0},{"not_picked":["Underhanded Strike","Outmaneuver"],"picked":"PiercingWail","floor":24.0},{"not_picked":["PiercingWail","Poisoned Stab"],"picked":"Catalyst","floor":25.0},{"not_picked":["Sucker Punch","Blur"],"picked":"Corpse Explosion","floor":28.0},{"not_picked":["Flying Knee","Distraction","Outmaneuver"],"picked":"SKIP","floor":31.0},{"not_picked":["Unload","Wraith Form v2"],"picked":"Adrenaline","floor":33.0},{"not_picked":["Calculated Gamble","Dagger Spray"],"picked":"Terror+1","floor":35},{"not_picked":["Expertise","Quick Slash","Dodge and Roll"],"picked":"SKIP","floor":36},{"not_picked":["Dagger Throw","PiercingWail"],"picked":"Backstab","floor":45},{"not_picked":["Flying Knee","Underhanded Strike"],"picked":"Backflip+1","floor":46},{"not_picked":["Quick Slash","Burst","Flying Knee"],"picked":"SKIP","floor":47}],"player_experience":695700,"relics_obtained":[{"floor":9.0,"key":"Bronze Scales"},{"floor":11.0,"key":"Mercury Hourglass"},{"floor":14.0,"key":"War Paint"},{"floor":20.0,"key":"Nilry\u0027s Codex"},{"floor":26.0,"key":"Bottled Lightning"},{"floor":28.0,"key":"Happy Flower"},{"floor":43,"key":"Bottled Tornado"},{"floor":47,"key":"Ornamental Fan"}],"event_choices":[{"damage_healed":0.0,"max_hp_gain":0.0,"max_hp_loss":0.0,"gold_gain":75.0,"event_name":"World of Goop","player_choice":"Gather Gold","floor":2.0,"gold_loss":0.0,"damage_taken":11.0},{"cards_removed":["Strike_G"],"damage_healed":0.0,"max_hp_gain":0.0,"max_hp_loss":0.0,"gold_gain":0.0,"event_name":"The Cleric","player_choice":"Card Removal","floor":3.0,"gold_loss":50.0,"damage_taken":0.0},{"damage_healed":0.0,"max_hp_gain":0.0,"max_hp_loss":0.0,"gold_gain":175.0,"event_name":"Liars Game","player_choice":"AGREE","floor":4.0,"gold_loss":0.0,"damage_taken":0.0,"cards_obtained":["Doubt"]},{"damage_healed":0.0,"max_hp_gain":0.0,"max_hp_loss":0.0,"gold_gain":0.0,"event_name":"Lab","player_choice":"Got Potions","floor":12.0,"gold_loss":0.0,"damage_taken":0.0},{"damage_healed":0.0,"max_hp_gain":0.0,"max_hp_loss":0.0,"gold_gain":0.0,"event_name":"Back to Basics","player_choice":"Simplicity","floor":19.0,"gold_loss":0.0,"damage_taken":0.0,"cards_upgraded":["Defend_G","Defend_G","Defend_G","Defend_G","Strike_G","Strike_G","Strike_G","Strike_G"]},{"damage_healed":0.0,"max_hp_gain":0.0,"max_hp_loss":0.0,"gold_gain":0.0,"event_name":"Cursed Tome","player_choice":"Obtained Book","floor":20.0,"gold_loss":0.0,"damage_taken":16.0},{"damage_healed":0.0,"max_hp_gain":0.0,"max_hp_loss":0.0,"gold_gain":0.0,"event_name":"Colosseum","player_choice":"Fight","floor":22.0,"gold_loss":0.0,"damage_taken":0.0},{"damage_healed":0.0,"max_hp_gain":0.0,"max_hp_loss":0.0,"gold_gain":0.0,"event_name":"Colosseum","player_choice":"Fled From Nobs","floor":22.0,"gold_loss":0.0,"damage_taken":0.0},{"damage_healed":0,"gold_gain":999,"player_choice":"Gold","damage_taken":0,"max_hp_gain":0,"max_hp_loss":0,"event_name":"MindBloom","floor":37,"gold_loss":0,"cards_obtained":["Normality","Normality"]},{"cards_removed":["Normality"],"damage_healed":0,"gold_gain":0,"player_choice":"Purged","damage_taken":0,"max_hp_gain":0,"max_hp_loss":0,"event_name":"Purifier","floor":38,"gold_loss":0},{"damage_healed":0,"gold_gain":0,"player_choice":"Ignored","damage_taken":0,"max_hp_gain":0,"max_hp_loss":0,"event_name":"Mysterious Sphere","floor":48,"gold_loss":0}],"is_beta":false,"boss_relics":[{"not_picked":["Tiny House","Lizard Tail"],"picked":"Fusion Hammer"},{"not_picked":["Cursed Key","Philosopher\u0027s Stone"],"picked":"WristBlade"}],"items_purged_floors":[5,39],"is_endless":false,"potions_floor_spawned":[13,14,21,25,31,36,47],"ascension_level":14}