{"gold_per_floor":[115,133,87,147,161,189,189,364,364,364,27,86,101,113,113,211,211],"floor_reached":17,"playtime":396,"items_purged":["Doubt"],"score":155,"play_id":"b59c8ed2-b5e6-499f-bf48-82de2cff5e13","local_time":"20181206031507","is_ascension_mode":false,"campfire_choices":[{"data":"Uppercut","floor":7,"key":"SMITH"},{"data":"True Grit","floor":10,"key":"SMITH"},{"floor":15,"key":"REST"}],"neow_cost":"NONE","seed_source_timestamp":56264677437494,"circlet_count":0,"master_deck":["Strike_R","Strike_R","Strike_R","Strike_R","Strike_R","Defend_R","Defend_R","Defend_R","Defend_R","Bash","Wild Strike","Uppercut+1","Pommel Strike","True Grit+1","Battle Trance","Flame Barrier","Reaper"],"relics":["Mark of Pain","Bottled Lightning","Letter Opener","Paper Frog","Dodecahedron","Sozu"],"potions_floor_usage":[16],"damage_taken":[{"damage":5,"enemies":"Cultist","floor":1,"turns":4},{"damage":2,"enemies":"Small Slimes","floor":2,"turns":3},{"damage":0,"enemies":"2 Louse","floor":5,"turns":2},{"damage":14,"enemies":"Lagavulin","floor":6,"turns":5},{"damage":13,"enemies":"Lagavulin Event","floor":12,"turns":3},{"damage":9,"enemies":"Exordium Wildlife","floor":13,"turns":4},{"damage":0,"enemies":"Large Slime","floor":14,"turns":4},{"damage":48,"enemies":"Slime Boss","floor":16,"turns":13}],"seed_played":"-2570999616990596150","potions_obtained":[{"floor":1,"key":"SpeedPotion"},{"floor":14,"key":"Fire Potion"},{"floor":16,"key":"Fruit Juice"}],"is_trial":false,"path_per_floor":["M","M","$","?","M","E","R","?","T","R","$","?","M","M","R","B",null],"character_chosen":"IRONCLAD","items_purchased":["Pommel Strike","Paper Frog"],"campfire_rested":1,"item_purchase_floors":[3,11],"current_hp_per_floor":[75,73,73,73,73,59,59,59,59,59,59,46,37,37,61,13,80],"gold":211,"neow_bonus":"BOSS_RELIC","is_prod":false,"is_daily":false,"chose_seed":false,"campfire_upgraded":2,"win_rate":0,"timestamp":1544055307,"path_taken":["M","M","$","?","M","E","R","?","T","R","$","?","M","M","R","BOSS"],"build_version":"2018-11-15","purchased_purges":1,"victory":false,"max_hp_per_floor":[80,80,80,80,80,80,80,80,80,80,80,80,80,80,80,80,80],"card_choices":[{"not_picked":["Hemokinesis","Reckless Charge"],"picked":"Wild Strike","floor":1},{"not_picked":["Anger","Corruption"],"picked":"Uppercut","floor":2},{"not_picked":["Uppercut","Armaments"],"picked":"True Grit","floor":5},{"not_picked":["Sever Soul","Intimidate"],"picked":"Battle Trance","floor":6},{"not_picked":["Sword Boomerang","Clash"],"picked":"Flame Barrier","floor":13},{"not_picked":["Armaments","Uppercut","Reckless Charge"],"picked":"SKIP","floor":14},{"not_picked":["Juggernaut","Offering"],"picked":"Reaper","floor":16}],"player_experience":569304,"relics_obtained":[{"floor":6,"key":"Bottled Lightning"},{"floor":9,"key":"Letter Opener"},{"floor":12,"key":"Dodecahedron"}],"event_choices":[{"damage_healed":0,"gold_gain":60,"player_choice":"Gained Gold","damage_taken":0,"max_hp_gain":0,"max_hp_loss":0,"event_name":"Golden Wing","floor":4,"gold_loss":0},{"damage_healed":0,"gold_gain":175,"player_choice":"AGREE","damage_taken":0,"max_hp_gain":0,"max_hp_loss":0,"event_name":"Liars Game","floor":8,"gold_loss":0,"cards_obtained":["Doubt"]},{"damage_healed":0,"gold_gain":30,"player_choice":"Searched \u00273\u0027 times","damage_taken":0,"max_hp_gain":0,"max_hp_loss":0,"event_name":"Dead Adventurer","floor":12,"gold_loss":0}],"is_beta":false,"boss_relics":[{"not_picked":["Calling Bell","Tiny House"],"picked":"Sozu"}],"items_purged_floors":[11],"is_endless":false,"potions_floor_spawned":[1,14,16],"ascension_level":0}