{"gold_per_floor":[115,129,140,415,429,429,23,23,49,49,26,26,52,73,73,170,170,183,195,207,36,36,36,67,67,91,37,37,37,37,2,2,101,101,111,111,111,125,144,144,244,244,244,244,264,289,58,68,68,68],"floor_reached":51,"playtime":1848,"items_purged":["Regret","Defend_B"],"score":1217,"play_id":"54257157-c0ac-4314-a733-54877d576a30","local_time":"20181231014003","is_ascension_mode":true,"campfire_choices":[{"data":"Zap","floor":6.0,"key":"SMITH"},{"floor":8.0,"key":"REST"},{"data":"Defragment","floor":10.0,"key":"SMITH"},{"data":"Glacier","floor":12.0,"key":"SMITH"},{"data":"Coolheaded","floor":15.0,"key":"SMITH"},{"floor":23,"key":"REST"},{"floor":25,"key":"REST"},{"floor":28,"key":"REST"},{"floor":32,"key":"REST"},{"floor":40,"key":"REST"},{"data":"Defragment","floor":42,"key":"SMITH"},{"data":"Capacitor","floor":44,"key":"SMITH"},{"floor":49,"key":"REST"}],"neow_cost":"NONE","seed_source_timestamp":17828111666312,"circlet_count":0,"master_deck":["AscendersBane","Strike_B+1","Strike_B+1","Defend_B","Defend_B","Defend_B","Zap+1","Dualcast","Blind","Capacitor+1","Coolheaded+1","FTL","Defragment+1","Glacier+1","Ball Lightning","Seek","Compile Driver","Barrage","Thunder Strike","Bandage Up","Chill","Cold Snap","Redo","FTL","Defragment+1","Buffer","BootSequence+1","Sweeping Beam+1","Coolheaded","Echo Form","Parasite","Doom and Gloom","Glacier","Darkness+1","Hologram","Ball Lightning"],"special_seed":0,"relics":["Cracked Core","Runic Capacitor","DataDisk","Whetstone","Odd Mushroom","Philosopher\u0027s Stone","Ornamental Fan","Potion Belt","Orrery","StoneCalendar","Question Card","Du-Vu Doll"],"potions_floor_usage":[24,48,50,50,50],"damage_taken":[{"damage":1.0,"enemies":"2 Louse","floor":1.0,"turns":2.0},{"damage":0.0,"enemies":"Cultist","floor":2.0,"turns":3.0},{"damage":9.0,"enemies":"Jaw Worm","floor":3.0,"turns":4.0},{"damage":21.0,"enemies":"3 Louse","floor":5.0,"turns":3.0},{"damage":7.0,"enemies":"Lagavulin","floor":13.0,"turns":7.0},{"damage":19.0,"enemies":"The Mushroom Lair","floor":14.0,"turns":4.0},{"damage":32.0,"enemies":"Slime Boss","floor":16.0,"turns":9.0},{"damage":8,"enemies":"Chosen","floor":18,"turns":5},{"damage":30,"enemies":"3 Byrds","floor":19,"turns":5},{"damage":15,"enemies":"Cultist and Chosen","floor":20,"turns":6},{"damage":28,"enemies":"Gremlin Leader","floor":24,"turns":6},{"damage":28,"enemies":"Colosseum Slavers","floor":30,"turns":4},{"damage":13,"enemies":"Automaton","floor":33,"turns":10},{"damage":0,"enemies":"Orb Walker","floor":35,"turns":5},{"damage":44,"enemies":"3 Darklings","floor":38,"turns":8},{"damage":2,"enemies":"Writhing Mass","floor":39,"turns":11},{"damage":0,"enemies":"Mind Bloom Boss Battle","floor":41,"turns":9},{"damage":19,"enemies":"Transient","floor":45,"turns":5},{"damage":25,"enemies":"Nemesis","floor":46,"turns":7},{"damage":19,"enemies":"Spire Growth","floor":48,"turns":5},{"damage":0,"enemies":"Donu and Deca","floor":50,"turns":9}],"seed_played":"-3538500562514496006","potions_obtained":[{"floor":14.0,"key":"Dexterity Potion"},{"floor":16.0,"key":"FearPotion"},{"floor":33,"key":"Fire Potion"},{"floor":35,"key":"Swift Potion"},{"floor":37,"key":"SteroidPotion"},{"floor":37,"key":"LiquidBronze"}],"is_trial":false,"path_per_floor":["M","M","M","?","M","R","$","R","T","R","$","R","E","?","R","B",null,"M","M","M","$","?","R","E","R","T","$","R","?","?","$","R","B",null,"M","$","?","M","M","R","?","R","T","R","M","E","$","M","R","B",null],"character_chosen":"DEFECT","items_purchased":["Defragment","Runic Capacitor","Fruit Juice","Glacier","Ball Lightning","Bandage Up","Cold Snap","Defragment","FocusPotion","Hologram"],"campfire_rested":7,"item_purchase_floors":[7,7,7,7,11,21,27,31,47,47],"current_hp_per_floor":[67,67,58,58,37,37,37,59,59,59,59,59,52,33,33,6,62,54,24,9,9,9,33,9,33,33,33,57,57,29,29,53,44,71,75,75,75,35,41,65,69,69,69,69,54,37,37,26,50,54],"gold":68,"neow_bonus":"RANDOM_COLORLESS","is_prod":false,"is_daily":false,"chose_seed":false,"campfire_upgraded":6,"win_rate":0,"timestamp":1546209603,"path_taken":["M","M","M","?","?","R","$","R","T","R","?","R","E","?","R","BOSS","M","M","M","$","?","R","E","R","T","$","R","?","?","$","R","BOSS","M","$","?","?","M","R","?","R","T","R","M","E","$","M","R","BOSS"],"build_version":"2018-12-20","purchased_purges":2,"victory":true,"max_hp_per_floor":[75,75,75,75,75,75,75,75,75,75,75,75,75,75,75,80,80,80,80,80,80,80,80,80,80,80,80,80,80,80,80,80,80,80,80,80,80,80,80,80,80,80,80,80,80,80,80,80,80,80],"card_choices":[{"not_picked":["Hologram","Rebound"],"picked":"Capacitor","floor":1.0},{"not_picked":["Rebound","Beam Cell","Stack"],"picked":"SKIP","floor":2.0},{"not_picked":["Compile Driver","Steam Power"],"picked":"Coolheaded","floor":3.0},{"not_picked":["Barrage","Hologram"],"picked":"FTL","floor":5.0},{"not_picked":["Beam Cell","Rebound","Undo"],"picked":"SKIP","floor":13.0},{"not_picked":["Amplify","Multi-Cast"],"picked":"Seek","floor":16.0},{"not_picked":["Redo","Rebound+1","Compile Driver"],"picked":"SKIP","floor":18},{"not_picked":["Redo","Rebound+1"],"picked":"Compile Driver","floor":18},{"not_picked":["Glacier","Redo"],"picked":"Barrage","floor":19},{"not_picked":["Hologram","Gash"],"picked":"Thunder Strike","floor":20},{"not_picked":["Redo","Sunder+1"],"picked":"Chill","floor":24},{"not_picked":["Machine Learning","Seek"],"picked":"Buffer","floor":33},{"not_picked":["Turbo+1","Gash"],"picked":"BootSequence+1","floor":34},{"not_picked":["Hologram","Lockon"],"picked":"Sweeping Beam+1","floor":34},{"not_picked":["Beam Cell+1","Turbo"],"picked":"Coolheaded","floor":34},{"not_picked":["Rebound","Go for the Eyes+1","Stack+1"],"picked":"SKIP","floor":35},{"not_picked":["Lockon","Beam Cell"],"picked":"Echo Form","floor":38},{"not_picked":["Auto Shields","Redo"],"picked":"Doom and Gloom","floor":39},{"not_picked":["Leap+1","Gash","Conserve Battery"],"picked":"Glacier","floor":45},{"not_picked":["Conserve Battery","Recycle+1","Steam Power"],"picked":"Darkness+1","floor":46},{"not_picked":["Cold Snap","Leap","Reinforced Body"],"picked":"Ball Lightning","floor":48}],"player_experience":629203,"relics_obtained":[{"floor":9.0,"key":"DataDisk"},{"floor":13.0,"key":"Whetstone"},{"floor":14.0,"key":"Odd Mushroom"},{"floor":24,"key":"Ornamental Fan"},{"floor":26,"key":"Potion Belt"},{"floor":41,"key":"StoneCalendar"},{"floor":43,"key":"Question Card"},{"floor":46,"key":"Du-Vu Doll"}],"event_choices":[{"damage_healed":0.0,"max_hp_gain":0.0,"max_hp_loss":0.0,"gold_gain":275.0,"event_name":"Golden Shrine","player_choice":"Desecrate","floor":4.0,"gold_loss":0.0,"damage_taken":0.0,"cards_obtained":["Regret"]},{"damage_healed":0.0,"max_hp_gain":0.0,"max_hp_loss":0.0,"gold_gain":0.0,"event_name":"Mushrooms","player_choice":"Fought Mushrooms","floor":14.0,"gold_loss":0.0,"damage_taken":0.0},{"damage_healed":0,"gold_gain":0,"player_choice":"Ignored","damage_taken":0,"max_hp_gain":0,"max_hp_loss":0,"event_name":"Cursed Tome","floor":22,"gold_loss":0},{"damage_healed":0,"gold_gain":0,"cards_transformed":["Strike_B","Strike_B"],"player_choice":"Became Test Subject","damage_taken":0,"max_hp_gain":0,"max_hp_loss":0,"event_name":"Drug Dealer","floor":29,"gold_loss":0,"cards_obtained":["Redo","FTL"]},{"damage_healed":0,"gold_gain":0,"player_choice":"Fight","damage_taken":0,"max_hp_gain":0,"max_hp_loss":0,"event_name":"Colosseum","floor":30,"gold_loss":0},{"damage_healed":0,"gold_gain":0,"player_choice":"Fled From Nobs","damage_taken":0,"max_hp_gain":0,"max_hp_loss":0,"event_name":"Colosseum","floor":30,"gold_loss":0},{"damage_healed":0,"gold_gain":0,"player_choice":"Got Potions","damage_taken":0,"max_hp_gain":0,"max_hp_loss":0,"event_name":"Lab","floor":37,"gold_loss":0},{"damage_healed":0,"gold_gain":0,"player_choice":"Fight","damage_taken":0,"max_hp_gain":0,"max_hp_loss":0,"event_name":"MindBloom","floor":41,"gold_loss":0}],"is_beta":false,"boss_relics":[{"not_picked":["Calling Bell","Pandora\u0027s Box"],"picked":"Philosopher\u0027s Stone"},{"not_picked":["Busted Crown","Inserter"],"picked":"Orrery"}],"items_purged_floors":[21,47],"is_endless":false,"potions_floor_spawned":[14,16,18,30,33,35,39,46],"ascension_level":12}