{"gold_per_floor":[117,130,56,131,147,147,180,180,180,199,100,100],"floor_reached":12,"playtime":206,"items_purged":["Strike_B"],"score":129,"play_id":"6364862c-6a95-4bd4-840b-acc658f601f6","local_time":"20190101024318","is_ascension_mode":true,"campfire_choices":[{"data":"Zap","floor":6,"key":"SMITH"},{"floor":8,"key":"REST"}],"neow_cost":"NONE","seed_source_timestamp":45606875064035,"circlet_count":0,"master_deck":["AscendersBane","Strike_B","Strike_B","Strike_B","Defend_B","Defend_B","Defend_B","Defend_B","Zap+1","Dualcast","Blizzard","Chill","Darkness","Conserve Battery","Melter","Leap"],"special_seed":0,"relics":["Cracked Core","NeowsBlessing","Girya","Prayer Wheel"],"potions_floor_usage":[12],"damage_taken":[{"damage":0.0,"enemies":"Jaw Worm","floor":1.0,"turns":1.0},{"damage":0.0,"enemies":"Cultist","floor":2.0,"turns":1.0},{"damage":0,"enemies":"Small Slimes","floor":5,"turns":1},{"damage":33,"enemies":"Lagavulin","floor":7,"turns":7},{"damage":7,"enemies":"Blue Slaver","floor":10,"turns":3},{"damage":50,"enemies":"Gremlin Nob","floor":12,"turns":5}],"seed_played":"4353923714170961916","potions_obtained":[{"floor":1.0,"key":"EssenceOfSteel"},{"floor":7,"key":"Weak Potion"}],"is_trial":false,"path_per_floor":["M","M","$","?","M","R","E","R","T","M","$","E"],"character_chosen":"DEFECT","items_purchased":["Chill","Leap"],"campfire_rested":1,"item_purchase_floors":[3,11],"current_hp_per_floor":[68,68,68,61,61,61,28,50,50,43,43,0],"gold":100,"neow_bonus":"THREE_ENEMY_KILL","is_prod":false,"is_daily":false,"chose_seed":false,"campfire_upgraded":1,"win_rate":0,"timestamp":1546299798,"path_taken":["M","M","$","?","M","R","E","R","T","M","$","E"],"build_version":"2018-12-20","purchased_purges":1,"victory":false,"max_hp_per_floor":[75,75,75,75,75,75,75,75,75,75,75,75],"card_choices":[{"not_picked":["Leap","Hologram"],"picked":"Blizzard","floor":1.0},{"not_picked":["Rebound","Reboot","Hello World"],"picked":"SKIP","floor":2.0},{"not_picked":["Storm","Barrage"],"picked":"Darkness","floor":5},{"not_picked":["Consume","Reprogram","Go for the Eyes"],"picked":"SKIP","floor":7},{"not_picked":["Leap","Rebound"],"picked":"Conserve Battery","floor":10},{"not_picked":["Hologram","Redo"],"picked":"Melter","floor":10}],"player_experience":631051,"relics_obtained":[{"floor":7,"key":"Girya"},{"floor":9,"key":"Prayer Wheel"}],"event_choices":[{"damage_healed":0,"gold_gain":75,"player_choice":"Touch","damage_taken":7,"max_hp_gain":0,"max_hp_loss":0,"event_name":"FaceTrader","floor":4,"gold_loss":0}],"is_beta":false,"boss_relics":[],"items_purged_floors":[11],"is_endless":false,"potions_floor_spawned":[1,7],"killed_by":"Gremlin Nob","ascension_level":13}