{"gold_per_floor":[112,41,41,57,77,77,112,124,160,347,35,45,58,89,89,89],"floor_reached":16,"playtime":934,"items_purged":["Strike_G"],"score":176,"play_id":"be104a97-3a06-4fed-b2bb-b2eeb36a6d7f","local_time":"20180903233052","is_ascension_mode":true,"campfire_choices":[{"data":"Footwork","floor":6.0,"key":"SMITH"},{"floor":8.0,"key":"REST"},{"floor":15.0,"key":"REST"}],"neow_cost":"TEN_PERCENT_HP_LOSS","seed_source_timestamp":0,"circlet_count":0,"master_deck":["Defend_G","Defend_G","Defend_G","Defend_G","Defend_G","Strike_G","Strike_G","Strike_G","Strike_G","Survivor","Neutralize","Well Laid Plans","Footwork+1","Infinite Blades","Doubt","Backstab","Acrobatics","Cloak And Dagger"],"special_seed":0,"relics":["Ring of the Snake","Sundial","MawBank","Dream Catcher","Mummified Hand","Bottled Flame"],"potions_floor_usage":[16],"damage_taken":[{"damage":5.0,"enemies":"Cultist","floor":1.0,"turns":5.0},{"damage":0.0,"enemies":"Jaw Worm","floor":4.0,"turns":5.0},{"damage":2.0,"enemies":"Small Slimes","floor":5.0,"turns":4.0},{"damage":52.0,"enemies":"Lagavulin","floor":7.0,"turns":13.0},{"damage":3.0,"enemies":"Blue Slaver","floor":12.0,"turns":5.0},{"damage":15.0,"enemies":"Exordium Wildlife","floor":13.0,"turns":10.0},{"damage":0.0,"enemies":"3 Sentries","floor":14.0,"turns":11.0},{"damage":26,"enemies":"Slime Boss","floor":16,"turns":8}],"seed_played":"-3713559882920320006","potions_obtained":[{"floor":5.0,"key":"SpeedPotion"},{"floor":7.0,"key":"Weak Potion"},{"floor":12.0,"key":"Dexterity Potion"},{"floor":13.0,"key":"SpeedPotion"}],"is_trial":false,"path_per_floor":["M","$","?","M","M","R","E","R","T","?","$","M","M","E","R"],"character_chosen":"THE_SILENT","items_purchased":["Footwork","Mummified Hand"],"campfire_rested":2,"item_purchase_floors":[2,11],"current_hp_per_floor":[58,58,58,58,56,56,4,22,22,22,22,19,4,4,22,0],"gold":89,"neow_bonus":"ONE_RARE_RELIC","is_prod":false,"is_daily":false,"chose_seed":false,"campfire_upgraded":1,"win_rate":0,"timestamp":1536042652,"path_taken":["M","?","?","M","?","R","E","R","T","?","$","M","M","E","R","BOSS"],"build_version":"2018-08-30","purchased_purges":1,"victory":false,"max_hp_per_floor":[63,63,63,63,63,63,63,63,63,63,63,63,63,63,63,63],"card_choices":[{"not_picked":["Flying Knee","Riddle With Holes"],"picked":"Well Laid Plans","floor":1.0},{"not_picked":["Poisoned Stab","Flechettes","Heel Hook"],"picked":"SKIP","floor":4.0},{"not_picked":["Flying Knee","Prepared","Blade Dance"],"picked":"SKIP","floor":5.0},{"not_picked":["Endless Agony","Doppelganger"],"picked":"Infinite Blades","floor":7.0},{"not_picked":["Crippling Poison","Dagger Spray","Prepared"],"picked":"SKIP","floor":12.0},{"not_picked":["Caltrops","Outmaneuver"],"picked":"Backstab","floor":13.0},{"not_picked":["Poisoned Stab","Distraction"],"picked":"Acrobatics","floor":14.0},{"not_picked":["PiercingWail","Setup"],"picked":"Cloak And Dagger","floor":15.0}],"player_experience":251039,"relics_obtained":[{"floor":7.0,"key":"MawBank"},{"floor":9.0,"key":"Dream Catcher"},{"floor":14.0,"key":"Bottled Flame"}],"event_choices":[{"event_name":"The Cleric","player_choice":"Leave","floor":3.0,"damage_taken":0.0},{"event_name":"Liars Game","player_choice":"agreed","floor":10.0,"damage_taken":0.0}],"is_beta":false,"boss_relics":[],"items_purged_floors":[11],"is_endless":false,"potions_floor_spawned":[5,7,12,13],"killed_by":"Slime Boss","ascension_level":6}