{"gold_per_floor":[112,112,112,112,130,130,163,163,213,232,259,269,279,279,279,279],"floor_reached":16,"playtime":692,"items_purged":[],"score":100,"play_id":"9ee79aee-e37a-4581-8e22-1d4f124affa4","local_time":"20190104193439","is_ascension_mode":false,"campfire_choices":[{"data":"Infinite Blades","floor":6.0,"key":"SMITH"},{"floor":15.0,"key":"REST"}],"neow_cost":"NONE","seed_source_timestamp":98966553908811,"circlet_count":0,"master_deck":["Defend_G","Defend_G+1","Defend_G+1","Defend_G","Defend_G","Strike_G","Strike_G","Strike_G","Strike_G","Survivor","Neutralize","All Out Attack","Skewer","Eviscerate","Storm of Steel","Outmaneuver","Infinite Blades+1","Calculated Gamble","Reflex","Noxious Fumes","Calculated Gamble","Caltrops"],"special_seed":0,"relics":["Orrery"],"potions_floor_usage":[],"damage_taken":[{"damage":8.0,"enemies":"Jaw Worm","floor":1.0,"turns":5.0},{"damage":8.0,"enemies":"Small Slimes","floor":5.0,"turns":3.0},{"damage":32.0,"enemies":"Gremlin Nob","floor":7.0,"turns":6.0},{"damage":0.0,"enemies":"2 Louse","floor":10.0,"turns":3.0},{"damage":0.0,"enemies":"Blue Slaver","floor":12.0,"turns":3.0},{"damage":5.0,"enemies":"Large Slime","floor":13.0,"turns":7.0},{"damage":24,"enemies":"Hexaghost","floor":16,"turns":9}],"seed_played":"-623203427064366762","potions_obtained":[{"floor":1.0,"key":"Ancient Potion"},{"floor":10.0,"key":"Block Potion"}],"is_trial":false,"path_per_floor":["M","?","?","?","M","R","E","?","T","M","T","M","M","?","R","B"],"character_chosen":"THE_SILENT","items_purchased":[],"campfire_rested":1,"item_purchase_floors":[],"current_hp_per_floor":[62,62,55,41,33,33,1,6,6,6,6,6,1,1,23,0],"gold":279,"neow_bonus":"BOSS_RELIC","is_prod":false,"is_daily":false,"chose_seed":false,"campfire_upgraded":1,"win_rate":0,"timestamp":1546659279,"path_taken":["M","?","?","?","M","R","E","?","T","M","?","?","M","?","R","BOSS"],"build_version":"2019-01-03v4","purchased_purges":0,"victory":false,"max_hp_per_floor":[70,70,70,70,70,70,70,75,75,75,75,75,75,75,75,75],"card_choices":[{"not_picked":["Setup","Blade Dance"],"picked":"All Out Attack","floor":0.0},{"not_picked":["Bane","Poisoned Stab"],"picked":"Skewer","floor":0.0},{"not_picked":["Caltrops","Quick Slash"],"picked":"Eviscerate","floor":0.0},{"not_picked":["Prepared","Deflect"],"picked":"Storm of Steel","floor":0.0},{"not_picked":["Deadly Poison","Sucker Punch"],"picked":"Outmaneuver","floor":0.0},{"not_picked":["Outmaneuver","Predator"],"picked":"Infinite Blades","floor":1.0},{"not_picked":["PiercingWail","Acrobatics"],"picked":"Calculated Gamble","floor":5.0},{"not_picked":["Prepared","Endless Agony"],"picked":"Reflex","floor":7.0},{"not_picked":["Backstab","Dagger Throw"],"picked":"Noxious Fumes","floor":10.0},{"not_picked":["Riddle With Holes","Poisoned Stab"],"picked":"Calculated Gamble","floor":12.0},{"not_picked":["Catalyst","Quick Slash"],"picked":"Caltrops","floor":13.0}],"player_experience":540122,"relics_obtained":[],"event_choices":[{"damage_healed":0.0,"max_hp_gain":0.0,"max_hp_loss":0.0,"gold_gain":0.0,"event_name":"Golden Idol","player_choice":"Ignored","floor":2.0,"gold_loss":0.0,"damage_taken":0.0},{"cards_removed":["Strike_G"],"damage_healed":0.0,"max_hp_gain":0.0,"max_hp_loss":0.0,"gold_gain":0.0,"event_name":"Golden Wing","player_choice":"Card Removal","floor":3.0,"gold_loss":0.0,"damage_taken":7.0},{"damage_healed":0.0,"max_hp_gain":0.0,"max_hp_loss":0.0,"gold_gain":0.0,"event_name":"Shining Light","player_choice":"Entered Light","floor":4.0,"gold_loss":0.0,"damage_taken":14.0,"cards_upgraded":["Defend_G","Defend_G"]},{"damage_healed":0.0,"max_hp_gain":5.0,"max_hp_loss":0.0,"gold_gain":0.0,"event_name":"Big Fish","player_choice":"Donut","floor":8.0,"gold_loss":0.0,"damage_taken":0.0},{"damage_healed":0.0,"max_hp_gain":0.0,"max_hp_loss":0.0,"gold_gain":0.0,"event_name":"Dead Adventurer","player_choice":"Searched \u00270\u0027 times","floor":14.0,"gold_loss":0.0,"damage_taken":0.0}],"is_beta":false,"boss_relics":[],"items_purged_floors":[],"is_endless":false,"potions_floor_spawned":[1,10],"killed_by":"Hexaghost","ascension_level":0}