{"gold_per_floor":[369,2,16,32,32,32,61,61,61,73,87,120,184,197,197,292,292,306,306,319,373,373,373,399,419,442,357,382,382,413,423,423,519,519,535,550,565,2,21,53,53,66,117,117,171,171,204,220,220,220],"floor_reached":51,"playtime":3905,"items_purged":[],"score":877,"play_id":"51b008db-9f3a-4400-9cb3-8543f174fb6d","local_time":"20180729085039","is_ascension_mode":false,"campfire_choices":[{"data":"Dualcast","floor":6,"key":"SMITH"},{"data":"Zap","floor":8,"key":"SMITH"},{"floor":15,"key":"REST"},{"data":"White Noise","floor":23,"key":"SMITH"},{"floor":29,"key":"REST"},{"floor":32,"key":"REST"},{"data":"Creative AI","floor":44,"key":"SMITH"},{"data":"Defragment","floor":46,"key":"SMITH"},{"data":"Echo Form","floor":49,"key":"SMITH"}],"neow_cost":"TEN_PERCENT_HP_LOSS","seed_source_timestamp":110299308938844,"circlet_count":0,"master_deck":["Zap+1","Dualcast+1","Leap","Go for the Eyes","Beam Cell","Conserve Battery","Barrage","Gash","Streamline","Defragment+1","Genetic Algorithm","Conserve Battery","Echo Form","Ball Lightning","Gash","Creative AI+1","Stack","Go for the Eyes","Force Field","Storm","Gash","Ball Lightning","Doom and Gloom+1","White Noise+1","Ball Lightning+1","Steam+1","Heatsinks+1","BootSequence+1","Fission","Coolheaded","Glacier","Tempest+1","Blizzard","All For One","Genetic Algorithm+1","Conserve Battery","Darkness+1","Redo+1","Sunder+1","Redo+1","Steam","Coolheaded","Blizzard+1","Amplify","Conserve Battery+1","Aggregate","Echo Form+1","Reinforced Body","BootSequence+1","Redo+1","Streamline+1","Turbo"],"relics":["Cracked Core","Tiny Chest","OrangePellets","Prayer Wheel","Bird Faced Urn","Anchor","Pandora\u0027s Box","Potion Belt","Letter Opener","Happy Flower","Orichalcum","Gambling Chip","Ancient Tea Set","White Beast Statue","Bottled Lightning","Pantograph","Question Card","Thread and Needle","Strawberry","Calipers","Molten Egg 2"],"potions_floor_usage":[7,16,28,28,31,33,40,41,45,50,50,50,50,50],"damage_taken":[{"damage":1,"enemies":"Cultist","floor":1,"turns":3},{"damage":4,"enemies":"Jaw Worm","floor":3,"turns":3},{"damage":0,"enemies":"2 Louse","floor":4,"turns":2},{"damage":22,"enemies":"Lagavulin","floor":7,"turns":8},{"damage":2,"enemies":"Looter","floor":10,"turns":3},{"damage":0,"enemies":"Large Slime","floor":11,"turns":4},{"damage":10,"enemies":"3 Sentries","floor":12,"turns":5},{"damage":9,"enemies":"Exordium Thugs","floor":14,"turns":5},{"damage":15,"enemies":"Hexaghost","floor":16,"turns":9},{"damage":35,"enemies":"3 Byrds","floor":18,"turns":5},{"damage":18,"enemies":"Spheric Guardian","floor":20,"turns":4},{"damage":16,"enemies":"Book of Stabbing","floor":24,"turns":5},{"damage":35,"enemies":"3 Cultists","floor":25,"turns":6},{"damage":18,"enemies":"Slavers","floor":28,"turns":3},{"damage":27,"enemies":"Book of Stabbing","floor":30,"turns":6},{"damage":1,"enemies":"Snecko","floor":31,"turns":5},{"damage":40,"enemies":"Champ","floor":33,"turns":10},{"damage":17,"enemies":"3 Darklings","floor":35,"turns":6},{"damage":25,"enemies":"Flame Bruiser 1 Orb","floor":36,"turns":6},{"damage":0,"enemies":"Sphere and 2 Shapes","floor":37,"turns":7},{"damage":18,"enemies":"3 Darklings","floor":39,"turns":5},{"damage":42,"enemies":"2 Orb Walkers","floor":40,"turns":5},{"damage":0,"floor":41,"turns":4},{"damage":16,"enemies":"4 Shapes","floor":42,"turns":3},{"damage":16,"floor":45,"turns":6},{"damage":0,"enemies":"Nemesis","floor":47,"turns":6},{"damage":0,"enemies":"Maw","floor":48,"turns":9},{"damage":59,"enemies":"Time Eater","floor":50,"turns":8}],"seed_played":"6149570529968261344","potions_obtained":[{"floor":1,"key":"Energy Potion"},{"floor":3,"key":"SpeedPotion"},{"floor":11,"key":"LiquidBronze"},{"floor":25,"key":"Swift Potion"},{"floor":30,"key":"Ancient Potion"},{"floor":31,"key":"Swift Potion"},{"floor":35,"key":"Dexterity Potion"},{"floor":36,"key":"FocusPotion"},{"floor":37,"key":"Explosive Potion"},{"floor":39,"key":"GamblersBrew"},{"floor":40,"key":"Dexterity Potion"},{"floor":41,"key":"FocusPotion"},{"floor":42,"key":"Poison Potion"},{"floor":45,"key":"Strength Potion"},{"floor":47,"key":"Ancient Potion"},{"floor":48,"key":"Fire Potion"}],"is_trial":false,"path_per_floor":["M","$","M","M","?","R","E","R","T","M","M","E","?","M","R","B",null,"M","?","M","T","?","R","E","M","T","?","E","R","E","M","R","B",null,"M","M","M","$","M","E","?","M","T","R","?","R","E","M","R","B"],"character_chosen":"DEFECT","items_purchased":["Tiny Chest","OrangePellets","Go for the Eyes","Steam","Bottled Lightning","Pantograph","Coolheaded"],"campfire_rested":3,"item_purchase_floors":[2,2,2,38,38,38,38],"current_hp_per_floor":[67,67,63,63,63,63,41,41,41,39,41,33,33,26,46,37,68,47,47,39,39,39,39,43,16,16,16,6,26,15,22,42,18,68,60,51,66,66,52,16,51,41,48,48,44,44,62,75,75,22],"gold":220,"neow_bonus":"TWO_FIFTY_GOLD","is_prod":false,"is_daily":false,"chose_seed":false,"campfire_upgraded":6,"win_rate":0.0,"timestamp":1532847039,"path_taken":["M","$","?","M","?","R","E","R","T","M","M","E","?","M","R","BOSS","M","?","?","?","?","R","E","M","T","?","E","R","E","M","R","BOSS","M","?","M","$","M","E","?","M","T","R","?","R","E","M","R","BOSS"],"build_version":"2018-07-26","purchased_purges":0,"victory":true,"max_hp_per_floor":[68,68,68,68,68,68,68,68,68,68,68,68,68,68,68,68,68,68,68,68,68,68,68,68,68,68,68,68,68,68,68,68,68,68,68,68,68,68,68,68,68,68,75,75,75,75,75,75,75,75],"card_choices":[{"not_picked":["Stack","Go for the Eyes"],"picked":"Leap","floor":1},{"not_picked":["Rebound","Turbo"],"picked":"Beam Cell","floor":3},{"not_picked":["Undo","Barrage"],"picked":"Conserve Battery","floor":4},{"not_picked":["Skim","Steam"],"picked":"Gash","floor":7},{"not_picked":["Fusion","Rip and Tear"],"picked":"Streamline","floor":10},{"not_picked":["Turbo","Steam"],"picked":"Defragment","floor":10},{"not_picked":["Doom and Gloom","Coolheaded"],"picked":"Genetic Algorithm","floor":11},{"not_picked":["Barrage","Hologram"],"picked":"Conserve Battery","floor":11},{"not_picked":["Compile Driver","Chill"],"picked":"Echo Form","floor":12},{"not_picked":["Beam Cell","Hologram"],"picked":"Ball Lightning","floor":14},{"not_picked":["Sweeping Beam","Lockon"],"picked":"Gash","floor":14},{"not_picked":["Reboot","Thunder Strike"],"picked":"Creative AI","floor":16},{"not_picked":["Leap","Sweeping Beam"],"picked":"Doom and Gloom+1","floor":18},{"not_picked":["Redo","Sweeping Beam"],"picked":"White Noise","floor":18},{"not_picked":["White Noise","Barrage"],"picked":"Ball Lightning+1","floor":20},{"not_picked":["White Noise","Hologram"],"picked":"Steam+1","floor":20},{"not_picked":["Reprogram","Fusion+1"],"picked":"Heatsinks+1","floor":24},{"not_picked":["Streamline","Go for the Eyes"],"picked":"BootSequence+1","floor":25},{"not_picked":["Sweeping Beam+1","Steam"],"picked":"Fission","floor":25},{"not_picked":["Skim","Fusion"],"picked":"Coolheaded","floor":28},{"not_picked":["Chaos","Cold Snap"],"picked":"Glacier","floor":30},{"not_picked":["Sweeping Beam","Streamline"],"picked":"Tempest+1","floor":31},{"not_picked":["Turbo+1","Redo"],"picked":"Blizzard","floor":31},{"not_picked":["Thunder Strike","Biased Cognition"],"picked":"All For One","floor":33},{"not_picked":["Streamline","Steam Power"],"picked":"Genetic Algorithm+1","floor":35},{"not_picked":["Rebound+1","Auto Shields"],"picked":"Conserve Battery","floor":35},{"not_picked":["Ball Lightning","Self Repair+1"],"picked":"Darkness+1","floor":36},{"not_picked":["Compile Driver","Go for the Eyes"],"picked":"Redo+1","floor":36},{"not_picked":["Creative AI","Loop+1"],"picked":"Sunder+1","floor":37},{"not_picked":["Streamline+1","Sweeping Beam+1"],"picked":"Redo+1","floor":37},{"not_picked":["Go for the Eyes+1","Compile Driver"],"picked":"Blizzard+1","floor":39},{"not_picked":["Cold Snap","Turbo"],"picked":"Amplify","floor":39},{"not_picked":["Ball Lightning+1","Static Discharge"],"picked":"Conserve Battery+1","floor":40},{"not_picked":["Streamline","Hello World","Barrage+1"],"picked":"Aggregate","floor":41},{"not_picked":["Steam Power","Hello World+1","Leap"],"picked":"Echo Form","floor":42},{"not_picked":["Stack","Rebound","Barrage+1"],"picked":"Reinforced Body","floor":42},{"not_picked":["Rebound","Coolheaded","Go for the Eyes"],"picked":"BootSequence+1","floor":45},{"not_picked":["Beam Cell+1","Go for the Eyes","Hologram"],"picked":"Redo+1","floor":47},{"not_picked":["Auto Shields","Redo","Coolheaded+1"],"picked":"Streamline+1","floor":48},{"not_picked":["Steam Power","Steam","Ball Lightning+1"],"picked":"Turbo","floor":48}],"player_experience":87763,"relics_obtained":[{"floor":7,"key":"Prayer Wheel"},{"floor":9,"key":"Bird Faced Urn"},{"floor":12,"key":"Anchor"},{"floor":21,"key":"Potion Belt"},{"floor":24,"key":"Letter Opener"},{"floor":26,"key":"Happy Flower"},{"floor":28,"key":"Gambling Chip"},{"floor":30,"key":"Ancient Tea Set"},{"floor":40,"key":"Question Card"},{"floor":41,"key":"Thread and Needle"},{"floor":43,"key":"Strawberry"},{"floor":45,"key":"Calipers"},{"floor":47,"key":"Molten Egg 2"}],"event_choices":[{"event_name":"Living Wall","player_choice":"Change","floor":5,"damage_taken":0},{"event_name":"Golden Wing","player_choice":"Gained Gold","floor":13,"damage_taken":0},{"event_name":"Beggar","player_choice":"Ignored","floor":19,"damage_taken":0},{"event_name":"Back to Basics","player_choice":"Elegance","floor":22,"damage_taken":0},{"event_name":"Addict","player_choice":"Obtained Relic","floor":27,"damage_taken":0},{"event_name":"MindBloom","player_choice":"Fight","floor":41,"damage_taken":0},{"event_name":"Mysterious Sphere","player_choice":"Fight","floor":45,"damage_taken":0}],"is_beta":false,"boss_relics":[{"not_picked":["Lizard Tail","FrozenCore"],"picked":"Pandora\u0027s Box"},{"not_picked":["Eternal Feather","Philosopher\u0027s Stone"],"picked":"White Beast Statue"}],"items_purged_floors":[],"is_endless":false,"potions_floor_spawned":[1,3,11,25,30,31,35,36,37,39,40,41,42,45,47,48],"ascension_level":0}