{"gold_per_floor":[113,113,113,133,148,177,203,215],"floor_reached":8,"playtime":503,"items_purged":[],"score":109,"play_id":"61096b89-80b5-492b-ac2f-52dd20fafbc3","local_time":"20190723230509","is_ascension_mode":true,"campfire_choices":[],"neow_cost":"TEN_PERCENT_HP_LOSS","seed_source_timestamp":5979773032301,"circlet_count":0,"master_deck":["AscendersBane","Strike_G","Strike_G","Strike_G","Strike_G","Strike_G","Defend_G","Defend_G","Defend_G","Defend_G","Defend_G","Survivor","Neutralize","Swift Strike","Metamorphosis","Blur","Heel Hook","PiercingWail","Catalyst"],"special_seed":0,"relics":["Ring of the Snake","Strawberry","MawBank"],"potions_floor_usage":[8],"damage_taken":[{"damage":4.0,"enemies":"2 Louse","floor":1.0,"turns":3.0},{"damage":0.0,"enemies":"Small Slimes","floor":4.0,"turns":4.0},{"damage":1.0,"enemies":"Cultist","floor":5.0,"turns":3.0},{"damage":16.0,"enemies":"3 Sentries","floor":6.0,"turns":13.0},{"damage":56,"enemies":"Lagavulin","floor":8,"turns":10}],"seed_played":"-7392182250447634404","potions_obtained":[{"floor":3.0,"key":"Poison Potion"},{"floor":3.0,"key":"Dexterity Potion"},{"floor":6.0,"key":"Ancient Potion"}],"is_trial":false,"path_per_floor":["M","?","?","M","M","E","T","E"],"character_chosen":"THE_SILENT","items_purchased":[],"campfire_rested":0,"item_purchase_floors":[],"current_hp_per_floor":[55,60,60,60,59,50,50,0],"gold":215,"neow_bonus":"RANDOM_COLORLESS_2","is_prod":false,"is_daily":false,"chose_seed":false,"campfire_upgraded":0,"win_rate":0,"timestamp":1563948309,"path_taken":["M","?","?","M","?","E","?","E"],"build_version":"2019-07-17","purchased_purges":0,"victory":false,"max_hp_per_floor":[60,65,65,65,65,72,72,72],"card_choices":[{"not_picked":["Cloak And Dagger","Endless Agony"],"picked":"Blur","floor":1.0},{"not_picked":["All Out Attack","Leg Sweep"],"picked":"Heel Hook","floor":4.0},{"not_picked":["Eviscerate","Slice"],"picked":"PiercingWail","floor":5.0},{"not_picked":["Accuracy","Predator"],"picked":"Catalyst","floor":6.0}],"player_experience":673221,"relics_obtained":[{"floor":6.0,"key":"Strawberry"},{"floor":7.0,"key":"MawBank"}],"event_choices":[{"damage_healed":0.0,"max_hp_gain":5.0,"max_hp_loss":0.0,"gold_gain":0.0,"event_name":"Big Fish","player_choice":"Donut","floor":2.0,"gold_loss":0.0,"damage_taken":0.0},{"damage_healed":0.0,"max_hp_gain":0.0,"max_hp_loss":0.0,"gold_gain":0.0,"event_name":"Lab","player_choice":"Got Potions","floor":3.0,"gold_loss":0.0,"damage_taken":0.0}],"is_beta":false,"boss_relics":[],"items_purged_floors":[],"is_endless":false,"potions_floor_spawned":[5,6],"killed_by":"Lagavulin","ascension_level":19}