{"gold_per_floor":[11,27,27,42,53,53,53,53,121,121,153,171,171,189,189,189],"floor_reached":16,"playtime":370,"items_purged":[],"score":158,"play_id":"1eb3267e-dd57-40c9-bdf4-eddacfb5cb62","local_time":"20181229201920","is_ascension_mode":true,"campfire_choices":[{"floor":6,"key":"REST"},{"data":"Zap","floor":8,"key":"SMITH"},{"data":"Recycle","floor":10,"key":"SMITH"},{"floor":15,"key":"REST"}],"neow_cost":"NO_GOLD","seed_source_timestamp":23760459168961,"circlet_count":0,"master_deck":["AscendersBane","Strike_B","Strike_B","Strike_B","Defend_B","Defend_B","Defend_B","Defend_B","Zap+1","Dualcast","Electrodynamics","Hologram","Recycle+1","Cold Snap","Consume","Steam","Ball Lightning"],"relics":["Cracked Core","Art of War","Blue Candle","Smiling Mask"],"potions_floor_usage":[],"damage_taken":[{"damage":4,"enemies":"Small Slimes","floor":1,"turns":3},{"damage":6,"enemies":"Cultist","floor":2,"turns":3},{"damage":9,"enemies":"Jaw Worm","floor":4,"turns":3},{"damage":12,"enemies":"Lots of Slimes","floor":5,"turns":2},{"damage":28,"enemies":"Lagavulin","floor":11,"turns":6},{"damage":9,"enemies":"Red Slaver","floor":12,"turns":2},{"damage":0,"enemies":"3 Louse","floor":14,"turns":2},{"damage":45,"enemies":"Hexaghost","floor":16,"turns":9}],"seed_played":"-5503551967546127237","potions_obtained":[{"floor":4,"key":"FearPotion"},{"floor":11,"key":"Energy Potion"}],"is_trial":false,"path_per_floor":["M","M","$","M","M","R","?","R","T","R","E","M","?","M","R","B"],"character_chosen":"DEFECT","items_purchased":[],"campfire_rested":2,"item_purchase_floors":[],"current_hp_per_floor":[64,58,58,49,37,59,59,59,59,59,31,22,22,22,44,0],"gold":189,"neow_bonus":"THREE_RARE_CARDS","is_prod":false,"is_daily":false,"chose_seed":false,"campfire_upgraded":2,"win_rate":0,"timestamp":1546103960,"path_taken":["M","M","$","M","M","R","?","R","T","R","E","?","?","?","R","BOSS"],"build_version":"2018-12-20","purchased_purges":0,"victory":false,"max_hp_per_floor":[75,75,75,75,75,75,75,75,75,75,75,75,75,75,75,75],"card_choices":[{"not_picked":["Machine Learning","Reboot"],"picked":"Electrodynamics","floor":0},{"not_picked":["Gash","Beam Cell"],"picked":"Hologram","floor":1},{"not_picked":["Compile Driver","Redo"],"picked":"Recycle","floor":2},{"not_picked":["Recycle","Beam Cell"],"picked":"Cold Snap","floor":4},{"not_picked":["Cold Snap","Seek"],"picked":"Consume","floor":5},{"not_picked":["Rebound","Leap"],"picked":"Steam","floor":11},{"not_picked":["Hologram","Cold Snap","Creative AI"],"picked":"SKIP","floor":12},{"not_picked":["Reinforced Body","Go for the Eyes"],"picked":"Ball Lightning","floor":14}],"player_experience":622977,"relics_obtained":[{"floor":7,"key":"Art of War"},{"floor":9,"key":"Blue Candle"},{"floor":11,"key":"Smiling Mask"}],"event_choices":[{"damage_healed":0,"gold_gain":0,"player_choice":"Relic","damage_taken":0,"max_hp_gain":0,"max_hp_loss":0,"event_name":"Wheel of Change","floor":7,"gold_loss":0},{"cards_removed":["Strike_B"],"damage_healed":0,"gold_gain":0,"player_choice":"Offered Basic","damage_taken":0,"max_hp_gain":0,"max_hp_loss":0,"event_name":"Bonfire Elementals","floor":13,"gold_loss":0}],"is_beta":false,"boss_relics":[],"items_purged_floors":[],"is_endless":false,"potions_floor_spawned":[4,11,12,14],"killed_by":"Hexaghost","ascension_level":11}