{"gold_per_floor":[112,112,129,146,159,159,189,189,214,389,125,216,216,91,91,217,217,220,220,253,293,293,293,313,313],"floor_reached":25,"playtime":1001,"items_purged":["Doubt","Strike_R"],"score":261,"play_id":"d821a68c-1b11-43ce-9e5b-3cdb554a50a3","local_time":"20190314184415","is_ascension_mode":true,"campfire_choices":[{"data":"Iron Wave","floor":6.0,"key":"SMITH"},{"floor":8.0,"key":"REST"},{"data":"Armaments","floor":15,"key":"SMITH"},{"floor":23,"key":"REST"}],"neow_cost":"NONE","seed_source_timestamp":21389402217327,"circlet_count":0,"master_deck":["Strike_R","Strike_R","Strike_R","Strike_R","Defend_R","Defend_R","Defend_R","Defend_R","Bash+1","Iron Wave+1","Metallicize","Metallicize","True Grit","Shockwave","HandOfGreed","Armaments+1","Spot Weakness","Demon Form","Flame Barrier"],"special_seed":0,"relics":["Burning Blood","Boot","Orichalcum","Smiling Mask","Strawberry","Philosopher\u0027s Stone","FossilizedHelix"],"potions_floor_usage":[24],"damage_taken":[{"damage":4.0,"enemies":"Jaw Worm","floor":1.0,"turns":5.0},{"damage":0.0,"enemies":"Small Slimes","floor":3.0,"turns":3.0},{"damage":0.0,"enemies":"2 Louse","floor":4.0,"turns":3.0},{"damage":30.0,"enemies":"Exordium Thugs","floor":5.0,"turns":6.0},{"damage":25.0,"enemies":"Lagavulin","floor":7.0,"turns":11.0},{"damage":9,"enemies":"3 Sentries","floor":12,"turns":15},{"damage":7,"enemies":"The Guardian","floor":16,"turns":14},{"damage":15,"enemies":"2 Thieves","floor":18,"turns":4},{"damage":27,"enemies":"3 Byrds","floor":20,"turns":6},{"damage":38,"enemies":"Snake Plant","floor":21,"turns":8},{"damage":14,"enemies":"Colosseum Slavers","floor":24,"turns":5},{"damage":16,"enemies":"Gremlin Leader","floor":25,"turns":5}],"seed_played":"5563514736035152585","potions_obtained":[{"floor":4.0,"key":"SneckoOil"},{"floor":5.0,"key":"Energy Potion"},{"floor":7.0,"key":"Strength Potion"},{"floor":20,"key":"Strength Potion"}],"is_trial":false,"path_per_floor":["M","?","M","M","M","R","E","R","T","?","$","E","?","$","R","B",null,"M","?","M","M","T","R","?","E"],"character_chosen":"IRONCLAD","items_purchased":["HandOfGreed","Spot Weakness"],"campfire_rested":2,"item_purchase_floors":[11,14],"current_hp_per_floor":[80,80,80,80,56,56,37,61,61,61,61,58,58,58,58,57,80,71,71,50,18,18,44,36,20],"gold":313,"neow_bonus":"THREE_CARDS","is_prod":false,"is_daily":false,"chose_seed":false,"campfire_upgraded":2,"win_rate":0,"timestamp":1552578255,"path_taken":["M","?","M","M","M","R","E","R","T","?","$","E","?","?","R","BOSS","M","?","M","M","?","R","?","E"],"build_version":"2019-01-23","purchased_purges":2,"victory":false,"max_hp_per_floor":[80,80,80,80,80,80,80,80,80,80,80,80,87,87,87,87,87,87,87,87,87,87,87,87,87],"card_choices":[{"not_picked":["Metallicize","Flex"],"picked":"Iron Wave","floor":0.0},{"not_picked":["Clash","Rupture","Warcry"],"picked":"SKIP","floor":1.0},{"not_picked":["Iron Wave","Headbutt"],"picked":"Metallicize","floor":3.0},{"not_picked":["Headbutt","Rampage"],"picked":"Metallicize","floor":4.0},{"not_picked":["Hemokinesis","True Grit","Clash"],"picked":"SKIP","floor":5.0},{"not_picked":["Hemokinesis","Clash"],"picked":"True Grit","floor":5.0},{"not_picked":["Body Slam","Infernal Blade"],"picked":"Shockwave","floor":7.0},{"not_picked":["Ghostly Armor","Iron Wave"],"picked":"Armaments","floor":12},{"not_picked":["Barricade","Berserk"],"picked":"Demon Form","floor":16},{"not_picked":["Clothesline","Flex","Sword Boomerang"],"picked":"SKIP","floor":18},{"not_picked":["Anger","Thunderclap","Headbutt"],"picked":"SKIP","floor":20},{"not_picked":["Burning Pact","Havoc+1","Flex"],"picked":"SKIP","floor":21}],"player_experience":796069,"relics_obtained":[{"floor":7.0,"key":"Boot"},{"floor":9.0,"key":"Orichalcum"},{"floor":12,"key":"Smiling Mask"},{"floor":22,"key":"FossilizedHelix"}],"event_choices":[{"damage_healed":0.0,"max_hp_gain":0.0,"max_hp_loss":0.0,"gold_gain":0.0,"event_name":"Living Wall","player_choice":"Grow","floor":2.0,"gold_loss":0.0,"damage_taken":0.0,"cards_upgraded":["Bash"]},{"damage_healed":0.0,"max_hp_gain":0.0,"max_hp_loss":0.0,"gold_gain":175.0,"event_name":"Liars Game","player_choice":"AGREE","floor":10.0,"gold_loss":0.0,"damage_taken":0.0,"cards_obtained":["Doubt"]},{"damage_healed":0,"gold_gain":0,"player_choice":"Success","damage_taken":7,"relics_obtained":["Strawberry"],"max_hp_gain":0,"max_hp_loss":0,"event_name":"Scrap Ooze","floor":13,"gold_loss":0},{"damage_healed":0,"gold_gain":0,"player_choice":"Read","damage_taken":0,"max_hp_gain":0,"max_hp_loss":0,"event_name":"The Library","floor":19,"gold_loss":0,"cards_obtained":["Flame Barrier"]},{"damage_healed":0,"gold_gain":0,"player_choice":"Fight","damage_taken":0,"max_hp_gain":0,"max_hp_loss":0,"event_name":"Colosseum","floor":24,"gold_loss":0},{"damage_healed":0,"gold_gain":0,"player_choice":"Fled From Nobs","damage_taken":0,"max_hp_gain":0,"max_hp_loss":0,"event_name":"Colosseum","floor":24,"gold_loss":0}],"is_beta":false,"boss_relics":[{"not_picked":["Fusion Hammer","Black Star"],"picked":"Philosopher\u0027s Stone"}],"items_purged_floors":[11,14],"is_endless":false,"potions_floor_spawned":[4,5,7,20],"killed_by":"Gremlin Leader","ascension_level":5}