{"gold_per_floor":[118,118,118,134,25,25,50,88,137,152,152,175,175,20,20,143,143,156,54,73,73,99,124,138,178,202,202,226,239,45,70,70,191,191,211,136,149,149,1,1,426,447,499,519,540,540,540,565,565,565,565,565,42,42],"floor_reached":54,"playtime":7426,"items_purged":["Strike_R","True Grit","Rupture","Uppercut"],"score":719,"play_id":"c6ffebcd-bb8a-4b8e-88a5-bca2c2f0bf93","local_time":"20190714023617","is_ascension_mode":true,"campfire_choices":[{"data":"Shockwave","floor":6.0,"key":"SMITH"},{"data":"Bash","floor":11.0,"key":"SMITH"},{"floor":15.0,"key":"REST"},{"floor":27.0,"key":"REST"},{"floor":32.0,"key":"REST"},{"data":"Entrench","floor":40,"key":"SMITH"},{"floor":46,"key":"RECALL"},{"floor":49,"key":"REST"},{"data":"Limit Break","floor":52,"key":"SMITH"}],"neow_cost":"NONE","seed_source_timestamp":0,"circlet_count":0,"master_deck":["Bash+1","Twin Strike","Shockwave+1","Warcry","Headbutt","Iron Wave","Barricade","Offering","Ghostly Armor","Heavy Blade","Evolve","Cleave","Power Through","Warcry+1","Entrench+1","Clothesline","Feel No Pain+1","Body Slam","Flame Barrier","Demon Form","Dual Wield","Power Through+1","Limit Break+1","Sword Boomerang+1","Shrug It Off","Madness","Madness","Battle Trance","Inflame","Disarm"],"special_seed":0,"relics":["Burning Blood","Regal Pillow","Golden Idol","Art of War","Orichalcum","Pandora\u0027s Box","Oddly Smooth Stone","Smiling Mask","Lantern","Busted Crown","Old Coin","Ancient Tea Set","Dodecahedron","Self Forming Clay","Lee\u0027s Waffle"],"potions_floor_usage":[45,45,50,50],"damage_taken":[{"damage":2.0,"enemies":"2 Louse","floor":1.0,"turns":3.0},{"damage":2.0,"enemies":"Small Slimes","floor":4.0,"turns":4.0},{"damage":0.0,"enemies":"Cultist","floor":7.0,"turns":3.0},{"damage":32.0,"enemies":"3 Sentries","floor":8.0,"turns":10.0},{"damage":5.0,"enemies":"2 Fungi Beasts","floor":10.0,"turns":4.0},{"damage":5.0,"enemies":"Blue Slaver","floor":12.0,"turns":5.0},{"damage":33.0,"enemies":"The Guardian","floor":16.0,"turns":14.0},{"damage":6.0,"enemies":"3 Byrds","floor":18.0,"turns":7.0},{"damage":12.0,"enemies":"Shell Parasite","floor":20.0,"turns":10.0},{"damage":6.0,"enemies":"Chosen and Byrds","floor":23.0,"turns":9.0},{"damage":21.0,"enemies":"Centurion and Healer","floor":24.0,"turns":10.0},{"damage":45.0,"enemies":"Slavers","floor":25.0,"turns":9.0},{"damage":41.0,"enemies":"Sentry and Sphere","floor":28.0,"turns":10.0},{"damage":19.0,"enemies":"3 Cultists","floor":29.0,"turns":6.0},{"damage":7.0,"enemies":"Centurion and Healer","floor":31.0,"turns":6.0},{"damage":24.0,"enemies":"Automaton","floor":33.0,"turns":15.0},{"damage":5,"enemies":"Orb Walker","floor":35,"turns":6},{"damage":11,"enemies":"3 Darklings","floor":37,"turns":7},{"damage":0,"enemies":"Mind Bloom Boss Battle","floor":41,"turns":5},{"damage":20,"enemies":"4 Shapes","floor":42,"turns":7},{"damage":6,"enemies":"Maw","floor":44,"turns":7},{"damage":24,"enemies":"3 Darklings","floor":45,"turns":8},{"damage":8,"enemies":"Spire Growth","floor":48,"turns":5},{"damage":67,"enemies":"Donu and Deca","floor":50,"turns":10},{"damage":98,"enemies":"Shield and Spear","floor":54,"turns":8}],"seed_played":"5184429232754438109","potions_obtained":[{"floor":4.0,"key":"FearPotion"},{"floor":8.0,"key":"Poison Potion"},{"floor":10.0,"key":"GamblersBrew"},{"floor":12.0,"key":"Dexterity Potion"},{"floor":25.0,"key":"Poison Potion"},{"floor":28.0,"key":"LiquidBronze"},{"floor":29.0,"key":"Poison Potion"},{"floor":35,"key":"Regen Potion"},{"floor":41,"key":"SmokeBomb"},{"floor":42,"key":"EssenceOfSteel"},{"floor":45,"key":"AttackPotion"},{"floor":48,"key":"LiquidBronze"}],"is_trial":false,"path_per_floor":["M","?","?","M","$","R","M","E","T","M","R","M","?","$","R","B",null,"M","$","M","?","T","M","M","E","T","R","M","M","$","M","R","B",null,"M","$","M","?","$","R","?","M","T","M","M","R","T","M","R","B",null,"R","$","E"],"character_chosen":"IRONCLAD","items_purchased":["Shockwave","Barricade","Entrench","Clothesline","Lantern","Shrug It Off","Battle Trance","Inflame","Self Forming Clay","Disarm","Lee\u0027s Waffle"],"campfire_rested":4,"item_purchase_floors":[5,14,19,19,30,36,39,39,53,53,53],"current_hp_per_floor":[80,80,60,64,64,64,70,44,44,45,45,46,46,46,80,53,80,80,80,74,74,74,74,59,20,20,59,24,11,11,10,49,31,80,80,80,75,65,65,65,71,57,57,57,54,54,54,52,80,19,80,80,87,0],"gold":42,"neow_bonus":"RANDOM_COMMON_RELIC","is_prod":false,"is_daily":false,"chose_seed":false,"campfire_upgraded":4,"win_rate":0,"timestamp":1563064577,"path_taken":["M","?","?","M","$","R","M","E","T","M","R","M","?","$","R","BOSS","M","?","M","?","?","M","M","E","T","R","M","?","$","M","R","BOSS","M","$","M","?","$","R","?","M","T","?","M","R","?","M","R","BOSS","R","$","E"],"build_version":"2019-07-05","purchased_purges":4,"victory":false,"max_hp_per_floor":[80,80,80,80,80,80,80,80,80,80,80,80,80,80,80,80,80,80,80,80,80,80,80,80,80,80,80,80,80,80,80,80,80,80,80,80,80,80,80,80,80,80,80,80,80,80,80,80,80,80,80,80,87,87],"card_choices":[{"not_picked":["Seeing Red","Havoc"],"picked":"True Grit","floor":1.0},{"not_picked":["Body Slam","Warcry"],"picked":"Twin Strike","floor":4.0},{"not_picked":["Clash","Perfected Strike"],"picked":"Warcry","floor":7.0},{"not_picked":["Twin Strike","Intimidate"],"picked":"Headbutt","floor":8.0},{"not_picked":["Entrench","Heavy Blade"],"picked":"Iron Wave","floor":10.0},{"not_picked":["Clash","Body Slam"],"picked":"Uppercut","floor":12.0},{"not_picked":["Barricade","Brutality"],"picked":"Offering","floor":16.0},{"not_picked":["Cleave+1","Clothesline"],"picked":"Warcry+1","floor":18.0},{"not_picked":["Armaments+1","Heavy Blade+1"],"picked":"Feel No Pain+1","floor":20.0},{"not_picked":["Power Through+1","Iron Wave"],"picked":"Body Slam","floor":23.0},{"not_picked":["Feel No Pain+1","Blood for Blood"],"picked":"Flame Barrier","floor":24.0},{"not_picked":["Armaments+1","Clothesline"],"picked":"Demon Form","floor":25.0},{"not_picked":["Flex+1","Sever Soul+1"],"picked":"Dual Wield","floor":28.0},{"not_picked":["Clash+1","Iron Wave"],"picked":"Power Through+1","floor":29.0},{"not_picked":["Heavy Blade+1","Demon Form","Inflame"],"picked":"SKIP","floor":31.0},{"not_picked":["Berserk","Brutality"],"picked":"Limit Break","floor":33.0},{"not_picked":[],"picked":"Sword Boomerang+1","floor":35},{"not_picked":["Flex+1"],"picked":"SKIP","floor":37},{"not_picked":["Dual Wield"],"picked":"SKIP","floor":42},{"not_picked":["Clothesline"],"picked":"SKIP","floor":44},{"not_picked":["Dropkick"],"picked":"SKIP","floor":45},{"not_picked":["Sword Boomerang+1"],"picked":"SKIP","floor":48}],"player_experience":453608,"relics_obtained":[{"floor":8.0,"key":"Art of War"},{"floor":9.0,"key":"Orichalcum"},{"floor":25.0,"key":"Oddly Smooth Stone"},{"floor":26.0,"key":"Smiling Mask"},{"floor":41,"key":"Old Coin"},{"floor":43,"key":"Ancient Tea Set"},{"floor":47,"key":"Dodecahedron"}],"event_choices":[{"damage_healed":0.0,"max_hp_gain":0.0,"max_hp_loss":0.0,"gold_gain":0.0,"event_name":"Liars Game","player_choice":"Ignored","floor":2.0,"gold_loss":0.0,"damage_taken":0.0},{"damage_healed":0.0,"max_hp_gain":0.0,"max_hp_loss":0.0,"gold_gain":0.0,"event_name":"Golden Idol","player_choice":"Take Damage","floor":3.0,"gold_loss":0.0,"damage_taken":20.0,"relics_obtained":["Golden Idol"]},{"cards_removed":["Strike_R"],"damage_healed":0.0,"max_hp_gain":0.0,"max_hp_loss":0.0,"gold_gain":0.0,"event_name":"Bonfire Elementals","player_choice":"Offered Basic","floor":13.0,"gold_loss":0.0,"damage_taken":0.0},{"cards_removed":["Corruption"],"damage_healed":0.0,"max_hp_gain":0.0,"max_hp_loss":0.0,"gold_gain":0.0,"event_name":"Back to Basics","player_choice":"Elegance","floor":21.0,"gold_loss":0.0,"damage_taken":0.0},{"damage_healed":0,"gold_gain":0,"player_choice":"Embrace Madness","damage_taken":10,"max_hp_gain":0,"max_hp_loss":0,"event_name":"Winding Halls","floor":38,"gold_loss":0,"cards_obtained":["Madness","Madness"]},{"damage_healed":0,"gold_gain":0,"player_choice":"Fight","damage_taken":0,"max_hp_gain":0,"max_hp_loss":0,"event_name":"MindBloom","floor":41,"gold_loss":0}],"is_beta":false,"boss_relics":[{"not_picked":["Ectoplasm","Eternal Feather"],"picked":"Pandora\u0027s Box"},{"not_picked":["Orrery","Runic Pyramid"],"picked":"Busted Crown"}],"items_purged_floors":[5,30,36,53],"is_endless":false,"potions_floor_spawned":[4,8,10,12,25,28,29,35,41,42,45,48],"killed_by":"Shield and Spear","ascension_level":1}