{"gold_per_floor":[116,127,49,61,79,79,95,108,133,152,152,41,41,56,56,155,205,223,210,210,210,222,222,29,44,119,134,134,146,18,29,29,29],"floor_reached":33,"playtime":2063,"items_purged":[],"score":380,"play_id":"2c3f248f-4d41-4c3a-8f8d-b1ad058417aa","local_time":"20190527151458","is_ascension_mode":true,"campfire_choices":[{"data":"Metallicize","floor":6.0,"key":"SMITH"},{"floor":15.0,"key":"REST"},{"floor":23.0,"key":"REST"},{"data":"Disarm","floor":28.0,"key":"SMITH"},{"floor":32.0,"key":"REST"}],"neow_cost":"NONE","seed_source_timestamp":19596677303595,"circlet_count":0,"master_deck":["AscendersBane","Strike_R+1","Strike_R+1","Strike_R+1","Strike_R+1","Strike_R+1","Defend_R+1","Defend_R+1","Defend_R+1","Defend_R+1","Bash","Berserk","Fire Breathing","Rage","Metallicize+1","True Grit","Headbutt","Cleave","Barricade","Spot Weakness","Entrench","Corruption","Double Tap","Feel No Pain","Twin Strike+1","Iron Wave+1","Impervious","Whirlwind","Power Through","Disarm+1","Battle Trance","Reaper","Shrug It Off","Seeing Red"],"special_seed":0,"relics":["Burning Blood","Red Skull","Question Card","Tiny House","Mummified Hand"],"potions_floor_usage":[33],"damage_taken":[{"damage":8.0,"enemies":"2 Louse","floor":1.0,"turns":3.0},{"damage":8.0,"enemies":"Jaw Worm","floor":2.0,"turns":4.0},{"damage":8.0,"enemies":"Small Slimes","floor":4.0,"turns":4.0},{"damage":9.0,"enemies":"Exordium Wildlife","floor":5.0,"turns":4.0},{"damage":30.0,"enemies":"Gremlin Gang","floor":7.0,"turns":6.0},{"damage":10.0,"enemies":"Blue Slaver","floor":8.0,"turns":5.0},{"damage":5.0,"enemies":"Red Slaver","floor":10.0,"turns":4.0},{"damage":28.0,"enemies":"Exordium Thugs","floor":14.0,"turns":6.0},{"damage":17.0,"enemies":"Slime Boss","floor":16.0,"turns":11.0},{"damage":21.0,"enemies":"Shell Parasite","floor":18.0,"turns":6.0},{"damage":53.0,"enemies":"2 Thieves","floor":19.0,"turns":5.0},{"damage":35.0,"enemies":"Cultist and Chosen","floor":22.0,"turns":7.0},{"damage":14.0,"enemies":"Snake Plant","floor":25.0,"turns":4.0},{"damage":5.0,"enemies":"Centurion and Healer","floor":27.0,"turns":9.0},{"damage":13.0,"enemies":"3 Cultists","floor":29.0,"turns":4.0},{"damage":2.0,"enemies":"Sentry and Sphere","floor":31.0,"turns":7.0},{"damage":69,"enemies":"Collector","floor":33,"turns":6}],"seed_played":"-5929398935409719037","potions_obtained":[{"floor":1.0,"key":"Ancient Potion"},{"floor":4.0,"key":"Explosive Potion"},{"floor":10.0,"key":"Explosive Potion"},{"floor":14.0,"key":"Swift Potion"},{"floor":17.0,"key":"Poison Potion"},{"floor":19.0,"key":"Weak Potion"},{"floor":29.0,"key":"Block Potion"},{"floor":31.0,"key":"Fire Potion"}],"is_trial":false,"path_per_floor":["M","M","$","M","M","R","M","M","T","M","?","$","T","M","R","B",null,"M","M","?","?","M","R","$","M","T","M","R","M","$","M","R","B"],"character_chosen":"IRONCLAD","items_purchased":["Metallicize","Spot Weakness","Entrench","Impervious","Whirlwind","Reaper","Shrug It Off"],"campfire_rested":3,"item_purchase_floors":[3,12,12,24,24,30,30],"current_hp_per_floor":[70,68,68,66,63,63,39,35,35,36,36,36,36,14,38,27,72,57,10,10,38,9,34,34,26,26,27,27,20,20,32,57,0],"gold":29,"neow_bonus":"ONE_RANDOM_RARE_CARD","is_prod":false,"is_daily":false,"chose_seed":false,"campfire_upgraded":2,"win_rate":0,"timestamp":1558962898,"path_taken":["M","M","$","M","M","R","M","M","T","M","?","?","?","M","R","BOSS","M","M","?","?","M","R","$","M","T","M","R","M","$","M","R","BOSS"],"build_version":"2019-01-23","purchased_purges":0,"victory":false,"max_hp_per_floor":[80,80,80,80,80,80,80,80,80,80,80,80,80,80,80,80,85,85,85,85,85,85,85,85,85,85,85,85,85,85,85,85,85],"card_choices":[{"not_picked":["Rupture","Sever Soul"],"picked":"Fire Breathing","floor":1.0},{"not_picked":["Cleave","Havoc"],"picked":"Rage","floor":2.0},{"not_picked":["Flex","Heavy Blade"],"picked":"True Grit","floor":4.0},{"not_picked":["Perfected Strike","Pommel Strike"],"picked":"Headbutt","floor":5.0},{"not_picked":["True Grit","Wild Strike"],"picked":"Cleave","floor":7.0},{"not_picked":["Perfected Strike","Headbutt","True Grit"],"picked":"SKIP","floor":8.0},{"not_picked":["Feel No Pain","Uppercut"],"picked":"Barricade","floor":10.0},{"not_picked":["Clothesline","Body Slam","Shrug It Off"],"picked":"Corruption","floor":14.0},{"not_picked":["Demon Form","Berserk","Offering"],"picked":"Double Tap","floor":16.0},{"not_picked":["Pommel Strike","Clash","Shrug It Off"],"picked":"Feel No Pain","floor":17.0},{"not_picked":["Armaments","Thunderclap","Sword Boomerang","True Grit"],"picked":"SKIP","floor":18.0},{"not_picked":["Pommel Strike","Second Wind","Bloodletting"],"picked":"Twin Strike+1","floor":19.0},{"not_picked":["True Grit","Flex","Anger"],"picked":"Iron Wave+1","floor":22.0},{"not_picked":["Pommel Strike","Armaments","Double Tap"],"picked":"Power Through","floor":25.0},{"not_picked":["Heavy Blade","Body Slam","Pommel Strike+1"],"picked":"Disarm","floor":27.0},{"not_picked":["Spot Weakness+1","Pommel Strike+1","Body Slam"],"picked":"Battle Trance","floor":29.0},{"not_picked":["True Grit","Clothesline","Corruption"],"picked":"Seeing Red","floor":31.0}],"player_experience":349501,"relics_obtained":[{"floor":9.0,"key":"Red Skull"},{"floor":13.0,"key":"Question Card"},{"floor":26.0,"key":"Mummified Hand"}],"event_choices":[{"damage_healed":0.0,"max_hp_gain":0.0,"max_hp_loss":0.0,"gold_gain":0.0,"event_name":"Dead Adventurer","player_choice":"Searched \u00271\u0027 times","floor":11.0,"gold_loss":0.0,"damage_taken":0.0},{"damage_healed":0.0,"max_hp_gain":0.0,"max_hp_loss":0.0,"gold_gain":0.0,"event_name":"Back to Basics","player_choice":"Simplicity","floor":20.0,"gold_loss":0.0,"damage_taken":0.0,"cards_upgraded":["Strike_R","Strike_R","Strike_R","Strike_R","Defend_R","Defend_R","Defend_R","Defend_R"]},{"damage_healed":28.0,"max_hp_gain":0.0,"max_hp_loss":0.0,"gold_gain":0.0,"event_name":"The Library","player_choice":"Heal","floor":21.0,"gold_loss":0.0,"damage_taken":0.0}],"is_beta":false,"boss_relics":[{"not_picked":["Runic Pyramid","Black Star"],"picked":"Tiny House"}],"items_purged_floors":[],"is_endless":false,"potions_floor_spawned":[1,4,10,14,19,29,31],"killed_by":"Collector","ascension_level":11}