{"gold_per_floor":[112,112,112,87,162,201,222,245,245,284,284,31,31,55,55,55],"floor_reached":16,"playtime":795,"items_purged":[],"score":108,"play_id":"e1285e31-de0c-46b9-afa5-e3dc290361e5","local_time":"20180726213457","is_ascension_mode":false,"campfire_choices":[{"floor":11,"key":"REST"},{"data":"Glass Knife","floor":13,"key":"SMITH"},{"floor":15,"key":"REST"}],"neow_cost":"","seed_source_timestamp":42210260845018,"circlet_count":0,"master_deck":["Defend_G","Defend_G","Defend_G","Defend_G","Defend_G","Strike_G","Strike_G","Strike_G","Strike_G","Strike_G","Survivor","Neutralize","Quick Slash","Injury","Prepared","Finisher","Underhanded Strike","Flechettes","Accuracy","Glass Knife+1","Accuracy","Jack Of All Trades","Blade Dance"],"relics":["Ring of the Snake","Golden Idol","GremlinMask","Nunchaku","Torii","Vajra"],"potions_floor_usage":[10,10],"damage_taken":[{"damage":2,"enemies":"Small Slimes","floor":1,"turns":4},{"damage":31,"enemies":"3 Sentries","floor":6,"turns":12},{"damage":0,"enemies":"2 Louse","floor":7,"turns":3},{"damage":1,"enemies":"Cultist","floor":8,"turns":4},{"damage":19,"enemies":"Gremlin Nob","floor":10,"turns":4},{"damage":7,"enemies":"Blue Slaver","floor":14,"turns":4},{"damage":42,"enemies":"The Guardian","floor":16,"turns":8}],"seed_played":"6471284149995028553","potions_obtained":[{"floor":6,"key":"Strength Potion"},{"floor":8,"key":"Weak Potion"}],"is_trial":false,"path_per_floor":["M","?","?","$","?","E","M","M","T","E","R","$","R","M","R"],"character_chosen":"THE_SILENT","items_purchased":["Prepared","Glass Knife","Accuracy","Jack Of All Trades"],"campfire_rested":2,"item_purchase_floors":[4,12,12,12],"current_hp_per_floor":[68,68,68,68,57,26,26,25,25,6,27,27,27,20,41,0],"gold":55,"neow_bonus":"","is_prod":false,"is_daily":false,"chose_seed":false,"campfire_upgraded":1,"win_rate":0,"timestamp":1532633697,"path_taken":["M","?","?","$","?","E","M","?","T","E","R","?","R","?","R","BOSS"],"build_version":"2018-07-19v2","purchased_purges":0,"victory":false,"max_hp_per_floor":[70,70,70,70,70,70,70,70,70,70,70,70,70,70,70,70],"card_choices":[{"not_picked":["Backflip","Dagger Spray"],"picked":"Quick Slash","floor":1},{"not_picked":["Dagger Spray","Escape Plan"],"picked":"Finisher","floor":6},{"not_picked":["Bane","Sucker Punch"],"picked":"Underhanded Strike","floor":7},{"not_picked":["Heel Hook","Cloak And Dagger"],"picked":"Flechettes","floor":8},{"not_picked":["Finisher","Distraction"],"picked":"Accuracy","floor":10},{"not_picked":["Riddle With Holes","Accuracy"],"picked":"Blade Dance","floor":14}],"player_experience":68638,"relics_obtained":[{"floor":6,"key":"Nunchaku"},{"floor":9,"key":"Torii"},{"floor":10,"key":"Vajra"}],"event_choices":[{"event_name":"Golden Idol","player_choice":"Take Wound","floor":2,"damage_taken":0},{"event_name":"FaceTrader","player_choice":"Trade","floor":3,"damage_taken":0},{"event_name":"World of Goop","player_choice":"Gather Gold","floor":5,"damage_taken":0}],"is_beta":false,"boss_relics":[],"items_purged_floors":[],"is_endless":false,"potions_floor_spawned":[6,8],"killed_by":"The Guardian","ascension_level":0}