{"gold_per_floor":[209,284,299,315,315,315,327,340,386,386,386,410,96,158,158,286,286,305,296,151,151,167,167,108,121,170,170,185,205,205,219,219,219],"floor_reached":33,"playtime":896,"items_purged":["Strike_B","Defend_B"],"score":241,"play_id":"374ec142-8aa6-4199-9128-568752cd9818","local_time":"20181116140949","is_ascension_mode":false,"campfire_choices":[{"data":"Streamline","floor":6,"key":"SMITH"},{"floor":11,"key":"REST"},{"data":"Defragment","floor":15,"key":"SMITH"},{"data":"Doom and Gloom","floor":23,"key":"SMITH"},{"data":"Biased Cognition","floor":27,"key":"SMITH"},{"floor":30,"key":"REST"},{"floor":32,"key":"REST"}],"neow_cost":"NONE","seed_source_timestamp":4322224460341,"circlet_count":0,"master_deck":["Strike_B","Strike_B","Strike_B","Defend_B","Defend_B","Defend_B","Zap+1","Dualcast","Streamline+1","Leap","Go for the Eyes","Glacier","Defragment+1","Biased Cognition+1","Doom and Gloom+1","Buffer","Conserve Battery","Self Repair"],"special_seed":0,"relics":["Cracked Core","Blood Vial","Golden Idol","Busted Crown","Darkstone Periapt","Bag of Preparation"],"potions_floor_usage":[],"damage_taken":[{"damage":0.0,"enemies":"Small Slimes","floor":1.0,"turns":2.0},{"damage":0,"enemies":"Cultist","floor":3,"turns":3},{"damage":3,"enemies":"Jaw Worm","floor":4,"turns":4},{"damage":10,"enemies":"Lots of Slimes","floor":7,"turns":5},{"damage":7,"enemies":"3 Louse","floor":8,"turns":4},{"damage":0,"enemies":"Exordium Wildlife","floor":12,"turns":5},{"damage":6,"enemies":"The Guardian","floor":16,"turns":8},{"damage":5,"enemies":"Shell Parasite","floor":18,"turns":5},{"damage":12,"enemies":"2 Thieves","floor":19,"turns":5},{"damage":2,"enemies":"Sentry and Sphere","floor":22,"turns":6},{"damage":16,"enemies":"3 Cultists","floor":25,"turns":5},{"damage":0,"enemies":"Chosen and Byrds","floor":28,"turns":5},{"damage":24,"enemies":"Sentry and Sphere","floor":29,"turns":6},{"damage":5,"enemies":"Snake Plant","floor":31,"turns":4},{"damage":76,"enemies":"Automaton","floor":33,"turns":12}],"seed_played":"-3981667094238037886","potions_obtained":[{"floor":4,"key":"FearPotion"},{"floor":8,"key":"Energy Potion"},{"floor":18,"key":"FocusPotion"},{"floor":28,"key":"FocusPotion"}],"is_trial":false,"path_per_floor":["M","?","M","M","?","R","M","M","T","?","R","M","$","?","R","B",null,"M","M","$","?","M","R","?","M","T","R","M","M","R","M","R","B"],"character_chosen":"DEFECT","items_purchased":["Biased Cognition","Doom and Gloom","Conserve Battery"],"campfire_rested":3,"item_purchase_floors":[13,13,20],"current_hp_per_floor":[75,68,68,65,65,65,55,48,48,30,52,54,54,54,54,50,75,70,60,60,60,60,60,60,46,46,46,48,26,48,45,67,0],"gold":219,"neow_bonus":"HUNDRED_GOLD","is_prod":false,"is_daily":false,"chose_seed":false,"campfire_upgraded":4,"win_rate":0,"timestamp":1542366589,"path_taken":["M","?","M","?","?","R","M","?","T","?","R","M","$","?","R","BOSS","M","M","$","?","?","R","?","?","T","R","M","M","R","M","R","BOSS"],"build_version":"2018-11-15","purchased_purges":2,"victory":false,"max_hp_per_floor":[75,75,75,75,75,75,75,75,75,75,75,75,75,75,75,75,75,75,75,75,75,75,75,75,75,75,75,75,75,75,75,75,75],"card_choices":[{"not_picked":["Steam","Barrage"],"picked":"Streamline","floor":1.0},{"not_picked":["Compile Driver","Tempest","Rebound"],"picked":"SKIP","floor":3},{"not_picked":["Rebound","Stack"],"picked":"Leap","floor":4},{"not_picked":["Beam Cell","Rebound"],"picked":"Go for the Eyes","floor":7},{"not_picked":["Reinforced Body","Conserve Battery"],"picked":"Glacier","floor":8},{"not_picked":["Genetic Algorithm","Aggregate"],"picked":"Defragment","floor":12},{"not_picked":["Core Surge","Seek"],"picked":"Buffer","floor":16},{"not_picked":["Go for the Eyes"],"picked":"SKIP","floor":18},{"not_picked":["Blizzard"],"picked":"SKIP","floor":19},{"not_picked":["Gash"],"picked":"SKIP","floor":22},{"not_picked":["Gash"],"picked":"SKIP","floor":25},{"not_picked":["Blizzard"],"picked":"SKIP","floor":28},{"not_picked":["Coolheaded"],"picked":"SKIP","floor":29},{"not_picked":[],"picked":"Self Repair","floor":31}],"player_experience":519205,"relics_obtained":[{"floor":9,"key":"Blood Vial"},{"floor":26,"key":"Bag of Preparation"}],"event_choices":[{"damage_healed":0,"gold_gain":75,"player_choice":"Touch","damage_taken":7,"max_hp_gain":0,"max_hp_loss":0,"event_name":"FaceTrader","floor":2,"gold_loss":0},{"damage_healed":0,"gold_gain":0,"player_choice":"Forge","damage_taken":0,"max_hp_gain":0,"max_hp_loss":0,"event_name":"Accursed Blacksmith","floor":5,"gold_loss":0,"cards_upgraded":["Zap"]},{"damage_healed":0,"gold_gain":0,"player_choice":"Take Damage","damage_taken":18,"relics_obtained":["Golden Idol"],"max_hp_gain":0,"max_hp_loss":0,"event_name":"Golden Idol","floor":10,"gold_loss":0},{"damage_healed":0,"gold_gain":62,"player_choice":"Gained Gold","damage_taken":0,"max_hp_gain":0,"max_hp_loss":0,"event_name":"Golden Wing","floor":14,"gold_loss":0},{"damage_healed":0,"gold_gain":0,"player_choice":"Ignored","damage_taken":0,"max_hp_gain":0,"max_hp_loss":0,"event_name":"NoteForYourself","floor":21,"gold_loss":0},{"damage_healed":0,"gold_gain":0,"player_choice":"Paid Gold","damage_taken":0,"relics_obtained":["Darkstone Periapt"],"max_hp_gain":0,"max_hp_loss":0,"event_name":"WeMeetAgain","floor":24,"gold_loss":59}],"is_beta":false,"boss_relics":[{"not_picked":["Snecko Eye","Tiny House"],"picked":"Busted Crown"}],"items_purged_floors":[13,20],"is_endless":false,"potions_floor_spawned":[4,8,18,22,28,29,31],"killed_by":"Automaton","ascension_level":0}