{"gold_per_floor":[116,116,19,30,30,94,109,119,144,144,171,171,183,196,196,291,291,311,321,339,254,266,294,294,294],"floor_reached":25,"playtime":2055,"items_purged":[],"score":225,"play_id":"de6baba9-e370-4dbf-930e-30b98c62050c","local_time":"20180720011606","is_ascension_mode":false,"campfire_choices":[{"data":"Flex","floor":12,"key":"SMITH"},{"floor":15,"key":"REST"}],"neow_cost":"","seed_source_timestamp":10554026545932,"circlet_count":0,"master_deck":["Strike_R","Strike_R","Strike_R+1","Strike_R","Strike_R","Defend_R","Defend_R+1","Defend_R","Defend_R","Bash","Rampage+1","Clothesline","Inflame","Heavy Blade","Flex+1","Dark Embrace","Combust","Brutality","Rupture","Offering","Pommel Strike","True Grit+1","Heavy Blade","Pommel Strike","Feel No Pain+1"],"relics":["Burning Blood","Regal Pillow","Lantern","Centennial Puzzle","Coffee Dripper","Frozen Egg 2","Bag of Preparation"],"potions_floor_usage":[16,16,22,22,23],"damage_taken":[{"damage":11,"enemies":"Jaw Worm","floor":1,"turns":5},{"damage":9,"enemies":"2 Louse","floor":4,"turns":3},{"damage":4,"enemies":"Cultist","floor":7,"turns":4},{"damage":12,"enemies":"Blue Slaver","floor":8,"turns":2},{"damage":22,"enemies":"3 Sentries","floor":11,"turns":7},{"damage":10,"enemies":"2 Fungi Beasts","floor":13,"turns":3},{"damage":8,"enemies":"Looter","floor":14,"turns":3},{"damage":38,"enemies":"Slime Boss","floor":16,"turns":6},{"damage":6,"enemies":"Chosen","floor":18,"turns":3},{"damage":9,"enemies":"Shell Parasite","floor":19,"turns":3},{"damage":18,"enemies":"Snecko","floor":20,"turns":4},{"damage":27,"enemies":"Sentry and Sphere","floor":22,"turns":4},{"damage":43,"enemies":"Slavers","floor":23,"turns":5},{"damage":7,"enemies":"Snake Plant","floor":25,"turns":2}],"seed_played":"-5374093821507020008","potions_obtained":[{"floor":1,"key":"Dexterity Potion"},{"floor":4,"key":"LiquidBronze"},{"floor":8,"key":"Swift Potion"},{"floor":16,"key":"Block Potion"},{"floor":19,"key":"Fruit Juice"},{"floor":20,"key":"BloodPotion"}],"is_trial":false,"path_per_floor":["M","?","$","M","?","?","M","M","T","T","E","R","M","M","R","B",null,"M","M","M","?","M","E","?"],"character_chosen":"IRONCLAD","items_purchased":["Clothesline","Inflame"],"campfire_rested":1,"item_purchase_floors":[3,3],"current_hp_per_floor":[75,75,75,72,56,56,58,52,52,52,36,36,32,30,69,37,80,80,77,65,65,57,20,4,0],"gold":294,"neow_bonus":"","is_prod":false,"is_daily":false,"chose_seed":false,"campfire_upgraded":1,"win_rate":0.0,"timestamp":1532029566,"path_taken":["M","?","?","M","?","?","M","M","T","?","E","R","?","M","R","BOSS","M","M","M","?","M","E","?","?"],"build_version":"2018-07-12","purchased_purges":0,"victory":false,"max_hp_per_floor":[80,80,80,80,80,80,80,80,80,80,80,80,80,80,80,80,80,80,80,80,80,85,85,85,85],"card_choices":[{"not_picked":["Twin Strike","Shockwave"],"picked":"Rampage","floor":1},{"not_picked":["Inflame","Combust"],"picked":"Heavy Blade","floor":4},{"not_picked":["Warcry","Clothesline"],"picked":"Flex","floor":7},{"not_picked":["Shrug It Off","Twin Strike"],"picked":"Dark Embrace","floor":8},{"not_picked":["Headbutt","Twin Strike"],"picked":"Combust","floor":11},{"not_picked":["Cleave","Twin Strike"],"picked":"Brutality","floor":13},{"not_picked":["Thunderclap","Uppercut"],"picked":"Rupture","floor":14},{"not_picked":["Brutality","Bludgeon"],"picked":"Offering","floor":16},{"not_picked":["Body Slam","Shrug It Off"],"picked":"Pommel Strike","floor":18},{"not_picked":["Brutality","Combust+1"],"picked":"True Grit+1","floor":19},{"not_picked":["Body Slam+1","Bloodletting"],"picked":"Heavy Blade","floor":20},{"not_picked":["True Grit+1","Headbutt"],"picked":"Pommel Strike","floor":22},{"not_picked":["Heavy Blade+1","Anger"],"picked":"Feel No Pain+1","floor":23}],"player_experience":5475,"relics_obtained":[{"floor":9,"key":"Regal Pillow"},{"floor":10,"key":"Lantern"},{"floor":11,"key":"Centennial Puzzle"},{"floor":23,"key":"Bag of Preparation"}],"event_choices":[{"event_name":"Living Wall","player_choice":"Grow","floor":2,"damage_taken":0},{"event_name":"Shining Light","player_choice":"Entered Light","floor":5,"damage_taken":0},{"event_name":"Golden Wing","player_choice":"Gained Gold","floor":6,"damage_taken":0},{"event_name":"Addict","player_choice":"Obtained Relic","floor":21,"damage_taken":0},{"event_name":"Cursed Tome","player_choice":"Obtained Book","floor":24,"damage_taken":0}],"boss_relics":[{"not_picked":["Busted Crown","Orrery"],"picked":"Coffee Dripper"}],"items_purged_floors":[],"is_endless":false,"potions_floor_spawned":[1,4,8,13,16,19,20],"killed_by":"Snake Plant","ascension_level":0}