{"gold_per_floor":[211,234,264,276,301,313,360,372,433,445,472,519,174,205,205,307,307,326,326,28,45,45,45,75,75,75,103,103,117,50,63,63,164,164,177,52,152,152,152,152,183,201,255,281,23,23,48,65,65,65,65,65,41,72,72],"floor_reached":56,"playtime":2814,"items_purged":["Strike_G","Strike_G","Doubt"],"score":1624,"play_id":"831b56af-6202-43fc-a023-b4b2337df27d","local_time":"20190522024009","is_ascension_mode":true,"campfire_choices":[{"data":"Blur","floor":6.0,"key":"SMITH"},{"data":"Flechettes","floor":8.0,"key":"SMITH"},{"data":"Envenom","floor":15.0,"key":"SMITH"},{"data":"Footwork","floor":23.0,"key":"SMITH"},{"data":"Footwork","floor":25.0,"key":"SMITH"},{"data":"Malaise","floor":28.0,"key":"SMITH"},{"data":"Cloak And Dagger","floor":32.0,"key":"SMITH"},{"floor":40.0,"key":"RECALL"},{"data":"After Image","floor":46.0,"key":"SMITH"},{"data":"Terror","floor":49,"key":"SMITH"},{"data":"Survivor","floor":52,"key":"SMITH"}],"neow_cost":"NONE","seed_source_timestamp":38070925327999,"circlet_count":0,"master_deck":["Defend_G","Defend_G","Defend_G","Defend_G","Strike_G","Strike_G","Strike_G","Survivor+1","Neutralize+1","Blur+1","Flechettes+1","After Image+1","Envenom+1","Footwork+1","Footwork+1","Flying Knee","Malaise+1","Concentrate+1","PiercingWail+1","Poisoned Stab","Cloak And Dagger+1","Leg Sweep+1","Terror+1","A Thousand Cuts+1","Noxious Fumes+1","Noxious Fumes+1","Crippling Poison+1","PiercingWail","Deadly Poison+1","Footwork+1","Dodge and Roll+1","Prepared","Wraith Form v2+1"],"special_seed":0,"relics":["Ring of the Snake","MawBank","Bag of Marbles","Bag of Preparation","Juzu Bracelet","DollysMirror","Frozen Egg 2","Runic Pyramid","Ancient Tea Set","Lee\u0027s Waffle","Omamori","Dodecahedron","Bottled Lightning","Calling Bell","Bronze Scales","Letter Opener","Prayer Wheel","Ice Cream","Regal Pillow","Torii","Chemical X","Strawberry","Bottled Tornado"],"potions_floor_usage":[54,55,55,55],"damage_taken":[{"damage":2.0,"enemies":"Cultist","floor":1.0,"turns":6.0},{"damage":0.0,"enemies":"Small Slimes","floor":3.0,"turns":4.0},{"damage":0.0,"enemies":"Jaw Worm","floor":5.0,"turns":6.0},{"damage":0.0,"enemies":"Gremlin Nob","floor":7.0,"turns":4.0},{"damage":3.0,"enemies":"Lots of Slimes","floor":11.0,"turns":6.0},{"damage":2.0,"enemies":"3 Sentries","floor":12.0,"turns":9.0},{"damage":11.0,"enemies":"Lagavulin","floor":14.0,"turns":9.0},{"damage":41.0,"enemies":"Hexaghost","floor":16.0,"turns":17.0},{"damage":4.0,"enemies":"3 Byrds","floor":18.0,"turns":6.0},{"damage":0.0,"enemies":"Chosen","floor":21.0,"turns":5.0},{"damage":0.0,"enemies":"Gremlin Leader","floor":24.0,"turns":5.0},{"damage":0.0,"enemies":"Slavers","floor":27.0,"turns":7.0},{"damage":0.0,"enemies":"Sentry and Sphere","floor":29.0,"turns":5.0},{"damage":0.0,"enemies":"Centurion and Healer","floor":31.0,"turns":8.0},{"damage":0.0,"enemies":"Collector","floor":33.0,"turns":10.0},{"damage":0.0,"enemies":"3 Darklings","floor":35.0,"turns":7.0},{"damage":0.0,"enemies":"Mind Bloom Boss Battle","floor":37.0,"turns":6.0},{"damage":0.0,"enemies":"Nemesis","floor":41.0,"turns":9.0},{"damage":0.0,"enemies":"Orb Walker","floor":42.0,"turns":2.0},{"damage":0.0,"enemies":"Reptomancer","floor":44.0,"turns":6.0},{"damage":0,"enemies":"Nemesis","floor":47,"turns":9},{"damage":0,"enemies":"3 Darklings","floor":48,"turns":3},{"damage":0,"enemies":"Time Eater","floor":50,"turns":11},{"damage":0,"enemies":"Shield and Spear","floor":54,"turns":8},{"damage":30,"enemies":"The Heart","floor":55,"turns":13}],"seed_played":"-7302734144621582070","potions_obtained":[{"floor":3.0,"key":"Poison Potion"},{"floor":5.0,"key":"Energy Potion"},{"floor":11.0,"key":"Fire Potion"},{"floor":12.0,"key":"Fruit Juice"},{"floor":18.0,"key":"Block Potion"},{"floor":27.0,"key":"Dexterity Potion"},{"floor":31.0,"key":"GhostInAJar"},{"floor":37.0,"key":"PowerPotion"},{"floor":48,"key":"FearPotion"},{"floor":54,"key":"Dexterity Potion"}],"is_trial":false,"path_per_floor":["M","T","M","?","M","R","E","R","T","?","M","E","$","E","R","B",null,"M","?","$","M","?","R","E","R","T","E","R","M","$","M","R","B",null,"M","$","?","?","?","R","E","M","T","E","$","R","E","M","R","B",null,"R","$","E","B",null],"character_chosen":"THE_SILENT","items_purchased":["Footwork","DollysMirror","Flying Knee","Lee\u0027s Waffle","Terror","Chemical X","PiercingWail","Prepared"],"campfire_rested":0,"item_purchase_floors":[13,13,13,20,30,45,45,53],"current_hp_per_floor":[68,68,68,68,68,68,68,68,68,61,58,56,56,45,45,4,70,66,66,77,77,77,77,77,77,77,77,77,77,77,82,82,82,82,82,82,82,82,78,78,78,78,78,78,78,78,85,85,85,85,85,85,85,85,55],"gold":72,"neow_bonus":"HUNDRED_GOLD","is_prod":false,"is_daily":false,"chose_seed":false,"campfire_upgraded":10,"win_rate":0,"timestamp":1558482009,"path_taken":["M","?","?","?","?","R","E","R","T","?","?","E","$","E","R","BOSS","M","?","$","M","?","R","E","R","T","E","R","M","$","M","R","BOSS","M","$","?","?","?","R","E","M","T","E","?","R","E","M","R","BOSS","R","$","E","BOSS"],"build_version":"2019-01-23","purchased_purges":3,"victory":true,"max_hp_per_floor":[70,70,70,70,70,70,70,70,70,70,70,70,70,70,70,70,70,70,70,77,77,77,77,77,77,77,77,77,77,77,82,82,82,82,82,82,82,82,78,78,78,78,78,78,78,78,85,85,85,85,85,85,85,85,85],"card_choices":[{"not_picked":["Outmaneuver","Endless Agony","Tactician"],"picked":"SKIP","floor":1.0},{"not_picked":["Outmaneuver","Heel Hook"],"picked":"Blur","floor":3.0},{"not_picked":["Slice","Infinite Blades"],"picked":"Flechettes","floor":5.0},{"not_picked":["Dash","Setup"],"picked":"After Image","floor":7.0},{"not_picked":["Slice","Acrobatics","Quick Slash"],"picked":"SKIP","floor":11.0},{"not_picked":["Skewer","Heel Hook"],"picked":"Envenom","floor":12.0},{"not_picked":["Choke","Sucker Punch","Infinite Blades"],"picked":"SKIP","floor":14.0},{"not_picked":["Doppelganger","Venomology"],"picked":"Malaise","floor":16.0},{"not_picked":["Prepared","Quick Slash"],"picked":"Concentrate+1","floor":18.0},{"not_picked":["Prepared+1","Outmaneuver"],"picked":"PiercingWail+1","floor":21.0},{"not_picked":["Poisoned Stab","All Out Attack","Prepared"],"picked":"SKIP","floor":24.0},{"not_picked":["Infinite Blades+1","Concentrate+1"],"picked":"Cloak And Dagger","floor":27.0},{"not_picked":["Poisoned Stab+1","Bane"],"picked":"Leg Sweep+1","floor":29.0},{"not_picked":["Infinite Blades+1","Deflect","Slice"],"picked":"SKIP","floor":31.0},{"not_picked":["Malaise","Storm of Steel"],"picked":"A Thousand Cuts+1","floor":33.0},{"not_picked":["Well Laid Plans+1","Blade Dance"],"picked":"Noxious Fumes+1","floor":35.0},{"not_picked":["Underhanded Strike+1","Setup"],"picked":"Noxious Fumes+1","floor":35.0},{"not_picked":["Backflip+1","PiercingWail+1"],"picked":"Crippling Poison+1","floor":41.0},{"not_picked":["Setup+1","Bane+1","Dagger Throw+1"],"picked":"SKIP","floor":42.0},{"not_picked":["Unload","Prepared+1","Reflex+1"],"picked":"SKIP","floor":42.0},{"not_picked":["Blade Dance+1","Endless Agony","Acrobatics+1"],"picked":"SKIP","floor":44.0},{"not_picked":["Underhanded Strike+1","Outmaneuver+1"],"picked":"Deadly Poison+1","floor":47},{"not_picked":["Quick Slash+1","Dagger Throw"],"picked":"Footwork+1","floor":48},{"not_picked":["Leg Sweep","Backflip"],"picked":"Dodge and Roll+1","floor":48},{"not_picked":["Bane+1","Sucker Punch+1"],"picked":"Wraith Form v2+1","floor":54}],"player_experience":916016,"relics_obtained":[{"floor":2.0,"key":"MawBank"},{"floor":7.0,"key":"Bag of Marbles"},{"floor":9.0,"key":"Bag of Preparation"},{"floor":12.0,"key":"Juzu Bracelet"},{"floor":14.0,"key":"Frozen Egg 2"},{"floor":24.0,"key":"Omamori"},{"floor":26.0,"key":"Dodecahedron"},{"floor":27.0,"key":"Bottled Lightning"},{"floor":34.0,"key":"Bronze Scales"},{"floor":34.0,"key":"Letter Opener"},{"floor":34.0,"key":"Prayer Wheel"},{"floor":37.0,"key":"Ice Cream"},{"floor":41.0,"key":"Regal Pillow"},{"floor":44.0,"key":"Torii"},{"floor":47,"key":"Strawberry"},{"floor":54,"key":"Bottled Tornado"}],"event_choices":[{"damage_healed":0.0,"max_hp_gain":0.0,"max_hp_loss":0.0,"gold_gain":0.0,"event_name":"Accursed Blacksmith","player_choice":"Forge","floor":4.0,"gold_loss":0.0,"damage_taken":0.0,"cards_upgraded":["Neutralize"]},{"damage_healed":0.0,"max_hp_gain":0.0,"max_hp_loss":0.0,"gold_gain":0.0,"event_name":"Wheel of Change","player_choice":"Damaged","floor":10.0,"gold_loss":0.0,"damage_taken":7.0},{"damage_healed":0.0,"max_hp_gain":0.0,"max_hp_loss":0.0,"gold_gain":0.0,"event_name":"WeMeetAgain","player_choice":"Gave Potion","floor":19.0,"gold_loss":0.0,"damage_taken":0.0,"relics_obtained":["Ancient Tea Set"]},{"damage_healed":0.0,"max_hp_gain":0.0,"max_hp_loss":0.0,"gold_gain":0.0,"cards_transformed":["Defend_G"],"event_name":"Transmorgrifier","player_choice":"Transformed","floor":22.0,"gold_loss":0.0,"damage_taken":0.0,"cards_obtained":["Poisoned Stab"]},{"damage_healed":0.0,"max_hp_gain":0.0,"max_hp_loss":0.0,"gold_gain":0.0,"event_name":"MindBloom","player_choice":"Fight","floor":37.0,"gold_loss":0.0,"damage_taken":0.0},{"damage_healed":0.0,"max_hp_gain":0.0,"max_hp_loss":0.0,"gold_gain":0.0,"event_name":"Tomb of Lord Red Mask","player_choice":"Ignored","floor":38.0,"gold_loss":0.0,"damage_taken":0.0},{"damage_healed":0.0,"max_hp_gain":0.0,"max_hp_loss":4.0,"gold_gain":0.0,"event_name":"Winding Halls","player_choice":"Max HP","floor":39.0,"gold_loss":0.0,"damage_taken":0.0}],"is_beta":false,"boss_relics":[{"not_picked":["HoveringKite","Orrery"],"picked":"Runic Pyramid"},{"not_picked":["Runic Dome","Coffee Dripper"],"picked":"Calling Bell"}],"items_purged_floors":[13,20,36],"is_endless":false,"potions_floor_spawned":[3,5,11,12,18,27,31,37,48,54],"ascension_level":1}