{"gold_per_floor":[118,134,134,157,157,157,198,198],"floor_reached":8,"playtime":460,"items_purged":[],"score":112,"play_id":"cd1609f5-e16b-4cce-9640-37de95c44169","local_time":"20190728005746","is_ascension_mode":true,"campfire_choices":[{"data":"Bash","floor":6,"key":"SMITH"}],"neow_cost":"NONE","seed_source_timestamp":798457488031777,"circlet_count":0,"master_deck":["AscendersBane","Strike_R","Strike_R","Strike_R","Strike_R","Strike_R","Defend_R","Defend_R","Defend_R","Defend_R","Bash+1","Sever Soul","Thunderclap","Disarm","Pommel Strike"],"relics":["Burning Blood","Golden Idol","Ancient Tea Set"],"potions_floor_usage":[8],"damage_taken":[{"damage":10,"enemies":"Small Slimes","floor":1,"turns":4},{"damage":9,"enemies":"Jaw Worm","floor":2,"turns":5},{"damage":5,"enemies":"2 Louse","floor":4,"turns":4},{"damage":56,"enemies":"3 Sentries","floor":7,"turns":10},{"damage":15,"enemies":"Lots of Slimes","floor":8,"turns":2}],"seed_played":"7355238005255869367","potions_obtained":[{"floor":4,"key":"Poison Potion"},{"floor":7,"key":"Swift Potion"}],"is_trial":false,"path_per_floor":["M","M","?","M","?","R","E","M"],"character_chosen":"IRONCLAD","items_purchased":[],"campfire_rested":0,"item_purchase_floors":[],"current_hp_per_floor":[64,61,61,62,62,62,12,0],"gold":198,"neow_bonus":"THREE_CARDS","is_prod":false,"is_daily":false,"chose_seed":false,"campfire_upgraded":1,"win_rate":0,"timestamp":1564289866,"path_taken":["M","M","?","M","?","R","E","M"],"build_version":"2019-07-17","purchased_purges":0,"victory":false,"max_hp_per_floor":[75,75,68,68,68,68,68,68],"card_choices":[{"not_picked":["Flex","True Grit"],"picked":"Sever Soul","floor":0},{"not_picked":["Pommel Strike","Inflame"],"picked":"Thunderclap","floor":1},{"not_picked":["True Grit","Body Slam","Armaments"],"picked":"SKIP","floor":2},{"not_picked":["Thunderclap","Havoc"],"picked":"Disarm","floor":4},{"not_picked":["Intimidate","True Grit"],"picked":"Pommel Strike","floor":7}],"player_experience":2521439,"relics_obtained":[{"floor":7,"key":"Ancient Tea Set"}],"event_choices":[{"damage_healed":0,"gold_gain":0,"player_choice":"Lose Max HP","damage_taken":0,"relics_obtained":["Golden Idol"],"max_hp_gain":0,"max_hp_loss":7,"event_name":"Golden Idol","floor":3,"gold_loss":0},{"damage_healed":0,"gold_gain":0,"player_choice":"Leave","damage_taken":0,"max_hp_gain":0,"max_hp_loss":0,"event_name":"The Cleric","floor":5,"gold_loss":0}],"is_beta":false,"boss_relics":[],"items_purged_floors":[],"is_endless":false,"potions_floor_spawned":[4,7],"killed_by":"Lots of Slimes","ascension_level":20}