{"gold_per_floor":[111,111,75,75,5,5,5,38,92,92,106,106,106,125,125,246,246,266,281,169,169,193,3,3],"floor_reached":24,"playtime":2644,"items_purged":[],"score":217,"play_id":"3259a240-a500-4410-abb1-7e63c2aed14b","local_time":"20190805222103","is_ascension_mode":false,"campfire_choices":[{"data":"Predator","floor":6,"key":"SMITH"},{"data":"Blur","floor":10,"key":"SMITH"},{"data":"Blur","floor":12,"key":"SMITH"},{"data":"Underhanded Strike","floor":15,"key":"SMITH"}],"neow_cost":"NONE","seed_source_timestamp":472097515614493,"circlet_count":0,"master_deck":["Strike_G","Strike_G","Strike_G","Strike_G","Strike_G","Defend_G","Defend_G","Defend_G","Defend_G","Defend_G","Survivor","Neutralize","Blur+1","Blur+1","Predator+1","Deadly Poison","Flying Knee","Underhanded Strike+1","Doppelganger","Infinite Blades","Choke+1","Escape Plan","Noxious Fumes","Predator+1","Deflect+1"],"relics":["Ring of the Snake","NeowsBlessing","Bag of Preparation","Thread and Needle","Oddly Smooth Stone","Golden Idol","WristBlade","OrangePellets"],"potions_floor_usage":[],"damage_taken":[{"damage":0,"enemies":"2 Louse","floor":1,"turns":1},{"damage":0,"enemies":"3 Sentries","floor":8,"turns":1},{"damage":0,"enemies":"Small Slimes","floor":11,"turns":1},{"damage":0,"enemies":"Jaw Worm","floor":14,"turns":5},{"damage":37,"enemies":"Hexaghost","floor":16,"turns":15},{"damage":9,"enemies":"Spheric Guardian","floor":18,"turns":6},{"damage":0,"enemies":"3 Byrds","floor":19,"turns":7},{"damage":24,"enemies":"Snake Plant","floor":22,"turns":5},{"damage":33,"enemies":"Book of Stabbing","floor":24,"turns":7}],"seed_played":"3715430913816092335","potions_obtained":[{"floor":1,"key":"Strength Potion"},{"floor":8,"key":"SpeedPotion"},{"floor":14,"key":"GamblersBrew"},{"floor":18,"key":"Dexterity Potion"},{"floor":22,"key":"FearPotion"}],"is_trial":false,"path_per_floor":["M","?","$","?","$","R","$","E","T","R","M","R","?","M","R","B",null,"M","M","$","?","M","$","E"],"character_chosen":"THE_SILENT","items_purchased":["Blur","Predator","Escape Plan","Noxious Fumes","OrangePellets"],"campfire_rested":0,"item_purchase_floors":[3,5,20,20,23],"current_hp_per_floor":[70,58,58,58,58,58,58,58,58,58,58,58,58,58,58,21,65,56,56,56,56,32,32,0],"gold":3,"neow_bonus":"THREE_ENEMY_KILL","is_prod":false,"is_daily":false,"chose_seed":false,"campfire_upgraded":4,"win_rate":0.0,"timestamp":1565058063,"path_taken":["M","?","$","?","?","R","?","E","T","R","M","R","?","M","R","BOSS","M","M","$","?","M","?","E"],"build_version":"2019-07-17","purchased_purges":0,"victory":false,"max_hp_per_floor":[70,70,70,70,70,70,70,70,70,70,70,70,65,65,65,65,65,65,65,65,65,65,65,65],"card_choices":[{"not_picked":["Flying Knee","Terror"],"picked":"Blur","floor":1},{"not_picked":["Masterful Stab","Prepared"],"picked":"Deadly Poison","floor":8},{"not_picked":["Sucker Punch","Quick Slash"],"picked":"Flying Knee","floor":11},{"not_picked":["Tactician","Blade Dance"],"picked":"Underhanded Strike","floor":14},{"not_picked":["Wraith Form v2","Unload"],"picked":"Doppelganger","floor":16},{"not_picked":["Dagger Spray","Heel Hook"],"picked":"Infinite Blades","floor":18},{"not_picked":["Sucker Punch+1","Slice"],"picked":"Choke+1","floor":19},{"not_picked":["Flying Knee","Prepared"],"picked":"Deflect+1","floor":22}],"player_experience":17279,"relics_obtained":[{"floor":8,"key":"Thread and Needle"},{"floor":9,"key":"Oddly Smooth Stone"}],"event_choices":[{"damage_healed":0,"gold_gain":0,"player_choice":"Success","damage_taken":12,"relics_obtained":["Bag of Preparation"],"max_hp_gain":0,"max_hp_loss":0,"event_name":"Scrap Ooze","floor":2,"gold_loss":0},{"damage_healed":0,"gold_gain":0,"player_choice":"Ignored","damage_taken":0,"max_hp_gain":0,"max_hp_loss":0,"event_name":"Golden Wing","floor":4,"gold_loss":0},{"damage_healed":0,"gold_gain":0,"player_choice":"Lose Max HP","damage_taken":0,"relics_obtained":["Golden Idol"],"max_hp_gain":0,"max_hp_loss":5,"event_name":"Golden Idol","floor":13,"gold_loss":0},{"damage_healed":0,"gold_gain":0,"player_choice":"Copied","damage_taken":0,"max_hp_gain":0,"max_hp_loss":0,"event_name":"Duplicator","floor":21,"gold_loss":0,"cards_obtained":["Predator"]}],"is_beta":false,"boss_relics":[{"not_picked":["Empty Cage","Snecko Eye"],"picked":"WristBlade"}],"items_purged_floors":[],"is_endless":false,"potions_floor_spawned":[1,8,14,18,22],"killed_by":"Book of Stabbing","ascension_level":0}