{"gold_per_floor":[110,122,136,146,19,48,48,74,74,99,99,114,114,125,125,225,225,244,78,78,94,106,106,133,133,133,148,148,63,63,75,75,170,170,182,8,0,18,37,37,62,62,62,78,78,124,139,139,139,139],"floor_reached":50,"playtime":3470,"items_purged":["Strike_R","Strike_R"],"score":564,"play_id":"2824ac57-4580-4c7a-bae4-dc85309b3dc3","local_time":"20190710011424","is_ascension_mode":true,"campfire_choices":[{"data":"Limit Break","floor":7,"key":"SMITH"},{"floor":11,"key":"REST"},{"data":"Bash","floor":13,"key":"SMITH"},{"floor":15,"key":"REST"},{"data":"Shrug It Off","floor":23,"key":"SMITH"},{"data":"Havoc","floor":25,"key":"SMITH"},{"floor":30,"key":"REST"},{"data":"Power Through","floor":32,"key":"SMITH"},{"floor":40,"key":"REST"},{"data":"Barricade","floor":42,"key":"SMITH"},{"data":"Disarm","floor":45,"key":"SMITH"},{"floor":49,"key":"REST"}],"neow_cost":"NONE","seed_source_timestamp":48628326700320,"circlet_count":0,"master_deck":["Strike_R","Strike_R","Defend_R","Defend_R","Defend_R","Defend_R","Bash+1","Spot Weakness","Anger","Clothesline","Rampage","Limit Break+1","Ghostly Armor","Power Through+1","Offering","Headbutt","Sword Boomerang","Juggernaut","Inflame","Havoc+1","Shrug It Off+1","Havoc+1","Feel No Pain","Burning Pact","Exhume","Writhe","Barricade+1","Disarm+1","Pommel Strike+1","Corruption+1","Battle Trance+1"],"relics":["Black Blood","The Courier","Art of War","Bronze Scales","Self Forming Clay","Runic Cube","Smiling Mask","Mercury Hourglass","Paper Frog","Bag of Preparation","Lantern","Red Mask","Vajra","Kunai","Torii"],"potions_floor_usage":[4,6,24,33,33,33,41,50,50],"damage_taken":[{"damage":3,"enemies":"Small Slimes","floor":1,"turns":3},{"damage":18,"enemies":"Cultist","floor":2,"turns":5},{"damage":7,"enemies":"2 Louse","floor":3,"turns":3},{"damage":7,"enemies":"Large Slime","floor":4,"turns":3},{"damage":18,"enemies":"3 Sentries","floor":6,"turns":7},{"damage":21,"enemies":"Gremlin Nob","floor":8,"turns":5},{"damage":16,"enemies":"Lagavulin","floor":10,"turns":7},{"damage":13,"enemies":"Exordium Thugs","floor":12,"turns":4},{"damage":6,"enemies":"3 Louse","floor":14,"turns":3},{"damage":40,"enemies":"Hexaghost","floor":16,"turns":6},{"damage":17,"enemies":"Chosen","floor":18,"turns":4},{"damage":10,"enemies":"Shell Parasite","floor":21,"turns":4},{"damage":15,"enemies":"Snake Plant","floor":22,"turns":3},{"damage":24,"enemies":"Slavers","floor":24,"turns":6},{"damage":11,"enemies":"Shelled Parasite and Fungi","floor":27,"turns":6},{"damage":11,"enemies":"Chosen and Byrds","floor":31,"turns":5},{"damage":59,"enemies":"Automaton","floor":33,"turns":9},{"damage":47,"enemies":"3 Shapes","floor":35,"turns":4},{"damage":13,"enemies":"Orb Walker","floor":38,"turns":4},{"damage":20,"enemies":"3 Darklings","floor":39,"turns":6},{"damage":6,"enemies":"Giant Head","floor":41,"turns":5},{"damage":10,"enemies":"Transient","floor":44,"turns":5},{"damage":31,"enemies":"2 Orb Walkers","floor":46,"turns":5},{"damage":33,"enemies":"Maw","floor":47,"turns":7},{"damage":50,"enemies":"Donu and Deca","floor":50,"turns":7}],"seed_played":"8096897535284106342","potions_obtained":[{"floor":3,"key":"SkillPotion"},{"floor":8,"key":"LiquidBronze"},{"floor":14,"key":"Regen Potion"},{"floor":16,"key":"SpeedPotion"},{"floor":21,"key":"GamblersBrew"},{"floor":27,"key":"PowerPotion"},{"floor":31,"key":"GamblersBrew"},{"floor":39,"key":"Regen Potion"},{"floor":41,"key":"Poison Potion"},{"floor":46,"key":"Fire Potion"}],"is_trial":false,"path_per_floor":["M","M","M","M","$","E","R","E","T","E","R","M","R","M","R","B",null,"M","$","?","M","M","R","E","R","T","M","?","?","R","M","R","B",null,"M","$","?","M","M","R","E","R","T","M","R","?","M","?","R","B"],"character_chosen":"IRONCLAD","items_purchased":["Limit Break","Block Potion","Inflame","Havoc","Shrug It Off","Lantern"],"campfire_rested":5,"item_purchase_floors":[5,5,19,19,19,36],"current_hp_per_floor":[80,68,67,66,66,54,54,39,39,29,53,46,46,46,70,36,80,69,69,69,65,56,56,53,53,53,48,48,48,72,67,67,14,80,43,43,43,40,30,54,72,72,72,72,72,51,28,28,50,0],"gold":139,"neow_bonus":"REMOVE_CARD","is_prod":false,"is_daily":false,"chose_seed":false,"campfire_upgraded":7,"win_rate":0,"timestamp":1562714064,"path_taken":["M","M","M","M","$","E","R","E","T","E","R","M","R","M","R","BOSS","M","$","?","?","M","R","E","R","T","M","?","?","R","M","R","BOSS","M","$","?","M","M","R","E","R","T","M","R","?","M","?","R","BOSS"],"build_version":"2019-07-05","purchased_purges":2,"victory":false,"max_hp_per_floor":[80,80,80,80,80,80,80,80,80,80,80,80,80,80,80,80,80,80,80,80,80,80,80,80,80,80,80,80,80,80,80,80,80,80,80,80,80,80,80,80,80,80,80,80,80,80,80,76,76,76],"card_choices":[{"not_picked":["Flex","Rampage"],"picked":"Spot Weakness","floor":1},{"not_picked":["True Grit","Spot Weakness"],"picked":"Anger","floor":2},{"not_picked":["Havoc","Rage"],"picked":"Clothesline","floor":3},{"not_picked":["Rupture","Armaments"],"picked":"Rampage","floor":4},{"not_picked":["Headbutt","Demon Form"],"picked":"Ghostly Armor","floor":6},{"not_picked":["Sword Boomerang","Rampage"],"picked":"Power Through","floor":8},{"not_picked":["Flex","Anger"],"picked":"Offering","floor":10},{"not_picked":["Fire Breathing","Searing Blow"],"picked":"Headbutt","floor":12},{"not_picked":["Anger","Bloodletting"],"picked":"Sword Boomerang","floor":14},{"not_picked":["Brutality","Berserk"],"picked":"Juggernaut","floor":16},{"not_picked":["True Grit","Rage","Sentinel"],"picked":"SKIP","floor":18},{"not_picked":["Sever Soul","Clash"],"picked":"Havoc+1","floor":21},{"not_picked":["Warcry+1","Reckless Charge+1"],"picked":"Feel No Pain","floor":22},{"not_picked":["Infernal Blade","Corruption"],"picked":"Burning Pact","floor":24},{"not_picked":["Cleave","Clothesline"],"picked":"Exhume","floor":27},{"not_picked":["Wild Strike","Armaments","Dual Wield"],"picked":"SKIP","floor":31},{"not_picked":["Immolate","Double Tap"],"picked":"Barricade","floor":33},{"not_picked":["Anger","Sword Boomerang+1"],"picked":"Disarm","floor":35},{"not_picked":["Burning Pact+1","Reckless Charge+1"],"picked":"Pommel Strike+1","floor":38},{"not_picked":["Cleave+1","Perfected Strike","Rampage+1"],"picked":"SKIP","floor":39},{"not_picked":["Dual Wield","Clash"],"picked":"Corruption+1","floor":41},{"not_picked":["Iron Wave","Sword Boomerang","Perfected Strike+1"],"picked":"SKIP","floor":44},{"not_picked":["True Grit+1","Metallicize+1"],"picked":"Battle Trance+1","floor":47}],"player_experience":414395,"relics_obtained":[{"floor":6,"key":"The Courier"},{"floor":8,"key":"Art of War"},{"floor":9,"key":"Bronze Scales"},{"floor":10,"key":"Self Forming Clay"},{"floor":24,"key":"Smiling Mask"},{"floor":26,"key":"Mercury Hourglass"},{"floor":41,"key":"Vajra"},{"floor":43,"key":"Kunai"},{"floor":46,"key":"Torii"}],"event_choices":[{"damage_healed":0,"gold_gain":0,"player_choice":"Ignored","damage_taken":0,"max_hp_gain":0,"max_hp_loss":0,"event_name":"NoteForYourself","floor":20,"gold_loss":0},{"damage_healed":0,"gold_gain":0,"player_choice":"Opened","damage_taken":0,"relics_obtained":["Paper Frog"],"max_hp_gain":0,"max_hp_loss":0,"event_name":"The Mausoleum","floor":28,"gold_loss":0,"cards_obtained":["Writhe"]},{"damage_healed":0,"gold_gain":0,"player_choice":"Obtained Relic","damage_taken":0,"relics_obtained":["Bag of Preparation"],"max_hp_gain":0,"max_hp_loss":0,"event_name":"Addict","floor":29,"gold_loss":85},{"damage_healed":0,"gold_gain":0,"player_choice":"Paid","damage_taken":0,"relics_obtained":["Red Mask"],"max_hp_gain":0,"max_hp_loss":0,"event_name":"Tomb of Lord Red Mask","floor":37,"gold_loss":8},{"damage_healed":0,"gold_gain":0,"player_choice":"Fight","damage_taken":0,"max_hp_gain":0,"max_hp_loss":0,"event_name":"Mysterious Sphere","floor":46,"gold_loss":0},{"damage_healed":0,"gold_gain":0,"player_choice":"Max HP","damage_taken":0,"max_hp_gain":0,"max_hp_loss":4,"event_name":"Winding Halls","floor":48,"gold_loss":0}],"is_beta":false,"boss_relics":[{"not_picked":["Lizard Tail","Pandora\u0027s Box"],"picked":"Runic Cube"},{"not_picked":["Calling Bell","Tiny House"],"picked":"Black Blood"}],"items_purged_floors":[19,36],"is_endless":false,"potions_floor_spawned":[3,8,14,16,21,27,31,39,41,46],"killed_by":"Donu and Deca","ascension_level":1}