{"gold_per_floor":[115,129,144,144,144,144,8,43,43,53,78,78,90,102,102,203,203,214,129,140,16,16,47,47,47,99,110,142,142],"floor_reached":29,"playtime":6218,"items_purged":["Tactician"],"score":387,"play_id":"2d76fe1a-39bc-49a1-b8b5-ae27c2bfccb9","local_time":"20190728233738","is_ascension_mode":true,"campfire_choices":[{"floor":6,"key":"REST"},{"floor":12,"key":"REST"},{"floor":15,"key":"RECALL"},{"floor":24,"key":"REST"}],"neow_cost":"NONE","seed_source_timestamp":2988428647834,"circlet_count":0,"master_deck":["Survivor","Neutralize+1","Cloak And Dagger","Dagger Throw","Noxious Fumes","Unload","Dagger Spray+1","Cloak And Dagger","Escape Plan","PiercingWail","Adrenaline","Bullet Time","Underhanded Strike+1","Venomology","Storm of Steel","Burst","A Thousand Cuts","Footwork","Finisher+1","Skewer+1","Cloak And Dagger","Backflip","Backflip","Prepared+1"],"relics":["Fusion Hammer","Molten Egg 2","Singing Bowl","Whetstone","Pandora\u0027s Box","Tough Bandages","WingedGreaves","Question Card","Omamori","Darkstone Periapt"],"potions_floor_usage":[16,18,20,23,27,28,28,28,28,29],"damage_taken":[{"damage":2,"enemies":"Cultist","floor":1,"turns":4},{"damage":4,"enemies":"Small Slimes","floor":2,"turns":4},{"damage":0,"enemies":"Jaw Worm","floor":3,"turns":2},{"damage":15,"enemies":"3 Sentries","floor":8,"turns":8},{"damage":1,"enemies":"Blue Slaver","floor":10,"turns":3},{"damage":0,"enemies":"Lagavulin","floor":11,"turns":6},{"damage":0,"enemies":"3 Louse","floor":13,"turns":1},{"damage":0,"enemies":"Large Slime","floor":14,"turns":4},{"damage":29,"enemies":"Hexaghost","floor":16,"turns":11},{"damage":19,"enemies":"Chosen","floor":18,"turns":5},{"damage":8,"enemies":"Shell Parasite","floor":20,"turns":4},{"damage":18,"enemies":"Slavers","floor":23,"turns":5},{"damage":18,"enemies":"Chosen and Byrds","floor":27,"turns":5},{"damage":26,"enemies":"Book of Stabbing","floor":28,"turns":5},{"damage":17,"enemies":"Centurion and Healer","floor":29,"turns":3}],"seed_played":"-3082616160559419145","potions_obtained":[{"floor":11,"key":"FearPotion"},{"floor":13,"key":"LiquidBronze"},{"floor":14,"key":"EssenceOfSteel"},{"floor":16,"key":"Swift Potion"}],"is_trial":false,"path_per_floor":["M","M","M","?","T","R","$","E","T","M","E","R","M","M","R","B",null,"M","?","M","$","?","E","R","?","T","M","E","M"],"character_chosen":"THE_SILENT","items_purchased":["Unload","Cloak And Dagger"],"campfire_rested":3,"item_purchase_floors":[7,21],"current_hp_per_floor":[61,57,57,50,50,70,70,55,55,54,54,70,72,72,72,43,65,48,48,40,40,40,22,44,44,44,26,15,0],"gold":142,"neow_bonus":"BOSS_RELIC","is_prod":false,"is_daily":false,"chose_seed":false,"campfire_upgraded":0,"win_rate":0,"timestamp":1564349858,"path_taken":["M","?","M","?","?","R","$","E","T","M","E","R","M","M","R","BOSS","M","?","M","$","?","E","R","?","T","?","E","M"],"build_version":"2019-07-17","purchased_purges":1,"victory":false,"max_hp_per_floor":[70,70,70,70,70,70,70,70,70,70,70,70,72,72,72,72,72,74,74,74,74,74,74,74,74,74,74,74,74],"card_choices":[{"not_picked":["Deflect","Blade Dance"],"picked":"Cloak And Dagger","floor":1},{"not_picked":["Dagger Spray","Poisoned Stab"],"picked":"Dagger Throw","floor":2},{"not_picked":["Heel Hook","Infinite Blades"],"picked":"Noxious Fumes","floor":3},{"not_picked":["Dodge and Roll","Deflect"],"picked":"Dagger Spray","floor":8},{"not_picked":["Deadly Poison","Grand Finale+1"],"picked":"Cloak And Dagger","floor":10},{"not_picked":["Deadly Poison","Blade Dance"],"picked":"Escape Plan","floor":11},{"not_picked":["Underhanded Strike+1","Dagger Spray+1","Dodge and Roll"],"picked":"Singing Bowl","floor":13},{"not_picked":["Cloak And Dagger","Flying Knee+1"],"picked":"PiercingWail","floor":14},{"not_picked":["Grand Finale+1","After Image"],"picked":"Adrenaline","floor":16},{"not_picked":["Expertise","Reflex","Flying Knee+1"],"picked":"Singing Bowl","floor":18},{"not_picked":["Eviscerate+1","Catalyst"],"picked":"Skewer+1","floor":20},{"not_picked":["Prepared","Riddle With Holes+1"],"picked":"Backflip","floor":23},{"not_picked":["Accuracy","Deadly Poison","Concentrate+1"],"picked":"Backflip","floor":27},{"not_picked":["Setup","Riddle With Holes+1","Finisher+1"],"picked":"Prepared+1","floor":28}],"player_experience":626913,"relics_obtained":[{"floor":8,"key":"Molten Egg 2"},{"floor":9,"key":"Singing Bowl"},{"floor":11,"key":"Whetstone"},{"floor":23,"key":"WingedGreaves"},{"floor":26,"key":"Omamori"},{"floor":28,"key":"Darkstone Periapt"}],"event_choices":[{"cards_removed":["Strike_G"],"damage_healed":0,"gold_gain":0,"player_choice":"Card Removal","damage_taken":7,"max_hp_gain":0,"max_hp_loss":0,"event_name":"Golden Wing","floor":4,"gold_loss":0},{"damage_healed":0,"gold_gain":0,"player_choice":"Obtained Relic","damage_taken":0,"relics_obtained":["Tough Bandages"],"max_hp_gain":0,"max_hp_loss":0,"event_name":"Addict","floor":19,"gold_loss":85},{"damage_healed":0,"gold_gain":0,"player_choice":"Ignored","damage_taken":0,"max_hp_gain":0,"max_hp_loss":0,"event_name":"Vampires","floor":22,"gold_loss":0},{"damage_healed":0,"gold_gain":0,"player_choice":"Opened","damage_taken":0,"relics_obtained":["Question Card"],"max_hp_gain":0,"max_hp_loss":0,"event_name":"The Mausoleum","floor":25,"gold_loss":0}],"is_beta":false,"boss_relics":[{"not_picked":["Sozu","Lizard Tail"],"picked":"Pandora\u0027s Box"}],"items_purged_floors":[21],"is_endless":false,"potions_floor_spawned":[11,13,14,16,27],"killed_by":"Centurion and Healer","ascension_level":6}