{"gold_per_floor":[110,129,197,207,132,160,160,174,220,255,269,269,285,316,316,414,414,429,71,71,71,21,53,53,67,67,78,27,46,63,81,81,182,182,199,219,28,47,62,89,89,115,139,139],"floor_reached":44,"playtime":3368,"items_purged":["Strike_R"],"score":752,"play_id":"41bd5c3b-4a1a-4e21-9f83-5dfe0b346ff1","local_time":"20190805014227","is_ascension_mode":true,"campfire_choices":[{"floor":7,"key":"REST"},{"floor":12,"key":"REST"},{"floor":15,"key":"REST"},{"floor":24,"key":"REST"},{"floor":32,"key":"REST"},{"floor":41,"key":"REST"}],"neow_cost":"NONE","seed_source_timestamp":43172757717538,"circlet_count":0,"master_deck":["Strike_R+1","Strike_R","Strike_R","Strike_R+1","Defend_R","Defend_R","Defend_R","Defend_R","Bash","Clothesline","Juggernaut","Dropkick+1","Double Tap","Armaments","Rampage+1","Limit Break","Impervious","True Grit","Body Slam+1","Necronomicurse","Offering","Iron Wave+1","Ghostly Armor+1","Pommel Strike+1","Metallicize","Demon Form","Shrug It Off+1","Feel No Pain+1","Juggernaut","Seeing Red","Evolve+1"],"relics":["Burning Blood","Molten Egg 2","Bag of Preparation","Art of War","Shuriken","Letter Opener","Fusion Hammer","Ginger","Necronomicon","MutagenicStrength","Bottled Lightning","Vajra","Philosopher\u0027s Stone","DollysMirror","Blood Vial","Whetstone","Regal Pillow"],"potions_floor_usage":[6,11,14,14,16,23,27,29,30,38,40,42],"damage_taken":[{"damage":15,"enemies":"Cultist","floor":1,"turns":5},{"damage":4,"enemies":"Jaw Worm","floor":2,"turns":4},{"damage":0,"enemies":"Small Slimes","floor":4,"turns":3},{"damage":51,"enemies":"Lagavulin","floor":6,"turns":8},{"damage":2,"enemies":"2 Fungi Beasts","floor":8,"turns":4},{"damage":45,"enemies":"3 Sentries","floor":10,"turns":9},{"damage":15,"enemies":"Gremlin Gang","floor":11,"turns":7},{"damage":9,"enemies":"3 Louse","floor":13,"turns":3},{"damage":0,"enemies":"Gremlin Nob","floor":14,"turns":2},{"damage":64,"enemies":"Slime Boss","floor":16,"turns":10},{"damage":22,"enemies":"Spheric Guardian","floor":18,"turns":4},{"damage":35,"enemies":"Slavers","floor":23,"turns":5},{"damage":4,"enemies":"Shell Parasite","floor":25,"turns":3},{"damage":20,"enemies":"Snake Plant","floor":27,"turns":5},{"damage":4,"enemies":"Centurion and Healer","floor":29,"turns":3},{"damage":10,"enemies":"Sentry and Sphere","floor":30,"turns":5},{"damage":17,"enemies":"Chosen and Byrds","floor":31,"turns":5},{"damage":49,"enemies":"Champ","floor":33,"turns":8},{"damage":16,"enemies":"3 Darklings","floor":35,"turns":5},{"damage":0,"enemies":"Orb Walker","floor":36,"turns":3},{"damage":16,"enemies":"Spire Growth","floor":38,"turns":3},{"damage":18,"enemies":"3 Darklings","floor":39,"turns":4},{"damage":16,"enemies":"Giant Head","floor":40,"turns":7},{"damage":40,"enemies":"Nemesis","floor":42,"turns":7},{"damage":36,"enemies":"Sphere and 2 Shapes","floor":44,"turns":5}],"seed_played":"-531954839257100438","potions_obtained":[{"floor":1,"key":"Explosive Potion"},{"floor":6,"key":"Strength Potion"},{"floor":11,"key":"Strength Potion"},{"floor":13,"key":"FearPotion"},{"floor":14,"key":"BloodPotion"},{"floor":18,"key":"Weak Potion"},{"floor":25,"key":"PowerPotion"},{"floor":27,"key":"Regen Potion"},{"floor":33,"key":"Dexterity Potion"},{"floor":35,"key":"AttackPotion"},{"floor":39,"key":"SpeedPotion"},{"floor":40,"key":"Weak Potion"}],"is_trial":false,"path_per_floor":["M","M","T","M","$","E","R","M","T","E","M","R","M","E","R","B",null,"M","$","?","?","?","E","R","M","T","M","$","M","M","M","R","B",null,"M","M","$","M","M","E","R","E","T","M"],"character_chosen":"IRONCLAD","items_purchased":["Ginger","Body Slam+1","SkillPotion","DollysMirror"],"campfire_rested":6,"item_purchase_floors":[19,19,28,37],"current_hp_per_floor":[71,73,73,79,79,34,60,64,64,25,16,42,39,45,71,35,75,59,59,43,43,43,14,40,42,42,28,28,30,40,29,55,12,69,59,65,65,55,43,33,59,27,27,0],"gold":139,"neow_bonus":"TEN_PERCENT_HP_BONUS","is_prod":false,"is_daily":false,"chose_seed":false,"campfire_upgraded":0,"win_rate":0,"timestamp":1564987347,"path_taken":["M","M","?","M","$","E","R","M","T","E","M","R","M","E","R","BOSS","M","$","?","?","?","E","R","M","T","M","$","M","M","?","R","BOSS","M","M","$","M","M","E","R","E","T","M"],"build_version":"2019-07-17","purchased_purges":1,"victory":false,"max_hp_per_floor":[88,88,88,88,88,88,88,88,88,88,88,88,88,88,88,88,88,88,88,88,88,88,88,88,88,88,88,88,88,88,88,88,88,88,88,88,88,88,88,88,88,88,88,88],"card_choices":[{"not_picked":["Battle Trance","Metallicize"],"picked":"Clothesline","floor":1},{"not_picked":["Corruption","Hemokinesis","Heavy Blade"],"picked":"SKIP","floor":2},{"not_picked":["Hemokinesis+1","Entrench","Iron Wave+1"],"picked":"SKIP","floor":4},{"not_picked":["Flex","Intimidate"],"picked":"Juggernaut","floor":6},{"not_picked":["Armaments","Ghostly Armor"],"picked":"Dropkick+1","floor":8},{"not_picked":["Clash+1","Sentinel"],"picked":"Double Tap","floor":10},{"not_picked":["Shockwave","Anger+1"],"picked":"Armaments","floor":11},{"not_picked":["Wild Strike+1","Perfected Strike+1"],"picked":"Rampage+1","floor":13},{"not_picked":["Anger+1","Wild Strike+1"],"picked":"Limit Break","floor":14},{"not_picked":["Brutality","Exhume"],"picked":"Impervious","floor":16},{"not_picked":["Twin Strike+1","Thunderclap+1"],"picked":"True Grit","floor":18},{"not_picked":["Searing Blow+1","Feel No Pain"],"picked":"Offering","floor":23},{"not_picked":["Headbutt+1","Flex+1","Reckless Charge+1"],"picked":"SKIP","floor":25},{"not_picked":["Pummel+1","Twin Strike+1"],"picked":"Iron Wave+1","floor":27},{"not_picked":["Warcry","Body Slam+1"],"picked":"Ghostly Armor+1","floor":29},{"not_picked":["Anger+1","Rage"],"picked":"Pommel Strike+1","floor":30},{"not_picked":["Battle Trance","Feel No Pain"],"picked":"Metallicize","floor":31},{"not_picked":["Brutality","Exhume"],"picked":"Demon Form","floor":33},{"not_picked":["Iron Wave+1","Thunderclap+1"],"picked":"Shrug It Off+1","floor":35},{"not_picked":["Spot Weakness+1","Fire Breathing"],"picked":"Feel No Pain+1","floor":36},{"not_picked":["Rampage+1","Body Slam+1","Anger+1"],"picked":"SKIP","floor":38},{"not_picked":["Sentinel","Fire Breathing+1"],"picked":"Seeing Red","floor":39},{"not_picked":["True Grit","Rupture"],"picked":"Evolve+1","floor":40},{"not_picked":["Headbutt+1","Twin Strike+1","Sword Boomerang+1"],"picked":"SKIP","floor":42}],"player_experience":622992,"relics_obtained":[{"floor":3,"key":"Molten Egg 2"},{"floor":6,"key":"Bag of Preparation"},{"floor":9,"key":"Art of War"},{"floor":10,"key":"Shuriken"},{"floor":14,"key":"Letter Opener"},{"floor":20,"key":"Necronomicon"},{"floor":23,"key":"Bottled Lightning"},{"floor":26,"key":"Vajra"},{"floor":40,"key":"Blood Vial"},{"floor":42,"key":"Whetstone"},{"floor":43,"key":"Regal Pillow"}],"event_choices":[{"damage_healed":0,"gold_gain":0,"player_choice":"Obtained Book","damage_taken":16,"max_hp_gain":0,"max_hp_loss":0,"event_name":"Cursed Tome","floor":20,"gold_loss":0},{"damage_healed":0,"gold_gain":0,"player_choice":"Inject Mutagens","damage_taken":0,"relics_obtained":["MutagenicStrength"],"max_hp_gain":0,"max_hp_loss":0,"event_name":"Drug Dealer","floor":21,"gold_loss":0},{"damage_healed":0,"gold_gain":0,"player_choice":"Bet on Murderer","damage_taken":0,"max_hp_gain":0,"max_hp_loss":0,"event_name":"The Joust","floor":22,"gold_loss":50}],"is_beta":false,"boss_relics":[{"not_picked":["Astrolabe","Eternal Feather"],"picked":"Fusion Hammer"},{"not_picked":["White Beast Statue","Runic Dome"],"picked":"Philosopher\u0027s Stone"}],"items_purged_floors":[5],"is_endless":false,"potions_floor_spawned":[1,6,11,13,14,18,25,27,33,35,39,40],"killed_by":"Sphere and 2 Shapes","ascension_level":8}