{"gold_per_floor":[109,128,10,22,22,56,68,99,111,450,462,474,486,509,521,533],"floor_reached":16,"playtime":1170,"items_purged":[],"score":138,"play_id":"b2793aae-c293-4382-a26b-29b577b69183","local_time":"20190707204246","is_ascension_mode":true,"campfire_choices":[{"data":"Spot Weakness","floor":7,"key":"SMITH"},{"data":"Immolate","floor":13,"key":"SMITH"},{"data":"Armaments","floor":15,"key":"SMITH"}],"neow_cost":"NONE","seed_source_timestamp":83380552139400,"circlet_count":0,"master_deck":["Strike_R","Strike_R","Strike_R","Defend_R","Defend_R","Defend_R","Defend_R","Bash","Armaments+1","Heavy Blade","Spot Weakness+1","Corruption","Burning Pact","Reaper","Disarm","Fiend Fire","Immolate+1","Sentinel"],"relics":["Burning Blood","MawBank","Bottled Flame","Old Coin","Question Card"],"potions_floor_usage":[10,16],"damage_taken":[{"damage":1,"enemies":"Cultist","floor":1,"turns":4},{"damage":10,"enemies":"Jaw Worm","floor":2,"turns":4},{"damage":0,"enemies":"Small Slimes","floor":4,"turns":3},{"damage":75,"enemies":"3 Sentries","floor":6,"turns":9},{"damage":11,"enemies":"2 Fungi Beasts","floor":8,"turns":4},{"damage":55,"enemies":"Lagavulin","floor":10,"turns":12},{"damage":0,"enemies":"Lots of Slimes","floor":14,"turns":1},{"damage":78,"enemies":"Slime Boss","floor":16,"turns":7}],"seed_played":"6286918687049834206","potions_obtained":[{"floor":1,"key":"AttackPotion"},{"floor":2,"key":"BloodPotion"}],"is_trial":false,"path_per_floor":["M","M","$","M","?","E","R","M","T","E","?","?","R","M","R","B"],"character_chosen":"IRONCLAD","items_purchased":["Spot Weakness","Corruption"],"campfire_rested":0,"item_purchase_floors":[3,3],"current_hp_per_floor":[80,76,76,80,80,36,36,47,47,26,14,40,40,46,46,0],"gold":533,"neow_bonus":"REMOVE_CARD","is_prod":false,"is_daily":false,"chose_seed":false,"campfire_upgraded":3,"win_rate":0,"timestamp":1562546566,"path_taken":["M","?","$","M","?","E","R","M","T","E","?","?","R","M","R","BOSS"],"build_version":"2019-07-05","purchased_purges":0,"victory":false,"max_hp_per_floor":[80,80,80,80,80,80,80,80,80,80,80,80,80,80,80,80],"card_choices":[{"not_picked":["Sever Soul","Iron Wave"],"picked":"Armaments","floor":1},{"not_picked":["Iron Wave","Ghostly Armor"],"picked":"Heavy Blade","floor":2},{"not_picked":["Dual Wield","Intimidate"],"picked":"Burning Pact","floor":4},{"not_picked":["Combust","Heavy Blade"],"picked":"Disarm","floor":6},{"not_picked":["Armaments","Second Wind"],"picked":"Fiend Fire","floor":8},{"not_picked":["Flex","Cleave"],"picked":"Immolate","floor":10},{"not_picked":["Warcry","Anger","Pommel Strike"],"picked":"Sentinel","floor":14}],"player_experience":454020,"relics_obtained":[{"floor":6,"key":"MawBank"},{"floor":9,"key":"Bottled Flame"},{"floor":10,"key":"Old Coin"}],"event_choices":[{"damage_healed":0,"gold_gain":0,"cards_transformed":["Strike_R"],"player_choice":"Change","damage_taken":0,"max_hp_gain":0,"max_hp_loss":0,"event_name":"Living Wall","floor":5,"gold_loss":0,"cards_obtained":["Reaper"]},{"damage_healed":0,"gold_gain":0,"player_choice":"Success","damage_taken":12,"relics_obtained":["Question Card"],"max_hp_gain":0,"max_hp_loss":0,"event_name":"Scrap Ooze","floor":11,"gold_loss":0},{"damage_healed":26,"gold_gain":0,"player_choice":"Banana","damage_taken":0,"max_hp_gain":0,"max_hp_loss":0,"event_name":"Big Fish","floor":12,"gold_loss":0}],"is_beta":false,"boss_relics":[],"items_purged_floors":[],"is_endless":false,"potions_floor_spawned":[1,2],"killed_by":"Slime Boss","ascension_level":5}