{"gold_per_floor":[112,287,287,305,321,321,352,352,352,352,362,362,362,362,382,392,392,392],"floor_reached":18,"playtime":956,"items_purged":[],"score":118,"play_id":"30986af2-4fca-4f96-b450-48769a89aad8","local_time":"20190806233738","is_ascension_mode":true,"campfire_choices":[{"data":"Zap","floor":6,"key":"SMITH"},{"data":"ReplayTheSpireMod:Calculation Training","floor":10,"key":"SMITH"},{"data":"Ball Lightning","floor":17,"key":"SMITH"}],"neow_cost":"NONE","seed_source_timestamp":204609063034853,"circlet_count":0,"master_deck":["Strike_B","Strike_B","Strike_B","Strike_B","Defend_B+1","Defend_B","Defend_B","Defend_B","Zap+1","Dualcast","Pot Of Greed","Conserve Battery","Doubt","Mayhem+1","Stack","Ball Lightning+1","ReplayTheSpireMod:Calculation Training+1","Seek","Panic Button","Hologram"],"relics":["Cracked Core","Grinning Jar","Replay:Accelerometer","infinitespire:EmpoweringShard","Carrot"],"potions_floor_usage":[18],"damage_taken":[{"damage":1,"enemies":"Jaw Worm","floor":1,"turns":4},{"damage":0,"enemies":"Small Slimes","floor":4,"turns":3},{"damage":7,"enemies":"2 Louse","floor":5,"turns":3},{"damage":7,"enemies":"Lagavulin","floor":7,"turns":7},{"damage":5,"enemies":"Looter","floor":11,"turns":3},{"damage":0,"enemies":"Red Slaver","floor":15,"turns":3},{"damage":13,"enemies":"Exordium Thugs","floor":16,"turns":3},{"damage":87,"enemies":"Fading Forest","floor":18,"turns":10}],"seed_played":"6237331905370882640","potions_obtained":[{"floor":1,"key":"PowerPotion"},{"floor":5,"key":"Energy Potion"},{"floor":7,"key":"Energy Potion"}],"is_trial":false,"path_per_floor":["M","?","?","M","M","R","E","?","T","R","M","T","PTL","PTL","M","M","R","B"],"character_chosen":"DEFECT","items_purchased":[],"campfire_rested":0,"item_purchase_floors":[],"current_hp_per_floor":[74,74,74,74,67,67,60,60,60,60,55,55,55,55,55,42,42,0],"gold":392,"neow_bonus":"RANDOM_COMMON_RELIC","is_prod":false,"is_daily":false,"chose_seed":false,"campfire_upgraded":3,"win_rate":0,"timestamp":1565149058,"path_taken":["M","?","?","M","M","R","E","?","T","R","M","?","PTL","PTL","M","M","R","BOSS"],"build_version":"2019-07-17","purchased_purges":0,"victory":false,"max_hp_per_floor":[75,75,75,75,75,75,75,75,75,75,75,75,75,75,75,75,75,75],"card_choices":[{"not_picked":["Leap","Streamline"],"picked":"Conserve Battery","floor":1},{"not_picked":["Steam","Reprogram"],"picked":"Stack","floor":4},{"not_picked":["White Noise","Barrage"],"picked":"Ball Lightning","floor":5},{"not_picked":["Rebound","Scrape"],"picked":"ReplayTheSpireMod:Calculation Training","floor":7},{"not_picked":["Rip and Tear","Force Field"],"picked":"Seek","floor":11},{"not_picked":["Ball Lightning","Gash"],"picked":"Panic Button","floor":15},{"not_picked":["Barrage","ReplayTheSpireMod:System Scan"],"picked":"Hologram","floor":16}],"player_experience":90182,"relics_obtained":[{"floor":7,"key":"Replay:Accelerometer"},{"floor":9,"key":"infinitespire:EmpoweringShard"},{"floor":12,"key":"Carrot"}],"event_choices":[{"damage_healed":0,"gold_gain":175,"player_choice":"AGREE","damage_taken":0,"max_hp_gain":0,"max_hp_loss":0,"event_name":"Liars Game","floor":2,"gold_loss":0,"cards_obtained":["Doubt"]}],"is_beta":false,"boss_relics":[],"items_purged_floors":[],"is_endless":true,"potions_floor_spawned":[1,5,7,15],"killed_by":"Fading Forest","ascension_level":1}