{"gold_per_floor":[118,118,132,132,102,102,114,114,114,114,125,151,171,191,191,191],"floor_reached":16,"playtime":651,"items_purged":[],"score":168,"play_id":"947756dc-affb-417b-bca4-9078d2ca00fc","local_time":"20190727171207","is_ascension_mode":true,"campfire_choices":[{"data":"Armaments","floor":6.0,"key":"SMITH"},{"data":"Body Slam","floor":8.0,"key":"SMITH"},{"data":"Strike_R","floor":10.0,"key":"SMITH"},{"floor":15.0,"key":"REST"}],"neow_cost":"NONE","seed_source_timestamp":20707061373699,"circlet_count":0,"master_deck":["AscendersBane","Strike_R+1","Strike_R","Strike_R","Strike_R","Strike_R","Defend_R","Defend_R","Defend_R","Bash+1","Body Slam+1","Armaments+1","True Grit","Shrug It Off","Corruption"],"special_seed":0,"relics":["Burning Blood","Paper Frog","Incense Burner","Question Card"],"potions_floor_usage":[16],"damage_taken":[{"damage":7.0,"enemies":"Jaw Worm","floor":1.0,"turns":3.0},{"damage":10.0,"enemies":"2 Louse","floor":3.0,"turns":2.0},{"damage":5.0,"enemies":"Cultist","floor":7.0,"turns":4.0},{"damage":27.0,"enemies":"Exordium Wildlife","floor":11.0,"turns":6.0},{"damage":35.0,"enemies":"Lagavulin","floor":12.0,"turns":5.0},{"damage":6.0,"enemies":"Looter","floor":13.0,"turns":3.0},{"damage":3.0,"enemies":"Red Slaver","floor":14.0,"turns":3.0},{"damage":70,"enemies":"The Guardian","floor":16,"turns":14}],"seed_played":"-1942791583871574305","potions_obtained":[{"floor":5.0,"key":"FairyPotion"},{"floor":5.0,"key":"Swift Potion"},{"floor":7.0,"key":"SkillPotion"},{"floor":11.0,"key":"SpeedPotion"}],"is_trial":false,"path_per_floor":["M","?","M","T","?","R","M","R","T","R","M","E","M","M","R","B"],"character_chosen":"IRONCLAD","items_purchased":[],"campfire_rested":1,"item_purchase_floors":[],"current_hp_per_floor":[71,64,60,60,60,60,61,61,61,61,40,11,11,14,38,0],"gold":191,"neow_bonus":"UPGRADE_CARD","is_prod":false,"is_daily":false,"chose_seed":false,"campfire_upgraded":3,"win_rate":0,"timestamp":1564240327,"path_taken":["M","?","M","?","?","R","?","R","T","R","M","E","M","M","R","BOSS"],"build_version":"2019-07-05","purchased_purges":0,"victory":false,"max_hp_per_floor":[80,80,80,80,80,80,80,80,80,80,80,80,80,80,80,80],"card_choices":[{"not_picked":["Iron Wave","Heavy Blade"],"picked":"Body Slam","floor":1.0},{"not_picked":["Twin Strike","Warcry"],"picked":"Armaments","floor":3.0},{"not_picked":["Armaments","Sword Boomerang","Warcry"],"picked":"SKIP","floor":7.0},{"not_picked":["Hemokinesis","Twin Strike","Rupture"],"picked":"SKIP","floor":11.0},{"not_picked":["Heavy Blade","Hemokinesis"],"picked":"True Grit","floor":12.0},{"not_picked":["Sword Boomerang","Havoc","Twin Strike"],"picked":"Shrug It Off","floor":13.0},{"not_picked":["Wild Strike","Rage","Perfected Strike"],"picked":"Corruption","floor":14.0}],"player_experience":372183,"relics_obtained":[{"floor":4.0,"key":"Paper Frog"},{"floor":9.0,"key":"Incense Burner"},{"floor":12.0,"key":"Question Card"}],"event_choices":[{"cards_removed":["Defend_R"],"damage_healed":0.0,"max_hp_gain":0.0,"max_hp_loss":0.0,"gold_gain":0.0,"event_name":"Golden Wing","player_choice":"Card Removal","floor":2.0,"gold_loss":0.0,"damage_taken":7.0},{"damage_healed":0.0,"max_hp_gain":0.0,"max_hp_loss":0.0,"gold_gain":0.0,"event_name":"The Woman in Blue","player_choice":"Bought 2 Potions","floor":5.0,"gold_loss":0.0,"damage_taken":0.0}],"is_beta":false,"boss_relics":[],"items_purged_floors":[],"is_endless":false,"potions_floor_spawned":[7,11],"killed_by":"The Guardian","ascension_level":13}