{"gold_per_floor":[110,35,35,11,82,82,95,124,206,206,206,236,249,249,249,249],"floor_reached":16,"playtime":577,"items_purged":["Strike_B"],"score":127,"play_id":"da630138-c33c-46d9-ae8b-c1d3f4ed783a","local_time":"20180908003414","is_ascension_mode":true,"campfire_choices":[{"data":"Dualcast","floor":6.0,"key":"SMITH"},{"data":"Hologram","floor":10.0,"key":"SMITH"},{"data":"Zap","floor":15.0,"key":"SMITH"}],"neow_cost":"","seed_source_timestamp":0,"circlet_count":0,"master_deck":["Strike_B","Strike_B","Defend_B+1","Defend_B","Defend_B","Defend_B","Zap+1","Dualcast+1","Chill+1","Hologram+1","Core Surge","Chill"],"special_seed":0,"relics":["Cracked Core","Blue Candle","Bag of Marbles","Darkstone Periapt","Nunchaku"],"potions_floor_usage":[],"damage_taken":[{"damage":5.0,"enemies":"2 Louse","floor":1.0,"turns":3.0},{"damage":0.0,"enemies":"Jaw Worm","floor":7.0,"turns":4.0},{"damage":20.0,"enemies":"Lagavulin","floor":8.0,"turns":8.0},{"damage":33.0,"enemies":"Gremlin Nob","floor":12.0,"turns":5.0},{"damage":0.0,"enemies":"Cultist","floor":13.0,"turns":2.0},{"damage":23,"enemies":"Hexaghost","floor":16,"turns":11}],"seed_played":"-3284553831728457942","potions_obtained":[{"floor":7.0,"key":"Energy Potion"},{"floor":8.0,"key":"Swift Potion"},{"floor":13.0,"key":"Energy Potion"}],"is_trial":false,"path_per_floor":["M","$","?","$","T","R","M","E","T","R","?","E","M","?","R"],"character_chosen":"DEFECT","items_purchased":["Hologram"],"campfire_rested":0,"item_purchase_floors":[4],"current_hp_per_floor":[70,70,55,55,55,55,55,35,35,35,60,27,27,20,20,0],"gold":249,"neow_bonus":"","is_prod":false,"is_daily":false,"chose_seed":false,"campfire_upgraded":3,"win_rate":0,"timestamp":1536392054,"path_taken":["M","$","?","$","?","R","M","E","T","R","?","E","?","?","R","BOSS"],"build_version":"2018-09-06","purchased_purges":1,"victory":false,"max_hp_per_floor":[75,75,75,75,75,75,75,75,75,75,75,75,75,75,75,75],"card_choices":[{"not_picked":["Go for the Eyes","Cold Snap"],"picked":"Chill","floor":1.0},{"not_picked":["Auto Shields","Lockon","Stack"],"picked":"SKIP","floor":7.0},{"not_picked":["Barrage","Turbo","Beam Cell"],"picked":"SKIP","floor":8.0},{"not_picked":["Turbo","Melter"],"picked":"Core Surge","floor":12.0},{"not_picked":["Sweeping Beam","Stack"],"picked":"Chill","floor":13.0}],"player_experience":270033,"relics_obtained":[{"floor":5.0,"key":"Blue Candle"},{"floor":8.0,"key":"Bag of Marbles"},{"floor":9.0,"key":"Darkstone Periapt"},{"floor":12.0,"key":"Nunchaku"}],"event_choices":[{"event_name":"Shining Light","player_choice":"Entered Light","floor":3.0,"damage_taken":0.0},{"event_name":"Big Fish","player_choice":"Banana","floor":11.0,"damage_taken":0.0},{"event_name":"Golden Wing","player_choice":"Card Removal","floor":14.0,"damage_taken":0.0}],"is_beta":false,"boss_relics":[],"items_purged_floors":[2],"is_endless":false,"potions_floor_spawned":[7,8,13],"killed_by":"Hexaghost","ascension_level":4}