{"gold_per_floor":[113,125,6,6,6,37,37,55,82,82,145,145,164,191,191,264,264,274,292,292,292,292,292,327,327,401,401,418,169,195,210,210,281,281,293,309,209,223,242,242,275,287,310,310,326,326,426,426,426,426,426],"floor_reached":52,"playtime":2412,"items_purged":["Strike_R+1","Strike_R+1"],"score":1991,"play_id":"9daa9a90-cfec-4bca-95c8-2860b36c56f1","local_time":"20181203202246","is_ascension_mode":true,"campfire_choices":[{"data":"True Grit","floor":7.0,"key":"SMITH"},{"data":"Inflame","floor":10.0,"key":"SMITH"},{"data":"Clothesline","floor":12.0,"key":"SMITH"},{"data":"Shockwave","floor":15.0,"key":"SMITH"},{"floor":23.0,"key":"REST"},{"data":"Demon Form","floor":25.0,"key":"SMITH"},{"data":"Heavy Blade","floor":32.0,"key":"SMITH"},{"data":"Shrug It Off","floor":40.0,"key":"SMITH"},{"data":"Bash","floor":46.0,"key":"SMITH"},{"floor":49.0,"key":"REST"}],"neow_cost":"NONE","seed_source_timestamp":28744285878291,"circlet_count":0,"master_deck":["AscendersBane","Strike_R+1","Defend_R+1","Defend_R+1","Defend_R+1","Defend_R+1","Bash+1","Whirlwind+1","True Grit+1","Inflame+1","Pommel Strike+1","Clothesline+1","Shockwave+1","Shrug It Off+1","Demon Form+1","Necronomicurse","Heavy Blade+1","Barricade+1","Juggernaut+1"],"special_seed":0,"relics":["Burning Blood","PreservedInsect","Whetstone","Bag of Marbles","Juzu Bracelet","Pen Nib","Snecko Eye","Necronomicon","Frozen Egg 2","Pear","Red Mask","Empty Cage","Paper Frog","Red Skull","Mango"],"potions_floor_usage":[51,51],"damage_taken":[{"damage":0.0,"enemies":"2 Louse","floor":1.0,"turns":4.0},{"damage":10.0,"enemies":"Small Slimes","floor":2.0,"turns":3.0},{"damage":8.0,"enemies":"Gremlin Nob","floor":6.0,"turns":3.0},{"damage":12.0,"enemies":"Jaw Worm","floor":8.0,"turns":3.0},{"damage":11.0,"enemies":"3 Sentries","floor":11.0,"turns":4.0},{"damage":5.0,"enemies":"Exordium Wildlife","floor":13.0,"turns":4.0},{"damage":10.0,"enemies":"Lagavulin","floor":14.0,"turns":4.0},{"damage":27.0,"enemies":"The Guardian","floor":16.0,"turns":11.0},{"damage":3.0,"enemies":"3 Byrds","floor":18.0,"turns":3.0},{"damage":10.0,"enemies":"2 Thieves","floor":19.0,"turns":3.0},{"damage":7.0,"enemies":"Book of Stabbing","floor":24.0,"turns":2.0},{"damage":0.0,"enemies":"Centurion and Healer","floor":28.0,"turns":4.0},{"damage":0.0,"enemies":"Masked Bandits","floor":30.0,"turns":2.0},{"damage":5.0,"enemies":"Sentry and Sphere","floor":31.0,"turns":4.0},{"damage":19.0,"enemies":"Collector","floor":33.0,"turns":3.0},{"damage":1.0,"enemies":"3 Darklings","floor":35.0,"turns":3.0},{"damage":0.0,"enemies":"3 Shapes","floor":36.0,"turns":7.0},{"damage":25.0,"enemies":"Writhing Mass","floor":38.0,"turns":5.0},{"damage":6.0,"enemies":"Transient","floor":39.0,"turns":6.0},{"damage":0.0,"enemies":"Giant Head","floor":41.0,"turns":4.0},{"damage":16.0,"enemies":"Spire Growth","floor":42.0,"turns":3.0},{"damage":0.0,"enemies":"3 Darklings","floor":45.0,"turns":1.0},{"damage":30.0,"enemies":"Mind Bloom Boss Battle","floor":47.0,"turns":4.0},{"damage":69.0,"enemies":"Donu and Deca","floor":50.0,"turns":6.0},{"damage":21,"enemies":"Awakened One","floor":51,"turns":8}],"seed_played":"3528150369456724478","potions_obtained":[{"floor":1.0,"key":"Fire Potion"},{"floor":2.0,"key":"Explosive Potion"},{"floor":6.0,"key":"Weak Potion"},{"floor":19.0,"key":"LiquidBronze"},{"floor":35.0,"key":"Strength Potion"}],"is_trial":false,"path_per_floor":["M","M","$","?","?","E","E","R","M","T","R","?","R","M","E","R","B",null,"M","M","?","?","?","R","E","R","T","?","M","$","?","M","R","B",null,"M","M","$","M","M","R","E","M","T","?","M","R","?","?","R","B","B",null],"character_chosen":"IRONCLAD","items_purchased":["Inflame","Pommel Strike","Barricade+1"],"campfire_rested":2,"item_purchase_floors":[3,3,29],"current_hp_per_floor":[74,70,70,70,75,73,73,67,67,67,62,62,63,59,59,38,70,73,69,69,48,48,72,71,71,81,81,87,87,90,90,90,77,87,90,90,90,71,71,71,77,67,67,67,73,73,63,63,94,31,16],"gold":426,"neow_bonus":"RANDOM_COMMON_RELIC","is_prod":false,"is_daily":false,"chose_seed":false,"campfire_upgraded":8,"win_rate":0,"timestamp":1543857766,"path_taken":["M","M","$","?","?","E","R","M","T","R","?","R","M","E","R","BOSS","M","M","?","?","?","R","E","R","T","?","M","$","?","M","R","BOSS","M","M","$","M","M","R","E","M","T","?","M","R","?","?","R","BOSS","BOSS"],"build_version":"2018-11-15","purchased_purges":2,"victory":true,"max_hp_per_floor":[75,75,75,75,80,80,80,80,80,80,80,80,80,80,80,80,80,80,80,80,80,80,80,80,80,90,90,90,90,90,90,90,90,90,90,90,90,90,90,90,90,90,90,90,90,90,104,104,104,104,104],"card_choices":[{"not_picked":["True Grit","Clash"],"picked":"Whirlwind","floor":1.0},{"not_picked":["Clothesline","Rupture"],"picked":"True Grit","floor":2.0},{"not_picked":["Warcry","Wild Strike"],"picked":"Clothesline","floor":6.0},{"not_picked":["Combust","Hemokinesis","Carnage"],"picked":"SKIP","floor":8.0},{"not_picked":["Intimidate","Headbutt"],"picked":"Shockwave","floor":13.0},{"not_picked":["Intimidate","Infernal Blade"],"picked":"Shrug It Off","floor":14.0},{"not_picked":["Feed","Bludgeon"],"picked":"Demon Form","floor":16.0},{"not_picked":["Feel No Pain+1","Warcry","Cleave"],"picked":"SKIP","floor":18.0},{"not_picked":["Warcry+1","Sword Boomerang","Clash"],"picked":"SKIP","floor":19.0},{"not_picked":["Iron Wave","Clash+1","Power Through"],"picked":"SKIP","floor":24.0},{"not_picked":["Shrug It Off","Flex"],"picked":"Heavy Blade","floor":28.0},{"not_picked":["Perfected Strike+1","Thunderclap"],"picked":"Juggernaut+1","floor":30.0},{"not_picked":["Sever Soul","Body Slam","Twin Strike"],"picked":"SKIP","floor":31.0},{"not_picked":["Warcry+1","Clothesline","Ghostly Armor+1"],"picked":"SKIP","floor":35.0},{"not_picked":["Corruption+1","Rampage+1","Reckless Charge"],"picked":"SKIP","floor":36.0},{"not_picked":["Pommel Strike","Clash","Wild Strike"],"picked":"SKIP","floor":38.0},{"not_picked":["Warcry","Sword Boomerang","Ghostly Armor"],"picked":"SKIP","floor":39.0},{"not_picked":["Flex","Ghostly Armor","Armaments"],"picked":"SKIP","floor":41.0},{"not_picked":["Perfected Strike+1","Spot Weakness","Wild Strike+1"],"picked":"SKIP","floor":42.0},{"not_picked":["Heavy Blade","Pommel Strike+1","Warcry"],"picked":"SKIP","floor":45.0}],"player_experience":558266,"relics_obtained":[{"floor":6.0,"key":"Whetstone"},{"floor":9.0,"key":"Bag of Marbles"},{"floor":11.0,"key":"Juzu Bracelet"},{"floor":14.0,"key":"Pen Nib"},{"floor":21.0,"key":"Necronomicon"},{"floor":24.0,"key":"Frozen Egg 2"},{"floor":26.0,"key":"Pear"},{"floor":30.0,"key":"Red Mask"},{"floor":41.0,"key":"Paper Frog"},{"floor":43.0,"key":"Red Skull"},{"floor":47.0,"key":"Mango"}],"event_choices":[{"damage_healed":0.0,"max_hp_gain":0.0,"max_hp_loss":0.0,"gold_gain":0.0,"event_name":"Living Wall","player_choice":"Grow","floor":4.0,"gold_loss":0.0,"damage_taken":0.0,"cards_upgraded":["Whirlwind"]},{"damage_healed":0.0,"max_hp_gain":5.0,"max_hp_loss":0.0,"gold_gain":0.0,"event_name":"Big Fish","player_choice":"Donut","floor":5.0,"gold_loss":0.0,"damage_taken":0.0},{"damage_healed":0.0,"max_hp_gain":0.0,"max_hp_loss":0.0,"gold_gain":0.0,"event_name":"Dead Adventurer","player_choice":"Searched \u00271\u0027 times","floor":11.0,"gold_loss":0.0,"damage_taken":0.0},{"damage_healed":0.0,"max_hp_gain":0.0,"max_hp_loss":0.0,"gold_gain":0.0,"event_name":"Ghosts","player_choice":"Ignored","floor":20.0,"gold_loss":0.0,"damage_taken":0.0},{"damage_healed":0.0,"max_hp_gain":0.0,"max_hp_loss":0.0,"gold_gain":0.0,"event_name":"Cursed Tome","player_choice":"Obtained Book","floor":21.0,"gold_loss":0.0,"damage_taken":21.0},{"damage_healed":0.0,"max_hp_gain":0.0,"max_hp_loss":0.0,"gold_gain":0.0,"event_name":"The Mausoleum","player_choice":"Ignored","floor":22.0,"gold_loss":0.0,"damage_taken":0.0},{"damage_healed":0.0,"max_hp_gain":0.0,"max_hp_loss":0.0,"gold_gain":0.0,"event_name":"Back to Basics","player_choice":"Simplicity","floor":27.0,"gold_loss":0.0,"damage_taken":0.0,"cards_upgraded":["Strike_R","Strike_R","Strike_R","Strike_R","Defend_R","Defend_R","Defend_R","Defend_R"]},{"damage_healed":0.0,"max_hp_gain":0.0,"max_hp_loss":0.0,"gold_gain":0.0,"event_name":"Masked Bandits","player_choice":"Fought Bandits","floor":30.0,"gold_loss":0.0,"damage_taken":0.0},{"damage_healed":0.0,"max_hp_gain":0.0,"max_hp_loss":0.0,"gold_gain":0.0,"event_name":"Mysterious Sphere","player_choice":"Ignored","floor":44.0,"gold_loss":0.0,"damage_taken":0.0},{"damage_healed":0.0,"max_hp_gain":0.0,"max_hp_loss":0.0,"gold_gain":0.0,"event_name":"MindBloom","player_choice":"Fight","floor":47.0,"gold_loss":0.0,"damage_taken":0.0},{"damage_healed":0.0,"max_hp_gain":0.0,"max_hp_loss":0.0,"gold_gain":0.0,"event_name":"Tomb of Lord Red Mask","player_choice":"Ignored","floor":48.0,"gold_loss":0.0,"damage_taken":0.0}],"is_beta":false,"boss_relics":[{"not_picked":["Fusion Hammer","Cursed Key"],"picked":"Snecko Eye"},{"not_picked":["Orrery","Eternal Feather"],"picked":"Empty Cage"}],"items_purged_floors":[29,37],"is_endless":false,"potions_floor_spawned":[1,2,6,16,19,28,30,31,35,38,39,41,47],"ascension_level":20}