{"gold_per_floor":[10,10,10,21,21,38,48,48,48,48,13,26,26,47,47,47],"floor_reached":16,"playtime":442,"items_purged":[],"score":92,"play_id":"51fbb071-2c85-4900-ab42-12004c55f39f","local_time":"20190712130004","is_ascension_mode":false,"campfire_choices":[{"data":"Flame Barrier","floor":15.0,"key":"SMITH"}],"neow_cost":"NO_GOLD","seed_source_timestamp":7637540270994,"circlet_count":0,"master_deck":["Strike_R","Strike_R","Defend_R","Defend_R","Bash","Flame Barrier+1"],"special_seed":0,"relics":["Burning Blood","Golden Idol","Shuriken"],"potions_floor_usage":[16],"damage_taken":[{"damage":14.0,"enemies":"2 Louse","floor":1.0,"turns":4.0},{"damage":2.0,"enemies":"Jaw Worm","floor":4.0,"turns":5.0},{"damage":1.0,"enemies":"Cultist","floor":6.0,"turns":5.0},{"damage":13.0,"enemies":"Exordium Wildlife","floor":7.0,"turns":8.0},{"damage":2.0,"enemies":"Blue Slaver","floor":12.0,"turns":6.0},{"damage":10.0,"enemies":"Red Slaver","floor":14.0,"turns":5.0},{"damage":67,"enemies":"Hexaghost","floor":16,"turns":11}],"seed_played":"5357902436736004303","potions_obtained":[{"floor":4.0,"key":"SteroidPotion"},{"floor":6.0,"key":"Ancient Potion"},{"floor":14.0,"key":"Ancient Potion"}],"is_trial":false,"path_per_floor":["M","?","?","M","?","M","M","?","T","$","?","M","$","M","R","B"],"character_chosen":"IRONCLAD","items_purchased":[],"campfire_rested":0,"item_purchase_floors":[],"current_hp_per_floor":[72,72,65,69,69,74,67,47,47,47,67,71,71,67,67,0],"gold":47,"neow_bonus":"REMOVE_TWO","is_prod":false,"is_daily":false,"chose_seed":false,"campfire_upgraded":1,"win_rate":0,"timestamp":1562961604,"path_taken":["M","?","?","M","?","M","?","?","T","$","?","M","?","M","R","BOSS"],"build_version":"2019-07-05","purchased_purges":0,"victory":false,"max_hp_per_floor":[80,80,80,80,80,80,80,80,80,80,80,80,80,80,80,80],"card_choices":[{"not_picked":["Clash","Sentinel"],"picked":"Flame Barrier","floor":1.0},{"not_picked":["Rampage","Carnage","True Grit"],"picked":"SKIP","floor":4.0},{"not_picked":["Spot Weakness","True Grit","Rupture"],"picked":"SKIP","floor":6.0},{"not_picked":["Twin Strike","Armaments","Headbutt"],"picked":"SKIP","floor":7.0},{"not_picked":["Clothesline","Inflame","Armaments"],"picked":"SKIP","floor":12.0},{"not_picked":["Dual Wield","Armaments","Iron Wave"],"picked":"SKIP","floor":14.0}],"player_experience":564549,"relics_obtained":[{"floor":9.0,"key":"Shuriken"}],"event_choices":[{"cards_removed":["Strike_R"],"damage_healed":0.0,"max_hp_gain":0.0,"max_hp_loss":0.0,"gold_gain":0.0,"event_name":"Living Wall","player_choice":"Forget","floor":2.0,"gold_loss":0.0,"damage_taken":0.0},{"cards_removed":["Defend_R"],"damage_healed":0.0,"max_hp_gain":0.0,"max_hp_loss":0.0,"gold_gain":0.0,"event_name":"Golden Wing","player_choice":"Card Removal","floor":3.0,"gold_loss":0.0,"damage_taken":7.0},{"cards_removed":["Strike_R"],"damage_healed":0.0,"max_hp_gain":0.0,"max_hp_loss":0.0,"gold_gain":0.0,"event_name":"Bonfire Elementals","player_choice":"Offered Basic","floor":5.0,"gold_loss":0.0,"damage_taken":0.0},{"damage_healed":0.0,"max_hp_gain":0.0,"max_hp_loss":0.0,"gold_gain":0.0,"event_name":"Golden Idol","player_choice":"Take Damage","floor":8.0,"gold_loss":0.0,"damage_taken":20.0,"relics_obtained":["Golden Idol"]},{"damage_healed":20.0,"max_hp_gain":0.0,"max_hp_loss":0.0,"gold_gain":0.0,"event_name":"The Cleric","player_choice":"Healed","floor":11.0,"gold_loss":35.0,"damage_taken":0.0}],"is_beta":false,"boss_relics":[],"items_purged_floors":[],"is_endless":false,"potions_floor_spawned":[4,6,14],"killed_by":"Hexaghost","ascension_level":0}