{"gold_per_floor":[116,127,140,140,159,159,190,190,216,246,37,48,48,67,67,146,146,158,158,175,175,175,175,192,192,192,219,234,234],"floor_reached":29,"playtime":1247,"items_purged":["Strike_G"],"score":510,"play_id":"b65e91e3-9733-41f5-9e6e-c9d6450195ae","local_time":"20190201205014","is_ascension_mode":true,"campfire_choices":[{"data":"Footwork","floor":6.0,"key":"SMITH"},{"floor":8.0,"key":"REST"},{"data":"Bouncing Flask","floor":13.0,"key":"SMITH"},{"data":"Distraction","floor":15.0,"key":"SMITH"},{"floor":23,"key":"REST"},{"floor":25,"key":"REST"}],"neow_cost":"NONE","seed_source_timestamp":29543753188288,"circlet_count":0,"master_deck":["AscendersBane","Defend_G","Defend_G","Defend_G","Defend_G","Defend_G","Strike_G","Strike_G","Strike_G","Strike_G","Survivor","Neutralize","Underhanded Strike","Footwork+1","Cloak And Dagger","Cloak And Dagger","Dagger Throw","Bouncing Flask+1","Well Laid Plans","Distraction+1","Unload","Well Laid Plans","Ghostly","Ghostly","Ghostly","Leg Sweep"],"special_seed":0,"relics":["Ring of the Snake","NeowsBlessing","Bronze Scales","Smiling Mask","Centennial Puzzle","Sozu","Matryoshka","Shuriken"],"potions_floor_usage":[],"damage_taken":[{"damage":0.0,"enemies":"Cultist","floor":1.0,"turns":1.0},{"damage":0.0,"enemies":"2 Louse","floor":2.0,"turns":1.0},{"damage":0.0,"enemies":"Jaw Worm","floor":3.0,"turns":1.0},{"damage":4.0,"enemies":"3 Louse","floor":5.0,"turns":4.0},{"damage":22.0,"enemies":"3 Sentries","floor":7.0,"turns":8.0},{"damage":40.0,"enemies":"Lagavulin","floor":10.0,"turns":11.0},{"damage":2.0,"enemies":"Large Slime","floor":12.0,"turns":11.0},{"damage":5.0,"enemies":"Exordium Thugs","floor":14.0,"turns":4.0},{"damage":16.0,"enemies":"The Guardian","floor":16.0,"turns":10.0},{"damage":22.0,"enemies":"Spheric Guardian","floor":18.0,"turns":5.0},{"damage":22,"enemies":"Colosseum Slavers","floor":19,"turns":5},{"damage":0,"enemies":"3 Byrds","floor":20,"turns":3},{"damage":8,"enemies":"Snake Plant","floor":24,"turns":4},{"damage":20,"enemies":"Slavers","floor":27,"turns":10},{"damage":0,"enemies":"Centurion and Healer","floor":28,"turns":11},{"damage":6,"enemies":"Sentry and Sphere","floor":29,"turns":3}],"seed_played":"5616783401648706606","potions_obtained":[{"floor":1.0,"key":"Explosive Potion"},{"floor":3.0,"key":"SteroidPotion"},{"floor":10.0,"key":"Regen Potion"},{"floor":12.0,"key":"Weak Potion"}],"is_trial":false,"path_per_floor":["M","M","M","?","M","R","E","R","T","E","$","M","R","M","R","B",null,"M","?","M","?","?","R","M","R","T","E","M","M"],"character_chosen":"THE_SILENT","items_purchased":["Well Laid Plans","Regen Potion"],"campfire_rested":3,"item_purchase_floors":[11,11],"current_hp_per_floor":[59,59,59,55,51,51,29,48,48,8,8,61,61,56,56,40,60,38,16,16,16,9,20,12,23,23,3,3,0],"gold":234,"neow_bonus":"THREE_ENEMY_KILL","is_prod":false,"is_daily":false,"chose_seed":false,"campfire_upgraded":3,"win_rate":0,"timestamp":1549043414,"path_taken":["M","?","M","?","?","R","E","R","T","E","?","M","R","M","R","BOSS","M","?","M","?","?","R","M","R","T","E","M","M"],"build_version":"2019-01-23","purchased_purges":1,"victory":false,"max_hp_per_floor":[66,66,66,66,66,66,66,66,66,66,66,66,66,66,66,66,66,66,66,66,33,38,38,38,38,38,38,38,38],"card_choices":[{"not_picked":["Calculated Gamble","Reflex"],"picked":"Underhanded Strike","floor":1.0},{"not_picked":["All Out Attack","Flechettes"],"picked":"Footwork","floor":2.0},{"not_picked":["Flechettes","Quick Slash"],"picked":"Cloak And Dagger","floor":3.0},{"not_picked":["Catalyst","Reflex"],"picked":"Cloak And Dagger","floor":5.0},{"not_picked":["Acrobatics","Reflex"],"picked":"Dagger Throw","floor":7.0},{"not_picked":["Outmaneuver","Prepared"],"picked":"Bouncing Flask","floor":10.0},{"not_picked":["Eviscerate","Tactician","Riddle With Holes"],"picked":"SKIP","floor":12.0},{"not_picked":["Dodge and Roll","Backflip"],"picked":"Distraction","floor":14.0},{"not_picked":["Envenom","Doppelganger"],"picked":"Unload","floor":16.0},{"not_picked":["Sucker Punch","Blade Dance+1","Well Laid Plans"],"picked":"SKIP","floor":18.0},{"not_picked":["Sucker Punch","Blade Dance+1"],"picked":"Well Laid Plans","floor":18.0},{"not_picked":["Dagger Spray","Outmaneuver","Heel Hook"],"picked":"SKIP","floor":20},{"not_picked":["Prepared+1","Phantasmal Killer"],"picked":"Leg Sweep","floor":24},{"not_picked":["Quick Slash","Sucker Punch","Accuracy"],"picked":"SKIP","floor":27},{"not_picked":["Poisoned Stab","Predator","Sucker Punch"],"picked":"SKIP","floor":28}],"player_experience":729124,"relics_obtained":[{"floor":7.0,"key":"Bronze Scales"},{"floor":9.0,"key":"Smiling Mask"},{"floor":10.0,"key":"Centennial Puzzle"},{"floor":26,"key":"Matryoshka"},{"floor":27,"key":"Shuriken"}],"event_choices":[{"damage_healed":0.0,"max_hp_gain":0.0,"max_hp_loss":0.0,"gold_gain":0.0,"event_name":"The Woman in Blue","player_choice":"Bought 0 Potions","floor":4.0,"gold_loss":0.0,"damage_taken":0.0},{"damage_healed":0,"gold_gain":0,"player_choice":"Fight","damage_taken":0,"max_hp_gain":0,"max_hp_loss":0,"event_name":"Colosseum","floor":19,"gold_loss":0},{"damage_healed":0,"gold_gain":0,"player_choice":"Fled From Nobs","damage_taken":0,"max_hp_gain":0,"max_hp_loss":0,"event_name":"Colosseum","floor":19,"gold_loss":0},{"damage_healed":0,"gold_gain":0,"player_choice":"Became a Ghost","damage_taken":0,"max_hp_gain":0,"max_hp_loss":33,"event_name":"Ghosts","floor":21,"gold_loss":0,"cards_obtained":["Ghostly","Ghostly","Ghostly"]},{"damage_healed":0,"gold_gain":0,"player_choice":"Shed Blood","damage_taken":12,"max_hp_gain":5,"max_hp_loss":0,"event_name":"Forgotten Altar","floor":22,"gold_loss":0}],"is_beta":false,"boss_relics":[{"not_picked":["Ring of the Serpent","Runic Pyramid"],"picked":"Sozu"}],"items_purged_floors":[11],"is_endless":false,"potions_floor_spawned":[1,3,5,10,12,18,19,27,28],"killed_by":"Sentry and Sphere","ascension_level":20}