{"gold_per_floor":[112,112,112,112,136,167,167,185,185,210,243,255,310,337,349,486,498,525,537,549,561,596,608,655,667,761,787,832,75,94,13,13,134,134,153,153,153,178,215,215,236,236,262,301,326,349,388,402,402,402],"floor_reached":51,"playtime":4507,"items_purged":["Strike_B"],"score":1138,"play_id":"6d73699a-2703-4482-8b7e-ccf8bf1761b7","local_time":"20180925214434","is_ascension_mode":true,"campfire_choices":[{"data":"Buffer","floor":7.0,"key":"SMITH"},{"data":"White Noise","floor":12.0,"key":"SMITH"},{"floor":15.0,"key":"REST"},{"floor":23.0,"key":"REST"},{"data":"Creative AI","floor":25.0,"key":"SMITH"},{"floor":32.0,"key":"REST"},{"data":"Ghostly","floor":40.0,"key":"SMITH"},{"data":"Ghostly","floor":42.0,"key":"SMITH"},{"data":"Ghostly","floor":49,"key":"SMITH"}],"neow_cost":"NONE","seed_source_timestamp":0,"circlet_count":0,"master_deck":["Strike_B+1","Strike_B+1","Defend_B","Defend_B+1","Defend_B+1","Dualcast+1","White Noise+1","Buffer+1","Discovery","Zap","Go for the Eyes","Meteor Strike+1","Hologram","Genetic Algorithm","Lockon+1","FTL+1","Gash+1","Creative AI+1","Force Field+1","Echo Form","Reprogram","Ghostly+1","Ghostly+1","Ghostly+1","Ghostly","Ghostly","Hologram","Streamline+1","Chill","Rainbow","Meteor Strike+1","Aggregate","Turbo","Core Surge+1","Chill+1","Double Energy+1","Hologram","Defragment","FTL+1"],"special_seed":0,"relics":["Cracked Core","Golden Idol","Molten Egg 2","MawBank","Dream Catcher","Sozu","Whetstone","Bottled Tornado","Pocketwatch","Bottled Lightning","Emotion Chip","Nuclear Battery","Strawberry","Boot","Kunai","Pantograph"],"potions_floor_usage":[],"damage_taken":[{"damage":9.0,"enemies":"Jaw Worm","floor":1.0,"turns":3.0},{"damage":0.0,"enemies":"Small Slimes","floor":5.0,"turns":3.0},{"damage":6.0,"enemies":"Gremlin Nob","floor":6.0,"turns":5.0},{"damage":0.0,"enemies":"Cultist","floor":8.0,"turns":3.0},{"damage":0.0,"enemies":"Exordium Wildlife","floor":10.0,"turns":2.0},{"damage":0.0,"enemies":"2 Fungi Beasts","floor":11.0,"turns":4.0},{"damage":0.0,"enemies":"Lagavulin","floor":13.0,"turns":4.0},{"damage":4.0,"enemies":"3 Louse","floor":14.0,"turns":3.0},{"damage":39.0,"enemies":"Hexaghost","floor":16.0,"turns":10.0},{"damage":11.0,"enemies":"Spheric Guardian","floor":18.0,"turns":4.0},{"damage":25.0,"enemies":"Colosseum Slavers","floor":20.0,"turns":5.0},{"damage":9.0,"enemies":"Shell Parasite","floor":22.0,"turns":4.0},{"damage":12.0,"enemies":"Book of Stabbing","floor":24.0,"turns":5.0},{"damage":0.0,"enemies":"Centurion and Healer","floor":27.0,"turns":8.0},{"damage":4.0,"enemies":"Slavers","floor":28.0,"turns":7.0},{"damage":0.0,"enemies":"Snecko","floor":30.0,"turns":6.0},{"damage":15.0,"enemies":"Collector","floor":33.0,"turns":10.0},{"damage":1.0,"enemies":"3 Shapes","floor":35.0,"turns":4.0},{"damage":1.0,"enemies":"3 Darklings","floor":38.0,"turns":7.0},{"damage":0.0,"enemies":"Transient","floor":39.0,"turns":5.0},{"damage":7.0,"enemies":"Nemesis","floor":41.0,"turns":9.0},{"damage":0,"enemies":"Giant Head","floor":44,"turns":8},{"damage":0,"enemies":"Transient","floor":45,"turns":5},{"damage":0,"enemies":"Spire Growth","floor":46,"turns":5},{"damage":17,"enemies":"2 Orb Walkers","floor":47,"turns":8},{"damage":0,"enemies":"Sphere and 2 Shapes","floor":48,"turns":7},{"damage":31,"enemies":"Time Eater","floor":50,"turns":10}],"seed_played":"-7095198178903671119","potions_obtained":[{"floor":1.0,"key":"PowerPotion"},{"floor":6.0,"key":"AttackPotion"},{"floor":8.0,"key":"SkillPotion"},{"floor":16.0,"key":"LiquidBronze"}],"is_trial":false,"path_per_floor":["M","?","?","?","M","E","R","M","T","M","M","R","E","M","R","B",null,"M","?","?","?","M","R","E","R","T","M","E","$","M","$","R","B",null,"M","?","?","M","T","R","E","R","T","E","M","M","E","M","R","B"],"character_chosen":"DEFECT","items_purchased":["Bottled Lightning","Emotion Chip","Rainbow","Aggregate"],"campfire_rested":3,"item_purchase_floors":[29,29,29,31],"current_hp_per_floor":[59,59,59,45,45,39,39,39,39,39,39,39,39,35,55,16,56,45,45,20,20,11,21,16,16,16,16,12,12,12,12,22,7,27,26,26,26,25,32,32,25,25,25,25,25,25,15,15,15,9],"gold":402,"neow_bonus":"UPGRADE_CARD","is_prod":false,"is_daily":false,"chose_seed":false,"campfire_upgraded":6,"win_rate":0,"timestamp":1537937074,"path_taken":["M","?","?","?","?","E","R","M","T","M","?","R","E","M","R","BOSS","M","?","?","?","M","R","E","R","T","M","E","?","?","$","R","BOSS","M","?","?","M","?","R","E","R","T","E","M","?","E","M","R","BOSS"],"build_version":"2018-09-20","purchased_purges":1,"victory":true,"max_hp_per_floor":[75,69,69,69,69,69,69,69,69,69,69,69,69,69,69,69,69,69,69,69,34,34,34,34,34,34,34,34,34,34,34,34,34,34,34,34,34,34,41,41,41,41,41,41,41,41,41,41,41,41],"card_choices":[{"not_picked":["Barrage","Double Energy"],"picked":"White Noise","floor":1.0},{"not_picked":["FTL","Lockon"],"picked":"Go for the Eyes","floor":5.0},{"not_picked":["Barrage","Loop"],"picked":"Meteor Strike","floor":6.0},{"not_picked":["Skim","Steam Power"],"picked":"Hologram","floor":8.0},{"not_picked":["Barrage+1","Cold Snap+1","Ball Lightning+1"],"picked":"SKIP","floor":10.0},{"not_picked":["Force Field","Cold Snap+1"],"picked":"Genetic Algorithm","floor":11.0},{"not_picked":["Chaos","Beam Cell+1"],"picked":"Lockon+1","floor":13.0},{"not_picked":["Redo","Darkness"],"picked":"FTL+1","floor":14.0},{"not_picked":["Static Discharge","Consume"],"picked":"Gash+1","floor":15.0},{"not_picked":["Biased Cognition","Meteor Strike+1"],"picked":"Creative AI","floor":16.0},{"not_picked":["Leap","Sweeping Beam+1"],"picked":"Force Field+1","floor":18.0},{"not_picked":["Turbo","Ball Lightning+1","Steam"],"picked":"SKIP","floor":22.0},{"not_picked":["Sweeping Beam+1","Compile Driver+1"],"picked":"Hologram","floor":23.0},{"not_picked":["Ball Lightning+1","Rebound+1"],"picked":"Streamline+1","floor":24.0},{"not_picked":["Rebound+1","Hologram","Hello World"],"picked":"SKIP","floor":27.0},{"not_picked":["Darkness","Tempest"],"picked":"Chill","floor":28.0},{"not_picked":["Go for the Eyes+1","Conserve Battery"],"picked":"Meteor Strike+1","floor":30.0},{"not_picked":["Rip and Tear+1","Beam Cell+1"],"picked":"Turbo","floor":32.0},{"not_picked":["Buffer","Creative AI"],"picked":"Core Surge+1","floor":33.0},{"not_picked":["Force Field+1","Aggregate+1"],"picked":"Chill+1","floor":35.0},{"not_picked":["Cold Snap+1","Skim","Rebound+1"],"picked":"SKIP","floor":38.0},{"not_picked":["Steam","Capacitor","Rebound+1"],"picked":"SKIP","floor":41.0},{"not_picked":["Compile Driver+1","Hello World+1"],"picked":"Double Energy+1","floor":44},{"not_picked":["Turbo+1","Aggregate"],"picked":"Hologram","floor":45},{"not_picked":["Rebound+1","Static Discharge"],"picked":"Defragment","floor":46},{"not_picked":["Stack","Darkness"],"picked":"FTL+1","floor":47},{"not_picked":["Fusion+1","Rebound+1","Auto Shields+1"],"picked":"SKIP","floor":48}],"player_experience":334336,"relics_obtained":[{"floor":6.0,"key":"Molten Egg 2"},{"floor":9.0,"key":"MawBank"},{"floor":13.0,"key":"Dream Catcher"},{"floor":24.0,"key":"Whetstone"},{"floor":26.0,"key":"Bottled Tornado"},{"floor":28.0,"key":"Pocketwatch"},{"floor":39.0,"key":"Strawberry"},{"floor":43,"key":"Boot"},{"floor":44,"key":"Kunai"},{"floor":47,"key":"Pantograph"}],"event_choices":[{"event_name":"Golden Idol","player_choice":"Lose Max HP","floor":2.0,"damage_taken":0.0},{"event_name":"Match and Keep!","player_choice":"4 cards matched","floor":3.0,"damage_taken":0.0},{"event_name":"Shining Light","player_choice":"Entered Light","floor":4.0,"damage_taken":0.0},{"event_name":"Drug Dealer","player_choice":"Became Test Subject","floor":19.0,"damage_taken":0.0},{"event_name":"Colosseum","player_choice":"Fight","floor":20.0,"damage_taken":0.0},{"event_name":"Colosseum","player_choice":"Fled From Nobs","floor":20.0,"damage_taken":0.0},{"event_name":"Ghosts","player_choice":"Became a Ghost","floor":21.0,"damage_taken":0.0},{"event_name":"Bonfire Elementals","player_choice":"BASIC","floor":36.0,"damage_taken":0.0},{"event_name":"Falling","player_choice":"Removed Power","floor":37.0,"damage_taken":0.0}],"is_beta":false,"boss_relics":[{"not_picked":["Coffee Dripper","Runic Dome"],"picked":"Sozu"},{"not_picked":["Empty Cage","Black Star"],"picked":"Nuclear Battery"}],"items_purged_floors":[29],"is_endless":false,"potions_floor_spawned":[1,6,8,16,18,20,30,33,45,48],"ascension_level":8}