{"gold_per_floor":[115,128,80,80,92,92,112,146,200,200,200,77,96,114,114,191,191,202,219,219,219,238,238,248,264,264,281,281,297,307,317,317,317],"floor_reached":33,"playtime":1127,"items_purged":["Strike_R"],"score":446,"play_id":"187d9a93-8e8b-4ed4-8789-20c10c450e0d","local_time":"20180828013010","is_ascension_mode":true,"campfire_choices":[{"data":"Cleave","floor":6,"key":"SMITH"},{"data":"Shrug It Off","floor":10,"key":"SMITH"},{"data":"Double Tap","floor":15,"key":"SMITH"},{"data":"Immolate","floor":23,"key":"SMITH"},{"floor":28,"key":"REST"},{"data":"Battle Trance","floor":32,"key":"SMITH"}],"neow_cost":"NONE","seed_source_timestamp":31373096274485,"circlet_count":0,"master_deck":["Strike_R","Defend_R","Defend_R","Defend_R","Defend_R","Bash+1","AscendersBane","Cleave+1","Shrug It Off+1","Battle Trance+1","Double Tap+1","Shrug It Off","Immolate+1","Anger+1","Exhume+1","Disarm+1","Flex"],"relics":["Burning Blood","Gremlin Horn","Red Skull","Lantern","Astrolabe","Enchiridion","Mummified Hand"],"potions_floor_usage":[22,33,33],"damage_taken":[{"damage":9,"enemies":"2 Louse","floor":1,"turns":4},{"damage":4,"enemies":"Small Slimes","floor":2,"turns":4},{"damage":11,"enemies":"Jaw Worm","floor":5,"turns":3},{"damage":14,"enemies":"3 Louse","floor":7,"turns":3},{"damage":18,"enemies":"Gremlin Nob","floor":8,"turns":4},{"damage":15,"enemies":"Exordium Thugs","floor":13,"turns":5},{"damage":2,"enemies":"Exordium Wildlife","floor":14,"turns":4},{"damage":25,"enemies":"The Guardian","floor":16,"turns":15},{"damage":11,"enemies":"Spheric Guardian","floor":18,"turns":3},{"damage":1,"enemies":"Chosen","floor":19,"turns":4},{"damage":1,"enemies":"Sentry and Sphere","floor":22,"turns":3},{"damage":19,"enemies":"Shelled Parasite and Fungi","floor":24,"turns":4},{"damage":8,"enemies":"Cultist and Chosen","floor":25,"turns":4},{"damage":18,"enemies":"Sentry and Sphere","floor":27,"turns":4},{"damage":0,"enemies":"Snake Plant","floor":29,"turns":3},{"damage":1,"enemies":"Cultist and Chosen","floor":30,"turns":4},{"damage":4,"enemies":"Centurion and Healer","floor":31,"turns":3},{"damage":65,"enemies":"Champ","floor":33,"turns":11}],"seed_played":"-8324247764632046945","potions_obtained":[{"floor":1,"key":"Explosive Potion"},{"floor":2,"key":"SteroidPotion"},{"floor":22,"key":"Poison Potion"},{"floor":30,"key":"Fruit Juice"}],"is_trial":false,"path_per_floor":["M","M","$","?","M","R","M","E","T","R","?","$","M","M","R","B",null,"M","M","?","$","M","R","M","M","T","M","R","M","M","M","R"],"character_chosen":"IRONCLAD","items_purchased":["Shrug It Off","Shrug It Off"],"campfire_rested":1,"item_purchase_floors":[3,12],"current_hp_per_floor":[65,67,67,72,67,67,59,47,47,47,42,42,33,37,37,18,65,60,65,44,44,49,49,36,34,34,22,46,52,57,59,59,0],"gold":317,"neow_bonus":"UPGRADE_CARD","is_prod":false,"is_daily":false,"chose_seed":false,"campfire_upgraded":5,"win_rate":0,"timestamp":1535409010,"path_taken":["M","M","$","?","M","R","M","E","T","R","?","$","?","M","R","BOSS","M","M","?","$","M","R","M","M","T","M","R","M","M","M","R","BOSS"],"build_version":"2018-08-23v2","purchased_purges":1,"victory":false,"max_hp_per_floor":[75,75,75,80,80,80,80,80,80,80,80,80,80,80,80,80,80,80,80,80,80,80,80,80,80,80,80,80,80,80,80,80,85],"card_choices":[{"not_picked":["Sentinel","Infernal Blade","Power Through"],"picked":"SKIP","floor":1},{"not_picked":["Perfected Strike","Seeing Red"],"picked":"Cleave","floor":2},{"not_picked":["Rupture","Perfected Strike"],"picked":"Battle Trance","floor":5},{"not_picked":["Havoc","Heavy Blade","Corruption"],"picked":"SKIP","floor":7},{"not_picked":["Entrench","True Grit"],"picked":"Double Tap","floor":8},{"not_picked":["Sever Soul","Rage","Warcry"],"picked":"SKIP","floor":13},{"not_picked":["Clash","Hemokinesis","Wild Strike"],"picked":"SKIP","floor":14},{"not_picked":["Barricade","Impervious"],"picked":"Immolate","floor":16},{"not_picked":["Sever Soul","Sentinel","Heavy Blade"],"picked":"SKIP","floor":18},{"not_picked":["Headbutt","Armaments","Perfected Strike"],"picked":"SKIP","floor":19},{"not_picked":["Pummel","Anger","Heavy Blade"],"picked":"SKIP","floor":22},{"not_picked":["Reckless Charge","Armaments","Wild Strike"],"picked":"SKIP","floor":24},{"not_picked":["True Grit","Reckless Charge"],"picked":"Flex","floor":25},{"not_picked":["Barricade","Twin Strike","Perfected Strike"],"picked":"SKIP","floor":27},{"not_picked":["Infernal Blade+1","Clash+1","Hemokinesis"],"picked":"SKIP","floor":29},{"not_picked":["Sword Boomerang+1","Burning Pact","Havoc"],"picked":"SKIP","floor":30},{"not_picked":["Searing Blow","Power Through","Sword Boomerang"],"picked":"SKIP","floor":31}],"player_experience":443948,"relics_obtained":[{"floor":8,"key":"Gremlin Horn"},{"floor":9,"key":"Red Skull"},{"floor":20,"key":"Enchiridion"},{"floor":26,"key":"Mummified Hand"}],"event_choices":[{"event_name":"Big Fish","player_choice":"Donut","floor":4,"damage_taken":0},{"event_name":"Scrap Ooze","player_choice":"success","floor":11,"damage_taken":5},{"event_name":"Cursed Tome","player_choice":"Obtained Book","floor":20,"damage_taken":0}],"is_beta":false,"boss_relics":[{"not_picked":["Runic Pyramid","Orrery"],"picked":"Astrolabe"}],"items_purged_floors":[12],"is_endless":false,"potions_floor_spawned":[1,2,8,16,19,22,24,30],"killed_by":"Champ","ascension_level":15}