{"gold_per_floor":[116,130,205,218,236,236,249,249,302,302,302,332,349,368,368,445,445,463,463,428,446,446],"floor_reached":22,"playtime":915,"items_purged":[],"score":314,"play_id":"4004a936-400e-4db1-b4b3-573adb6f83cf","local_time":"20190110122713","is_ascension_mode":true,"campfire_choices":[{"data":"Deadly Poison","floor":6.0,"key":"SMITH"},{"floor":10.0,"key":"REST"},{"floor":15.0,"key":"REST"}],"neow_cost":"NONE","seed_source_timestamp":2039549061468,"circlet_count":0,"master_deck":["AscendersBane","Defend_G","Defend_G","Defend_G","Strike_G","Strike_G","Survivor","Neutralize","Madness","Deadly Poison+1","Cloak And Dagger","PiercingWail","Escape Plan","Noxious Fumes","Poisoned Stab","Dodge and Roll","Leg Sweep","A Thousand Cuts","Setup+1","Masterful Stab+1","Bullet Time+1","Footwork","Well Laid Plans"],"special_seed":0,"relics":["Ring of the Snake","Tiny Chest","Vajra","Astrolabe","Question Card"],"potions_floor_usage":[22],"damage_taken":[{"damage":2.0,"enemies":"Jaw Worm","floor":1.0,"turns":5.0},{"damage":3.0,"enemies":"2 Louse","floor":2.0,"turns":3.0},{"damage":3.0,"enemies":"Small Slimes","floor":4.0,"turns":5.0},{"damage":4.0,"enemies":"Gremlin Gang","floor":5.0,"turns":7.0},{"damage":0.0,"enemies":"Red Slaver","floor":7.0,"turns":5.0},{"damage":34.0,"enemies":"Gremlin Nob","floor":12.0,"turns":5.0},{"damage":5.0,"enemies":"Exordium Thugs","floor":13.0,"turns":4.0},{"damage":1.0,"enemies":"Exordium Wildlife","floor":14.0,"turns":4.0},{"damage":28.0,"enemies":"The Guardian","floor":16.0,"turns":11.0},{"damage":21.0,"enemies":"Chosen","floor":18.0,"turns":6.0},{"damage":24.0,"enemies":"2 Thieves","floor":20.0,"turns":5.0},{"damage":5.0,"enemies":"Snecko","floor":21.0,"turns":6.0},{"damage":9,"enemies":"3 Cultists","floor":22,"turns":2}],"seed_played":"-6134712142854931170","potions_obtained":[{"floor":1.0,"key":"Energy Potion"},{"floor":2.0,"key":"Swift Potion"},{"floor":16.0,"key":"Poison Potion"},{"floor":20.0,"key":"Block Potion"},{"floor":21.0,"key":"FearPotion"}],"is_trial":false,"path_per_floor":["M","M","?","M","M","R","M","?","T","R","?","E","M","M","R","B",null,"M","T","M","M","M"],"character_chosen":"THE_SILENT","items_purchased":[],"campfire_rested":2,"item_purchase_floors":[],"current_hp_per_floor":[61,58,47,44,40,40,40,33,33,54,54,20,15,14,35,7,54,33,33,9,4,0],"gold":446,"neow_bonus":"RANDOM_COLORLESS","is_prod":false,"is_daily":false,"chose_seed":false,"campfire_upgraded":1,"win_rate":0,"timestamp":1547112433,"path_taken":["M","M","?","M","M","R","M","?","T","R","?","E","M","?","R","BOSS","M","?","?","?","M"],"build_version":"2019-01-03v4","purchased_purges":0,"victory":false,"max_hp_per_floor":[70,70,70,70,70,70,70,70,70,70,70,70,70,70,70,70,70,70,70,70,70,70],"card_choices":[{"not_picked":["Tactician","Caltrops"],"picked":"Deadly Poison","floor":1.0},{"not_picked":["Riddle With Holes","Bane"],"picked":"Cloak And Dagger","floor":2.0},{"not_picked":["Outmaneuver","Deadly Poison"],"picked":"PiercingWail","floor":4.0},{"not_picked":["Bouncing Flask","Terror"],"picked":"Escape Plan","floor":5.0},{"not_picked":["Sucker Punch","Dodge and Roll"],"picked":"Noxious Fumes","floor":7.0},{"not_picked":["Terror","Prepared"],"picked":"Poisoned Stab","floor":12.0},{"not_picked":["Flying Knee","Prepared"],"picked":"Dodge and Roll","floor":13.0},{"not_picked":["Quick Slash","Wraith Form v2"],"picked":"Leg Sweep","floor":14.0},{"not_picked":["Unload","Storm of Steel"],"picked":"A Thousand Cuts","floor":16.0},{"not_picked":["Well Laid Plans+1","Flying Knee"],"picked":"Footwork","floor":18.0},{"not_picked":["Masterful Stab+1","Sucker Punch","Blur+1"],"picked":"Well Laid Plans","floor":20.0},{"not_picked":["Quick Slash","PiercingWail","Cloak And Dagger","Dagger Throw"],"picked":"SKIP","floor":21.0}],"player_experience":669775,"relics_obtained":[{"floor":9.0,"key":"Tiny Chest"},{"floor":12.0,"key":"Vajra"},{"floor":19.0,"key":"Question Card"}],"event_choices":[{"damage_healed":0.0,"max_hp_gain":0.0,"max_hp_loss":0.0,"gold_gain":75.0,"event_name":"World of Goop","player_choice":"Gather Gold","floor":3.0,"gold_loss":0.0,"damage_taken":11.0},{"cards_removed":["Strike_G"],"damage_healed":0.0,"max_hp_gain":0.0,"max_hp_loss":0.0,"gold_gain":0.0,"event_name":"Golden Wing","player_choice":"Card Removal","floor":8.0,"gold_loss":0.0,"damage_taken":7.0},{"cards_removed":["Defend_G"],"damage_healed":0.0,"max_hp_gain":0.0,"max_hp_loss":0.0,"gold_gain":0.0,"event_name":"Purifier","player_choice":"Purged","floor":11.0,"gold_loss":0.0,"damage_taken":0.0}],"is_beta":false,"boss_relics":[{"not_picked":["Eternal Feather","Tiny House"],"picked":"Astrolabe"}],"items_purged_floors":[],"is_endless":false,"potions_floor_spawned":[1,2,4,16,20,21],"killed_by":"3 Cultists","ascension_level":13}