{"gold_per_floor":[117,130,130,130,149,149,41,41,66,66,66,94,114,148,148,222,222,234,253,253,271,289,289,345,345,345,345,345,370,370,245,245,324,324,344,0,16,16,116,116,116,116,116,133,133,160,170,223,223,223],"floor_reached":51,"playtime":3157,"items_purged":[],"score":1154,"play_id":"c0785ef6-c984-40b2-927a-764bf8595032","local_time":"20190728134759","is_ascension_mode":true,"campfire_choices":[{"data":"Shrug It Off","floor":6.0,"key":"SMITH"},{"data":"Flame Barrier","floor":8.0,"key":"SMITH"},{"data":"Demon Form","floor":15.0,"key":"SMITH"},{"floor":23.0,"key":"REST"},{"floor":25.0,"key":"REST"},{"data":"Heavy Blade","floor":27.0,"key":"SMITH"},{"floor":32.0,"key":"REST"},{"data":"Mayhem","floor":40.0,"key":"SMITH"},{"data":"Double Tap","floor":42.0,"key":"SMITH"},{"floor":45.0,"key":"REST"},{"floor":49,"key":"REST"}],"neow_cost":"NONE","seed_source_timestamp":0,"circlet_count":0,"master_deck":["AscendersBane","Strike_R","Strike_R","Strike_R+1","Strike_R","Defend_R","Defend_R","Bash","Flex+1","Shrug It Off+1","Flame Barrier+1","Metallicize","Demon Form+1","Impervious","Double Tap+1","Heavy Blade+1","Shrug It Off","Ghostly Armor","Intimidate","Immolate","Mayhem+1","Blind+1","Shrug It Off+1","Metallicize"],"special_seed":0,"relics":["Burning Blood","Juzu Bracelet","PreservedInsect","Odd Mushroom","Bronze Scales","Mark of Pain","Tiny Chest","Self Forming Clay","MutagenicStrength","Art of War","Shovel","Mercury Hourglass","Velvet Choker","Red Mask","Thread and Needle","Bottled Lightning","Dodecahedron","Prayer Wheel"],"potions_floor_usage":[48,50],"damage_taken":[{"damage":4.0,"enemies":"Small Slimes","floor":1.0,"turns":3.0},{"damage":13.0,"enemies":"2 Louse","floor":2.0,"turns":2.0},{"damage":0.0,"enemies":"Cultist","floor":5.0,"turns":3.0},{"damage":18.0,"enemies":"The Mushroom Lair","floor":12.0,"turns":6.0},{"damage":12.0,"enemies":"Gremlin Gang","floor":13.0,"turns":6.0},{"damage":20.0,"enemies":"Lagavulin","floor":14.0,"turns":5.0},{"damage":39.0,"enemies":"The Guardian","floor":16.0,"turns":10.0},{"damage":11.0,"enemies":"2 Thieves","floor":18.0,"turns":4.0},{"damage":9.0,"enemies":"Shell Parasite","floor":19.0,"turns":4.0},{"damage":7.0,"enemies":"Centurion and Healer","floor":21.0,"turns":7.0},{"damage":19.0,"enemies":"Sentry and Sphere","floor":22.0,"turns":6.0},{"damage":40.0,"enemies":"Gremlin Leader","floor":24.0,"turns":4.0},{"damage":23.0,"enemies":"Slavers","floor":29.0,"turns":5.0},{"damage":40.0,"enemies":"Automaton","floor":33.0,"turns":8.0},{"damage":18.0,"enemies":"3 Darklings","floor":35.0,"turns":5.0},{"damage":2.0,"enemies":"Orb Walker","floor":37.0,"turns":3.0},{"damage":9.0,"enemies":"Mind Bloom Boss Battle","floor":39.0,"turns":9.0},{"damage":3.0,"enemies":"Writhing Mass","floor":44.0,"turns":4.0},{"damage":30.0,"enemies":"Giant Head","floor":46.0,"turns":7.0},{"damage":17.0,"enemies":"Transient","floor":47.0,"turns":5.0},{"damage":16,"enemies":"2 Orb Walkers","floor":48,"turns":5},{"damage":47,"enemies":"Donu and Deca","floor":50,"turns":9}],"seed_played":"8821985721960819529","potions_obtained":[{"floor":1.0,"key":"Ancient Potion"},{"floor":12.0,"key":"BloodPotion"},{"floor":14.0,"key":"Ancient Potion"},{"floor":16.0,"key":"FearPotion"},{"floor":18.0,"key":"FearPotion"},{"floor":22.0,"key":"LiquidBronze"},{"floor":33.0,"key":"Fire Potion"},{"floor":37.0,"key":"Block Potion"},{"floor":47.0,"key":"Strength Potion"},{"floor":48,"key":"Fire Potion"}],"is_trial":false,"path_per_floor":["M","M","?","?","M","R","$","R","T","?","?","?","M","E","R","B",null,"M","M","?","M","M","R","E","R","T","R","?","E","T","?","R","B",null,"M","?","M","?","?","R","?","R","T","M","R","E","M","?","R","B",null],"character_chosen":"IRONCLAD","items_purchased":["Flame Barrier","Metallicize"],"campfire_rested":5,"item_purchase_floors":[7,7],"current_hp_per_floor":[74,67,51,51,57,57,57,57,57,57,57,45,39,45,45,12,63,58,55,40,39,26,51,17,42,42,42,42,25,25,25,50,16,68,56,56,60,50,47,47,47,47,47,50,75,51,40,30,55,14],"gold":223,"neow_bonus":"TRANSFORM_CARD","is_prod":false,"is_daily":false,"chose_seed":false,"campfire_upgraded":6,"win_rate":0,"timestamp":1564314479,"path_taken":["M","M","?","?","M","R","$","R","T","?","?","?","M","E","R","BOSS","M","M","?","M","M","R","E","R","T","R","?","E","?","?","R","BOSS","M","?","M","?","?","R","?","R","T","M","R","E","M","?","R","BOSS"],"build_version":"2019-07-05","purchased_purges":0,"victory":true,"max_hp_per_floor":[80,80,80,80,80,80,80,80,80,80,80,80,80,80,80,80,80,80,80,85,85,85,85,85,85,85,85,85,85,85,85,85,85,85,85,85,85,85,85,85,85,85,85,85,85,85,85,85,85,85],"card_choices":[{"not_picked":["Pummel","Sever Soul"],"picked":"Shrug It Off","floor":1.0},{"not_picked":["Pommel Strike","Perfected Strike","Cleave"],"picked":"SKIP","floor":2.0},{"not_picked":["Flex","Twin Strike","Armaments"],"picked":"SKIP","floor":5.0},{"not_picked":["Rage","Dual Wield"],"picked":"Demon Form","floor":12.0},{"not_picked":["Anger","Warcry","Perfected Strike"],"picked":"SKIP","floor":13.0},{"not_picked":["Hemokinesis","Sword Boomerang"],"picked":"Impervious","floor":14.0},{"not_picked":["Offering","Brutality"],"picked":"Double Tap","floor":16.0},{"not_picked":["Pommel Strike","Headbutt"],"picked":"Heavy Blade","floor":18.0},{"not_picked":["Dropkick","Shockwave","Corruption"],"picked":"SKIP","floor":19.0},{"not_picked":["Pommel Strike","Bloodletting"],"picked":"Shrug It Off","floor":21.0},{"not_picked":["Iron Wave","Shrug It Off"],"picked":"Ghostly Armor","floor":22.0},{"not_picked":["Anger","Second Wind"],"picked":"Intimidate","floor":24.0},{"not_picked":["Exhume","Clothesline","Sword Boomerang"],"picked":"SKIP","floor":29.0},{"not_picked":["Feed","Dark Embrace"],"picked":"Immolate","floor":33.0},{"not_picked":["Sentinel","Clothesline","Shrug It Off"],"picked":"SKIP","floor":35.0},{"not_picked":["Twin Strike+1","Warcry+1","Second Wind"],"picked":"SKIP","floor":37.0},{"not_picked":["Good Instincts","Purity"],"picked":"Mayhem","floor":38.0},{"not_picked":["Panacea","HandOfGreed"],"picked":"Blind","floor":38.0},{"not_picked":["Flex","Clash","Thunderclap+1"],"picked":"SKIP","floor":44.0},{"not_picked":["Feel No Pain","Perfected Strike+1","Twin Strike"],"picked":"SKIP","floor":46.0},{"not_picked":["Clash","Twin Strike"],"picked":"Shrug It Off+1","floor":47.0},{"not_picked":["Second Wind","Inflame+1"],"picked":"Metallicize","floor":48}],"player_experience":374676,"relics_obtained":[{"floor":9.0,"key":"Juzu Bracelet"},{"floor":10.0,"key":"PreservedInsect"},{"floor":12.0,"key":"Odd Mushroom"},{"floor":14.0,"key":"Bronze Scales"},{"floor":24.0,"key":"Tiny Chest"},{"floor":26.0,"key":"Self Forming Clay"},{"floor":29.0,"key":"Art of War"},{"floor":30.0,"key":"Shovel"},{"floor":39.0,"key":"Thread and Needle"},{"floor":43.0,"key":"Bottled Lightning"},{"floor":46.0,"key":"Dodecahedron"},{"floor":48,"key":"Prayer Wheel"}],"event_choices":[{"damage_healed":0.0,"max_hp_gain":0.0,"max_hp_loss":0.0,"gold_gain":0.0,"event_name":"Shining Light","player_choice":"Entered Light","floor":3.0,"gold_loss":0.0,"damage_taken":16.0,"cards_upgraded":["Flex","Strike_R"]},{"cards_removed":["Strike_R"],"damage_healed":0.0,"max_hp_gain":0.0,"max_hp_loss":0.0,"gold_gain":0.0,"event_name":"Purifier","player_choice":"Purged","floor":4.0,"gold_loss":0.0,"damage_taken":0.0},{"damage_healed":0.0,"max_hp_gain":0.0,"max_hp_loss":0.0,"gold_gain":0.0,"event_name":"Wheel of Change","player_choice":"Relic","floor":10.0,"gold_loss":0.0,"damage_taken":0.0},{"cards_removed":["Defend_R"],"damage_healed":0.0,"max_hp_gain":0.0,"max_hp_loss":0.0,"gold_gain":0.0,"event_name":"Living Wall","player_choice":"Forget","floor":11.0,"gold_loss":0.0,"damage_taken":0.0},{"damage_healed":0.0,"max_hp_gain":0.0,"max_hp_loss":0.0,"gold_gain":0.0,"event_name":"Mushrooms","player_choice":"Fought Mushrooms","floor":12.0,"gold_loss":0.0,"damage_taken":0.0},{"damage_healed":0.0,"max_hp_gain":5.0,"max_hp_loss":0.0,"gold_gain":0.0,"event_name":"Forgotten Altar","player_choice":"Shed Blood","floor":20.0,"gold_loss":0.0,"damage_taken":20.0},{"damage_healed":0.0,"max_hp_gain":0.0,"max_hp_loss":0.0,"gold_gain":0.0,"event_name":"Drug Dealer","player_choice":"Inject Mutagens","floor":28.0,"gold_loss":0.0,"damage_taken":0.0,"relics_obtained":["MutagenicStrength"]},{"damage_healed":0.0,"max_hp_gain":0.0,"max_hp_loss":0.0,"gold_gain":0.0,"event_name":"WeMeetAgain","player_choice":"Paid Gold","floor":31.0,"gold_loss":125.0,"damage_taken":0.0,"relics_obtained":["Mercury Hourglass"]},{"damage_healed":0.0,"max_hp_gain":0.0,"max_hp_loss":0.0,"gold_gain":0.0,"event_name":"Tomb of Lord Red Mask","player_choice":"Paid","floor":36.0,"gold_loss":344.0,"damage_taken":0.0,"relics_obtained":["Red Mask"]},{"damage_healed":0.0,"max_hp_gain":0.0,"max_hp_loss":0.0,"gold_gain":0.0,"event_name":"SensoryStone","player_choice":"Memory 3","floor":38.0,"gold_loss":0.0,"damage_taken":10.0},{"damage_healed":0.0,"max_hp_gain":0.0,"max_hp_loss":0.0,"gold_gain":0.0,"event_name":"MindBloom","player_choice":"Fight","floor":39.0,"gold_loss":0.0,"damage_taken":0.0},{"damage_healed":0.0,"max_hp_gain":0.0,"max_hp_loss":0.0,"gold_gain":0.0,"event_name":"Upgrade Shrine","player_choice":"Upgraded","floor":41.0,"gold_loss":0.0,"damage_taken":0.0,"cards_upgraded":["Blind"]},{"damage_healed":0,"gold_gain":0,"player_choice":"Fight","damage_taken":0,"max_hp_gain":0,"max_hp_loss":0,"event_name":"Mysterious Sphere","floor":48,"gold_loss":0}],"is_beta":false,"boss_relics":[{"not_picked":["Calling Bell","Cursed Key"],"picked":"Mark of Pain"},{"not_picked":["Lizard Tail","Runic Cube"],"picked":"Velvet Choker"}],"items_purged_floors":[],"is_endless":false,"potions_floor_spawned":[1,12,14,16,18,22,33,37,47,48],"ascension_level":13}