{"gold_per_floor":[117,5,5,21,32,32,32,32,32,52,65,65,85,100,100,223,223,244,244],"floor_reached":19,"playtime":1242,"items_purged":["Strike_G"],"score":225,"play_id":"1de98a7e-cc5a-4ae1-b7ca-bce336def5bc","local_time":"20180918092242","is_ascension_mode":true,"campfire_choices":[{"data":"Noxious Fumes","floor":6.0,"key":"SMITH"},{"data":"Noxious Fumes","floor":8.0,"key":"SMITH"},{"floor":15,"key":"REST"}],"neow_cost":"NONE","seed_source_timestamp":0,"circlet_count":0,"master_deck":["Defend_G","Defend_G","Defend_G","Defend_G","Defend_G","Strike_G","Strike_G","Strike_G","Strike_G","Survivor","Neutralize","Noxious Fumes+1","Noxious Fumes+1","Masterful Stab","Caltrops","Tools of the Trade","Deflect+1"],"special_seed":0,"relics":["Ring of the Snake","Bottled Tornado","Golden Idol","White Beast Statue"],"potions_floor_usage":[16,16,19,19],"damage_taken":[{"damage":4.0,"enemies":"Small Slimes","floor":1.0,"turns":4.0},{"damage":2.0,"enemies":"Jaw Worm","floor":4.0,"turns":5.0},{"damage":4.0,"enemies":"Cultist","floor":5.0,"turns":5.0},{"damage":22,"enemies":"Gremlin Gang","floor":10,"turns":4},{"damage":3,"enemies":"Looter","floor":11,"turns":3},{"damage":21,"enemies":"Exordium Thugs","floor":13,"turns":5},{"damage":0,"enemies":"Large Slime","floor":14,"turns":4},{"damage":13,"enemies":"Slime Boss","floor":16,"turns":9},{"damage":21,"enemies":"3 Byrds","floor":18,"turns":4},{"damage":43,"enemies":"Masked Bandits","floor":19,"turns":3}],"seed_played":"2026046179081764910","potions_obtained":[{"floor":11,"key":"GhostInAJar"},{"floor":14,"key":"LiquidBronze"},{"floor":16,"key":"FearPotion"},{"floor":18,"key":"PowerPotion"}],"is_trial":false,"path_per_floor":["M","$","?","M","M","R","$","R","T","M","M","?","M","M","R","B",null,"M"],"character_chosen":"THE_SILENT","items_purchased":["Noxious Fumes"],"campfire_rested":1,"item_purchase_floors":[2],"current_hp_per_floor":[66,66,66,64,60,60,60,60,60,38,35,35,14,14,35,22,59,38,0],"gold":244,"neow_bonus":"TEN_PERCENT_HP_BONUS","is_prod":false,"is_daily":false,"chose_seed":false,"campfire_upgraded":2,"win_rate":0,"timestamp":1537287762,"path_taken":["M","$","?","M","M","R","$","R","T","M","?","?","M","M","R","BOSS","M","?"],"build_version":"2018-09-06","purchased_purges":1,"victory":false,"max_hp_per_floor":[77,77,77,77,77,77,77,77,77,77,77,71,71,71,71,71,71,71,71],"card_choices":[{"not_picked":["Poisoned Stab","Slice","Dagger Throw"],"picked":"SKIP","floor":1.0},{"not_picked":["Sucker Punch","Predator","Concentrate"],"picked":"SKIP","floor":4.0},{"not_picked":["Dagger Throw","Underhanded Strike"],"picked":"Noxious Fumes","floor":5.0},{"not_picked":["Predator","Dagger Spray"],"picked":"Masterful Stab","floor":10},{"not_picked":["Flying Knee","Terror","Cloak And Dagger"],"picked":"SKIP","floor":11},{"not_picked":["Blade Dance","Flying Knee","Sucker Punch"],"picked":"SKIP","floor":13},{"not_picked":["Sucker Punch","Poisoned Stab"],"picked":"Caltrops","floor":14},{"not_picked":["Night Terror","Doppelganger"],"picked":"Tools of the Trade","floor":16},{"not_picked":["Infinite Blades","Flechettes+1"],"picked":"Deflect+1","floor":18}],"player_experience":309603,"relics_obtained":[{"floor":9.0,"key":"Bottled Tornado"}],"event_choices":[{"event_name":"The Cleric","player_choice":"Leave","floor":3.0,"damage_taken":0.0},{"event_name":"Golden Idol","player_choice":"Lose Max HP","floor":12,"damage_taken":0},{"event_name":"Masked Bandits","player_choice":"Fought Bandits","floor":19,"damage_taken":0}],"is_beta":false,"boss_relics":[{"not_picked":["Sozu","Runic Dome"],"picked":"White Beast Statue"}],"items_purged_floors":[2],"is_endless":false,"potions_floor_spawned":[11,14,16,18],"killed_by":"Masked Bandits","ascension_level":8}