{"gold_per_floor":[118,68,68,68,68,96,96,48,48,48,3,22,49,66,66,166,166,179,179,179,34,44,44,62,62,85,85,95,95,105,139,139,243,243,259,273,273,293,293,293,193,193,193,193,119,132,164,36,36,36],"floor_reached":51,"playtime":1839,"items_purged":["Defend_G","Strike_G"],"score":1193,"play_id":"db501f00-0c55-4255-8c03-019d0c5598e3","local_time":"20181114192728","is_ascension_mode":true,"campfire_choices":[{"data":"Dash","floor":7.0,"key":"SMITH"},{"data":"Sucker Punch","floor":10.0,"key":"SMITH"},{"data":"Quick Slash","floor":15.0,"key":"SMITH"},{"data":"Backstab","floor":23.0,"key":"SMITH"},{"data":"Footwork","floor":25.0,"key":"SMITH"},{"data":"Blur","floor":29.0,"key":"SMITH"},{"data":"Backflip","floor":32.0,"key":"SMITH"},{"data":"Envenom","floor":40,"key":"SMITH"},{"data":"Survivor","floor":42,"key":"SMITH"},{"floor":49,"key":"REST"}],"neow_cost":"NONE","seed_source_timestamp":26921738824880,"circlet_count":0,"master_deck":["AscendersBane","Defend_G","Defend_G","Defend_G","Strike_G","Strike_G","Strike_G","Survivor+1","Neutralize","Backflip+1","Dash+1","Sucker Punch+1","Quick Slash+1","Crippling Poison","Flying Knee","Adrenaline","Outmaneuver+1","Dash+1","Footwork+1","Backstab+1","Blur+1","Terror","Envenom+1","Dash+1","Madness","Madness","Footwork","Footwork"],"special_seed":0,"relics":["Ring of the Snake","NeowsBlessing","Anchor","Pocketwatch","Shuriken","Pear","Velvet Choker","Blood Vial","Bag of Marbles","Ancient Tea Set","Eternal Feather","Dodecahedron","Regal Pillow"],"potions_floor_usage":[50,50],"damage_taken":[{"damage":0.0,"enemies":"Jaw Worm","floor":1.0,"turns":1.0},{"damage":0.0,"enemies":"3 Sentries","floor":6.0,"turns":1.0},{"damage":0.0,"enemies":"2 Louse","floor":12.0,"turns":1.0},{"damage":4.0,"enemies":"Lagavulin","floor":13.0,"turns":6.0},{"damage":0.0,"enemies":"Small Slimes","floor":14.0,"turns":3.0},{"damage":38.0,"enemies":"The Guardian","floor":16.0,"turns":11.0},{"damage":0.0,"enemies":"3 Byrds","floor":18.0,"turns":4.0},{"damage":0.0,"enemies":"Chosen","floor":22.0,"turns":4.0},{"damage":15.0,"enemies":"3 Cultists","floor":24.0,"turns":5.0},{"damage":0.0,"enemies":"Centurion and Healer","floor":28.0,"turns":5.0},{"damage":0.0,"enemies":"Cultist and Chosen","floor":30.0,"turns":5.0},{"damage":0.0,"enemies":"Book of Stabbing","floor":31.0,"turns":5.0},{"damage":54.0,"enemies":"Champ","floor":33.0,"turns":13.0},{"damage":2.0,"enemies":"Orb Walker","floor":35.0,"turns":3.0},{"damage":24.0,"enemies":"3 Darklings","floor":36.0,"turns":9.0},{"damage":34,"enemies":"Writhing Mass","floor":38,"turns":11},{"damage":10,"enemies":"Spire Growth","floor":46,"turns":5},{"damage":18,"enemies":"Reptomancer","floor":47,"turns":7},{"damage":32,"enemies":"Time Eater","floor":50,"turns":16}],"seed_played":"-4511657749035565693","potions_obtained":[{"floor":1.0,"key":"Energy Potion"},{"floor":13.0,"key":"Fire Potion"},{"floor":16.0,"key":"LiquidBronze"},{"floor":28.0,"key":"Strength Potion"}],"is_trial":false,"path_per_floor":["M","?","?","?","?","E","R","$","T","R","$","M","E","M","R","B",null,"M","?","?","$","M","R","M","R","T","?","M","R","M","E","R","B",null,"M","M","?","M","?","R","$","R","T","?","$","M","E","$","R","B",null],"character_chosen":"THE_SILENT","items_purchased":["Sucker Punch","Quick Slash","Footwork","Footwork","Footwork","PowerPotion"],"campfire_rested":1,"item_purchase_floors":[8,11,21,45,48,48],"current_hp_per_floor":[63,63,56,61,54,54,54,54,54,54,54,54,60,60,60,22,69,69,69,69,69,69,69,54,54,54,54,56,56,58,60,60,8,66,66,44,44,12,74,74,74,74,74,65,65,57,41,41,74,42],"gold":36,"neow_bonus":"THREE_ENEMY_KILL","is_prod":false,"is_daily":false,"chose_seed":false,"campfire_upgraded":9,"win_rate":0,"timestamp":1542212848,"path_taken":["M","?","?","?","?","E","R","?","T","R","?","M","E","M","R","BOSS","M","?","?","$","M","R","?","R","T","?","?","R","M","E","R","BOSS","M","M","?","?","?","R","$","R","T","?","?","M","E","$","R","BOSS"],"build_version":"2018-11-08","purchased_purges":2,"victory":true,"max_hp_per_floor":[70,70,70,75,75,75,75,75,75,75,75,75,85,85,85,85,85,85,85,85,85,85,85,85,85,85,85,85,85,85,85,85,85,85,85,85,85,85,74,74,74,74,74,74,74,74,74,74,74,74],"card_choices":[{"not_picked":["Concentrate","PiercingWail"],"picked":"Backflip","floor":1.0},{"not_picked":["Distraction","Bane"],"picked":"Dash","floor":6.0},{"not_picked":["Backflip","Accuracy","Predator"],"picked":"SKIP","floor":12.0},{"not_picked":["Distraction","Deadly Poison"],"picked":"Crippling Poison","floor":13.0},{"not_picked":["Dagger Spray","Concentrate"],"picked":"Flying Knee","floor":14.0},{"not_picked":["Die Die Die","Grand Finale"],"picked":"Adrenaline","floor":16.0},{"not_picked":["Tactician","Acrobatics"],"picked":"Outmaneuver+1","floor":18.0},{"not_picked":["Poisoned Stab","Heel Hook"],"picked":"Backstab","floor":22.0},{"not_picked":["Dagger Spray","Backflip","Expertise"],"picked":"SKIP","floor":24.0},{"not_picked":["Poisoned Stab","Prepared"],"picked":"Blur","floor":28.0},{"not_picked":["Tactician","Prepared","Escape Plan"],"picked":"SKIP","floor":30.0},{"not_picked":["Eviscerate+1","Riddle With Holes"],"picked":"Terror","floor":31.0},{"not_picked":["Storm of Steel","Adrenaline"],"picked":"Envenom","floor":33.0},{"not_picked":["Distraction","Bane"],"picked":"Dash+1","floor":35.0},{"not_picked":["Underhanded Strike+1","Backflip","Concentrate"],"picked":"SKIP","floor":36.0},{"not_picked":["Backflip","Poisoned Stab+1","Slice"],"picked":"SKIP","floor":38},{"not_picked":["Accuracy","Outmaneuver","Prepared"],"picked":"SKIP","floor":46},{"not_picked":["Terror","Prepared+1","Dagger Spray+1"],"picked":"SKIP","floor":47}],"player_experience":511512,"relics_obtained":[{"floor":6.0,"key":"Pocketwatch"},{"floor":9.0,"key":"Shuriken"},{"floor":13.0,"key":"Pear"},{"floor":26.0,"key":"Blood Vial"},{"floor":31.0,"key":"Ancient Tea Set"},{"floor":43,"key":"Dodecahedron"},{"floor":47,"key":"Regal Pillow"}],"event_choices":[{"cards_removed":["Defend_G"],"damage_healed":0.0,"max_hp_gain":0.0,"max_hp_loss":0.0,"gold_gain":0.0,"event_name":"The Cleric","player_choice":"Card Removal","floor":2.0,"gold_loss":50.0,"damage_taken":0.0},{"cards_removed":["Strike_G"],"damage_healed":0.0,"max_hp_gain":0.0,"max_hp_loss":0.0,"gold_gain":0.0,"event_name":"Golden Wing","player_choice":"Card Removal","floor":3.0,"gold_loss":0.0,"damage_taken":7.0},{"damage_healed":0.0,"max_hp_gain":5.0,"max_hp_loss":0.0,"gold_gain":0.0,"event_name":"Big Fish","player_choice":"Donut","floor":4.0,"gold_loss":0.0,"damage_taken":0.0},{"damage_healed":0.0,"max_hp_gain":0.0,"max_hp_loss":0.0,"gold_gain":0.0,"event_name":"Scrap Ooze","player_choice":"Success","floor":5.0,"gold_loss":0.0,"damage_taken":7.0,"relics_obtained":["Anchor"]},{"damage_healed":0.0,"max_hp_gain":0.0,"max_hp_loss":0.0,"gold_gain":0.0,"event_name":"The Mausoleum","player_choice":"Ignored","floor":19.0,"gold_loss":0.0,"damage_taken":0.0},{"damage_healed":0.0,"max_hp_gain":0.0,"max_hp_loss":0.0,"gold_gain":0.0,"event_name":"Duplicator","player_choice":"Copied","floor":20.0,"gold_loss":0.0,"damage_taken":0.0,"cards_obtained":["Dash"]},{"damage_healed":0.0,"max_hp_gain":0.0,"max_hp_loss":0.0,"gold_gain":0.0,"event_name":"WeMeetAgain","player_choice":"Gave Potion","floor":27.0,"gold_loss":0.0,"damage_taken":0.0,"relics_obtained":["Bag of Marbles"]},{"damage_healed":0.0,"max_hp_gain":0.0,"max_hp_loss":0.0,"gold_gain":0.0,"event_name":"Lab","player_choice":"Got Potions","floor":37.0,"gold_loss":0.0,"damage_taken":0.0},{"damage_healed":74,"gold_gain":0,"player_choice":"Heal","damage_taken":0,"max_hp_gain":0,"max_hp_loss":11,"event_name":"The Moai Head","floor":39,"gold_loss":0},{"damage_healed":0,"gold_gain":0,"player_choice":"Embrace Madness","damage_taken":9,"max_hp_gain":0,"max_hp_loss":0,"event_name":"Winding Halls","floor":44,"gold_loss":0,"cards_obtained":["Madness","Madness"]}],"is_beta":false,"boss_relics":[{"not_picked":["Astrolabe","Orrery"],"picked":"Velvet Choker"},{"not_picked":["Cursed Key","Calling Bell"],"picked":"Eternal Feather"}],"items_purged_floors":[21,41],"is_endless":false,"potions_floor_spawned":[1,13,16,24,28,31,35,36,38],"ascension_level":12}