{"gold_per_floor":[116,133,133,51,106,141,50,50,74,74,84,113,3,29,29,131,131,56,156,166,166,176,202,202,216,266,266,297,320,235,248,248,343,343,354,407,422,422,322,322,356,356,356,160,160,160,190,10,10,10,10,10,10,40,40],"floor_reached":55,"playtime":2402,"items_purged":["Strike_G","Defend_G","Defend_G"],"score":810,"play_id":"f4a75a86-acba-436b-bcea-c86d4d855bd9","local_time":"20190322235703","is_ascension_mode":true,"campfire_choices":[{"data":"Footwork","floor":10.0,"key":"SMITH"},{"data":"Footwork","floor":15.0,"key":"SMITH"},{"floor":24,"key":"REST"},{"data":"Noxious Fumes","floor":27,"key":"SMITH"},{"data":"Noxious Fumes","floor":32,"key":"SMITH"},{"data":"Footwork","floor":40,"key":"SMITH"},{"data":"A Thousand Cuts","floor":42,"key":"SMITH"},{"data":"Leg Sweep","floor":46,"key":"SMITH"},{"floor":49,"key":"RECALL"},{"data":"Cloak And Dagger","floor":52,"key":"SMITH"}],"neow_cost":"NONE","seed_source_timestamp":50739745405058,"circlet_count":0,"master_deck":["Defend_G+1","Defend_G","Strike_G","Strike_G","Survivor","Neutralize","Noxious Fumes+1","PiercingWail+1","Footwork+1","Crippling Poison","Cloak And Dagger+1","Backflip+1","Poisoned Stab","Footwork+1","Deadly Poison+1","Noxious Fumes+1","Cloak And Dagger+1","A Thousand Cuts+1","Deadly Poison","Footwork+1","Leg Sweep+1","Cloak And Dagger+1","PiercingWail+1"],"special_seed":0,"relics":["Ring of the Snake","NeowsBlessing","Centennial Puzzle","Question Card","Dream Catcher","Boot","Orichalcum","Empty Cage","Unceasing Top","Mercury Hourglass","Sundial","Happy Flower","Meat on the Bone","Anchor","Juzu Bracelet","Philosopher\u0027s Stone","Mango","PreservedInsect","War Paint","Bag of Preparation","Dodecahedron"],"potions_floor_usage":[28,33,36,50,55],"damage_taken":[{"damage":0.0,"enemies":"2 Louse","floor":1.0,"turns":1.0},{"damage":0.0,"enemies":"Cultist","floor":2.0,"turns":1.0},{"damage":0.0,"enemies":"3 Sentries","floor":6.0,"turns":1.0},{"damage":0.0,"enemies":"Jaw Worm","floor":11.0,"turns":6.0},{"damage":9.0,"enemies":"Gremlin Nob","floor":12.0,"turns":6.0},{"damage":2.0,"enemies":"Lagavulin","floor":14.0,"turns":7.0},{"damage":14.0,"enemies":"Hexaghost","floor":16.0,"turns":15.0},{"damage":2.0,"enemies":"2 Thieves","floor":18.0,"turns":5.0},{"damage":14.0,"enemies":"Colosseum Slavers","floor":19.0,"turns":6.0},{"damage":14.0,"enemies":"Colosseum Nobs","floor":19.0,"turns":7.0},{"damage":0.0,"enemies":"Shell Parasite","floor":20.0,"turns":5.0},{"damage":4.0,"enemies":"Snecko","floor":22.0,"turns":5.0},{"damage":13,"enemies":"Gremlin Leader","floor":23,"turns":7},{"damage":1,"enemies":"Shelled Parasite and Fungi","floor":25,"turns":6},{"damage":1,"enemies":"Book of Stabbing","floor":28,"turns":6},{"damage":0,"enemies":"Centurion and Healer","floor":31,"turns":6},{"damage":21,"enemies":"Collector","floor":33,"turns":9},{"damage":4,"enemies":"3 Shapes","floor":35,"turns":4},{"damage":21,"enemies":"2 Orb Walkers","floor":36,"turns":5},{"damage":0,"enemies":"3 Darklings","floor":37,"turns":4},{"damage":2,"enemies":"Giant Head","floor":41,"turns":9},{"damage":11,"enemies":"Nemesis","floor":47,"turns":7},{"damage":36,"enemies":"Awakened One","floor":50,"turns":15},{"damage":22,"enemies":"Shield and Spear","floor":54,"turns":6},{"damage":66,"enemies":"The Heart","floor":55,"turns":9}],"seed_played":"-6438286968709929590","potions_obtained":[{"floor":1.0,"key":"PowerPotion"},{"floor":2.0,"key":"Fire Potion"},{"floor":14.0,"key":"Swift Potion"},{"floor":19.0,"key":"FearPotion"},{"floor":23,"key":"Weak Potion"},{"floor":31,"key":"SpeedPotion"},{"floor":35,"key":"Weak Potion"}],"is_trial":false,"path_per_floor":["M","M","?","$","T","E","$","?","T","R","M","E","$","E","R","B",null,"M","?","M","?","M","E","R","M","T","R","E","T","?","M","R","B",null,"M","?","M","?","$","R","E","R","T","$","?","R","E","$","R","B",null,"R","$","E","B"],"character_chosen":"THE_SILENT","items_purchased":["Footwork","Crippling Poison","Cloak And Dagger","Footwork","Leg Sweep","Bag of Preparation","Cloak And Dagger"],"campfire_rested":1,"item_purchase_floors":[4,7,7,13,44,48,48],"current_hp_per_floor":[70,70,70,70,70,70,70,56,56,56,56,47,47,45,45,31,70,68,40,40,27,23,10,32,31,31,31,30,30,30,42,42,33,75,71,64,64,64,64,64,62,62,62,62,62,62,51,51,51,27,85,85,85,63,0],"gold":40,"neow_bonus":"THREE_ENEMY_KILL","is_prod":false,"is_daily":false,"chose_seed":false,"campfire_upgraded":8,"win_rate":0,"timestamp":1553288223,"path_taken":["M","M","?","$","?","E","?","?","T","R","M","E","$","E","R","BOSS","M","?","M","?","M","E","R","M","T","R","E","?","?","M","R","BOSS","M","?","M","?","$","R","E","R","T","$","?","R","E","$","R","BOSS","R","$","E","BOSS"],"build_version":"2019-01-23","purchased_purges":3,"victory":false,"max_hp_per_floor":[70,70,70,70,70,70,70,70,70,70,70,70,70,70,70,70,70,70,70,70,75,75,75,75,75,75,75,75,75,75,75,75,75,75,75,89,89,89,89,89,89,89,89,89,85,85,85,85,85,85,85,85,85,85,85],"card_choices":[{"not_picked":["Dodge and Roll","Riddle With Holes"],"picked":"Noxious Fumes","floor":1.0},{"not_picked":["Outmaneuver","Skewer"],"picked":"PiercingWail","floor":2.0},{"not_picked":["Tools of the Trade","Accuracy","Endless Agony"],"picked":"SKIP","floor":6.0},{"not_picked":["All Out Attack","Blur","Masterful Stab"],"picked":"Backflip","floor":11.0},{"not_picked":["Accuracy","Underhanded Strike","Sucker Punch"],"picked":"Poisoned Stab","floor":12.0},{"not_picked":["Outmaneuver","Distraction","Slice","Poisoned Stab"],"picked":"SKIP","floor":14.0},{"not_picked":["Cloak And Dagger","Outmaneuver","Bouncing Flask"],"picked":"Deadly Poison+1","floor":18.0},{"not_picked":["Acrobatics","Setup","Expertise"],"picked":"Noxious Fumes","floor":19.0},{"not_picked":["Blade Dance","Choke","Flying Knee","Glass Knife"],"picked":"SKIP","floor":20.0},{"not_picked":["Leg Sweep","Cloak And Dagger","Blade Dance","Backstab"],"picked":"SKIP","floor":22.0},{"not_picked":["Underhanded Strike","Dagger Spray","Slice","Outmaneuver"],"picked":"SKIP","floor":23},{"not_picked":["Dagger Spray","Malaise","Infinite Blades+1"],"picked":"Cloak And Dagger+1","floor":25},{"not_picked":["Outmaneuver","Caltrops","Infinite Blades","Acrobatics"],"picked":"SKIP","floor":28},{"not_picked":["PiercingWail","Heel Hook","Dagger Throw","Bane+1"],"picked":"SKIP","floor":31},{"not_picked":["Phantasmal Killer","Storm of Steel","Bullet Time"],"picked":"A Thousand Cuts","floor":33},{"not_picked":["Prepared","Dagger Spray","Tactician+1","Quick Slash"],"picked":"SKIP","floor":35},{"not_picked":["Outmaneuver+1","Quick Slash+1","Terror+1"],"picked":"Deadly Poison","floor":36},{"not_picked":["Predator+1","Heel Hook+1","PiercingWail+1"],"picked":"Footwork","floor":37},{"not_picked":["Backflip","Prepared","Calculated Gamble","Tactician"],"picked":"SKIP","floor":41},{"not_picked":["Envenom","Tactician","Dagger Spray","Poisoned Stab"],"picked":"SKIP","floor":47},{"not_picked":["Bullet Time","Tactician","Flying Knee+1"],"picked":"PiercingWail+1","floor":54}],"player_experience":821794,"relics_obtained":[{"floor":5.0,"key":"Centennial Puzzle"},{"floor":6.0,"key":"Question Card"},{"floor":9.0,"key":"Dream Catcher"},{"floor":12.0,"key":"Boot"},{"floor":14.0,"key":"Orichalcum"},{"floor":19.0,"key":"Unceasing Top"},{"floor":19.0,"key":"Mercury Hourglass"},{"floor":23,"key":"Sundial"},{"floor":26,"key":"Happy Flower"},{"floor":28,"key":"Meat on the Bone"},{"floor":29,"key":"Anchor"},{"floor":36,"key":"Mango"},{"floor":41,"key":"PreservedInsect"},{"floor":47,"key":"War Paint"},{"floor":54,"key":"Dodecahedron"}],"event_choices":[{"cards_removed":["Strike_G"],"damage_healed":0.0,"max_hp_gain":0.0,"max_hp_loss":0.0,"gold_gain":0.0,"event_name":"Purifier","player_choice":"Purged","floor":3.0,"gold_loss":0.0,"damage_taken":0.0},{"damage_healed":0.0,"max_hp_gain":0.0,"max_hp_loss":0.0,"gold_gain":0.0,"event_name":"Shining Light","player_choice":"Entered Light","floor":8.0,"gold_loss":0.0,"damage_taken":14.0,"cards_upgraded":["PiercingWail","Defend_G"]},{"damage_healed":0.0,"max_hp_gain":0.0,"max_hp_loss":0.0,"gold_gain":0.0,"event_name":"Colosseum","player_choice":"Fight","floor":19.0,"gold_loss":0.0,"damage_taken":0.0},{"damage_healed":0.0,"max_hp_gain":0.0,"max_hp_loss":0.0,"gold_gain":0.0,"event_name":"Colosseum","player_choice":"Fought Nobs","floor":19.0,"gold_loss":0.0,"damage_taken":0.0},{"damage_healed":0.0,"max_hp_gain":5.0,"max_hp_loss":0.0,"gold_gain":0.0,"event_name":"Forgotten Altar","player_choice":"Shed Blood","floor":21.0,"gold_loss":0.0,"damage_taken":18.0},{"damage_healed":0,"gold_gain":0,"player_choice":"Obtained Relic","damage_taken":0,"relics_obtained":["Juzu Bracelet"],"max_hp_gain":0,"max_hp_loss":0,"event_name":"Addict","floor":30,"gold_loss":85},{"damage_healed":0,"gold_gain":0,"player_choice":"Fight","damage_taken":0,"max_hp_gain":0,"max_hp_loss":0,"event_name":"Mysterious Sphere","floor":36,"gold_loss":0},{"damage_healed":0,"gold_gain":0,"player_choice":"Memory 1","damage_taken":0,"max_hp_gain":0,"max_hp_loss":0,"event_name":"SensoryStone","floor":38,"gold_loss":0},{"damage_healed":0,"gold_gain":0,"player_choice":"Max HP","damage_taken":0,"max_hp_gain":0,"max_hp_loss":4,"event_name":"Winding Halls","floor":45,"gold_loss":0}],"is_beta":false,"boss_relics":[{"not_picked":["White Beast Statue","Fusion Hammer"],"picked":"Empty Cage"},{"not_picked":["Calling Bell","Black Star"],"picked":"Philosopher\u0027s Stone"}],"items_purged_floors":[13,39,44],"is_endless":false,"potions_floor_spawned":[1,2,14,19,19,23,31,35],"killed_by":"The Heart","ascension_level":1}