{"gold_per_floor":[119,72,92,92,13,13,23,48,48,48,48,110,135,166,178,286,298,328,190,190,190,289,289,303,303,303,303,303,303,328,61,61,161,161,179,1178,1178,1193,505,505,540,551,551,570,570,580,580,597,597,597],"floor_reached":51,"playtime":1726,"items_purged":["Defend_B","Strike_B","Normality"],"score":1081,"play_id":"42d5269c-a99e-450e-a555-05b3aaa4e279","local_time":"20181229222050","is_ascension_mode":true,"campfire_choices":[{"data":"Capacitor","floor":6.0,"key":"SMITH"},{"floor":10.0,"key":"REST"},{"data":"Consume","floor":15.0,"key":"SMITH"},{"data":"Defragment","floor":23.0,"key":"SMITH"},{"floor":25.0,"key":"REST"},{"data":"Glacier","floor":29.0,"key":"SMITH"},{"data":"Thinking Ahead","floor":32.0,"key":"SMITH"},{"floor":40.0,"key":"REST"},{"floor":47.0,"key":"REST"},{"floor":49,"key":"REST"}],"neow_cost":"NONE","seed_source_timestamp":29428564755054,"circlet_count":0,"master_deck":["AscendersBane","Strike_B","Defend_B","Defend_B","Defend_B","Zap+1","Dualcast","Sweeping Beam","Self Repair","Capacitor+1","Ball Lightning","Ball Lightning","Consume+1","Conserve Battery","Glacier+1","Electrodynamics","Melter+1","Defragment+1","Recycle","Necronomicurse","Recycle+1","Thinking Ahead+1","Fission","Ball Lightning+1","Normality","Streamline+1","Double Energy+1","Parasite","Blizzard","Stack","Buffer"],"special_seed":0,"relics":["Cracked Core","Juzu Bracelet","Shuriken","Ice Cream","MawBank","Nuclear Battery","Necronomicon","Cables","Boot","Inserter","Potion Belt","Anchor","Medical Kit","Gremlin Horn","Bottled Tornado"],"potions_floor_usage":[50,50,50],"damage_taken":[{"damage":3.0,"enemies":"2 Louse","floor":1.0,"turns":3.0},{"damage":0.0,"enemies":"Cultist","floor":3.0,"turns":3.0},{"damage":9.0,"enemies":"Small Slimes","floor":7.0,"turns":2.0},{"damage":31.0,"enemies":"3 Sentries","floor":8.0,"turns":7.0},{"damage":23.0,"enemies":"Gremlin Nob","floor":12.0,"turns":4.0},{"damage":26.0,"enemies":"Lagavulin","floor":13.0,"turns":5.0},{"damage":7.0,"enemies":"2 Fungi Beasts","floor":14.0,"turns":3.0},{"damage":18.0,"enemies":"Hexaghost","floor":16.0,"turns":10.0},{"damage":0.0,"enemies":"Spheric Guardian","floor":18.0,"turns":3.0},{"damage":17.0,"enemies":"Shell Parasite","floor":24.0,"turns":5.0},{"damage":9.0,"enemies":"Book of Stabbing","floor":30.0,"turns":4.0},{"damage":33.0,"enemies":"Automaton","floor":33.0,"turns":11.0},{"damage":11.0,"enemies":"3 Shapes","floor":35.0,"turns":8.0},{"damage":32.0,"enemies":"3 Darklings","floor":38.0,"turns":3.0},{"damage":36.0,"enemies":"Nemesis","floor":41.0,"turns":8.0},{"damage":1.0,"enemies":"Jaw Worm Horde","floor":42.0,"turns":3.0},{"damage":16.0,"enemies":"Writhing Mass","floor":44.0,"turns":6.0},{"damage":0.0,"enemies":"Sphere and 2 Shapes","floor":46.0,"turns":2.0},{"damage":21,"enemies":"Transient","floor":48,"turns":5},{"damage":31,"enemies":"Awakened One","floor":50,"turns":11}],"seed_played":"6368368176124405906","potions_obtained":[{"floor":7.0,"key":"SteroidPotion"},{"floor":8.0,"key":"FearPotion"},{"floor":16.0,"key":"PowerPotion"},{"floor":24.0,"key":"PowerPotion"},{"floor":33.0,"key":"FocusPotion"},{"floor":41.0,"key":"PowerPotion"},{"floor":46.0,"key":"FearPotion"}],"is_trial":false,"path_per_floor":["M","$","M","?","$","R","M","E","T","R","?","?","E","M","R","B",null,"M","$","?","?","?","R","M","R","T","?","?","R","E","$","R","B",null,"M","?","?","M","$","R","E","M","T","M","?","M","R","M","R","B",null],"character_chosen":"DEFECT","items_purchased":["Sweeping Beam","Capacitor","Defragment","Thinking Ahead","Potion Belt","Anchor","FocusPotion","Medical Kit"],"campfire_rested":5,"item_purchase_floors":[2,5,19,31,39,39,39,39],"current_hp_per_floor":[72,72,72,72,72,72,63,39,39,63,63,47,28,28,28,17,66,66,66,66,50,50,50,40,64,64,64,64,64,62,62,62,36,71,67,67,67,42,42,65,36,42,42,33,33,33,56,42,65,41],"gold":597,"neow_bonus":"TEN_PERCENT_HP_BONUS","is_prod":false,"is_daily":false,"chose_seed":false,"campfire_upgraded":5,"win_rate":0,"timestamp":1546111250,"path_taken":["M","$","M","?","?","R","M","E","T","R","?","?","E","M","R","BOSS","M","$","?","?","?","R","M","R","T","?","?","R","E","$","R","BOSS","M","?","?","M","$","R","E","M","T","M","?","M","R","M","R","BOSS"],"build_version":"2018-12-20","purchased_purges":3,"victory":true,"max_hp_per_floor":[82,82,82,82,82,82,82,82,82,82,82,82,82,82,82,82,82,82,82,82,82,82,82,82,82,82,82,82,82,82,82,82,82,82,82,82,78,78,78,78,78,78,78,78,78,78,78,78,78,78],"card_choices":[{"not_picked":["Barrage","Leap"],"picked":"Cold Snap","floor":1.0},{"not_picked":["Redo","Steam"],"picked":"Self Repair","floor":3.0},{"not_picked":["Barrage","Heatsinks"],"picked":"Ball Lightning","floor":7.0},{"not_picked":["Go for the Eyes","Reprogram"],"picked":"Ball Lightning","floor":8.0},{"not_picked":["Compile Driver","Redo"],"picked":"Consume","floor":12.0},{"not_picked":["Darkness","Genetic Algorithm"],"picked":"Conserve Battery","floor":13.0},{"not_picked":["Redo","Go for the Eyes"],"picked":"Glacier","floor":14.0},{"not_picked":["Amplify","Reboot"],"picked":"Electrodynamics","floor":16.0},{"not_picked":["Self Repair","Ball Lightning"],"picked":"Melter+1","floor":18.0},{"not_picked":["Rebound","Go for the Eyes"],"picked":"Recycle+1","floor":24.0},{"not_picked":["Redo","Rainbow","Conserve Battery"],"picked":"SKIP","floor":30.0},{"not_picked":["Machine Learning","Hyperbeam"],"picked":"Fission","floor":33.0},{"not_picked":["Aggregate","Genetic Algorithm+1"],"picked":"Ball Lightning+1","floor":35.0},{"not_picked":["Conserve Battery","Go for the Eyes","Beam Cell"],"picked":"SKIP","floor":38.0},{"not_picked":["Go for the Eyes+1","Chaos+1"],"picked":"Streamline+1","floor":41.0},{"not_picked":["Static Discharge+1","Ball Lightning"],"picked":"Double Energy+1","floor":42.0},{"not_picked":["Reprogram+1","Capacitor+1"],"picked":"Blizzard","floor":44.0},{"not_picked":["Consume","Sweeping Beam+1"],"picked":"Stack","floor":46.0},{"not_picked":["Capacitor+1","Barrage"],"picked":"Buffer","floor":48}],"player_experience":623446,"relics_obtained":[{"floor":8.0,"key":"Juzu Bracelet"},{"floor":9.0,"key":"Shuriken"},{"floor":12.0,"key":"Ice Cream"},{"floor":13.0,"key":"MawBank"},{"floor":21.0,"key":"Necronomicon"},{"floor":26.0,"key":"Cables"},{"floor":30.0,"key":"Boot"},{"floor":41.0,"key":"Gremlin Horn"},{"floor":43.0,"key":"Bottled Tornado"}],"event_choices":[{"damage_healed":0.0,"max_hp_gain":0.0,"max_hp_loss":0.0,"gold_gain":0.0,"event_name":"Upgrade Shrine","player_choice":"Upgraded","floor":4.0,"gold_loss":0.0,"damage_taken":0.0,"cards_upgraded":["Zap"]},{"cards_removed":["Strike_B"],"damage_healed":0.0,"max_hp_gain":0.0,"max_hp_loss":0.0,"gold_gain":0.0,"event_name":"Wheel of Change","player_choice":"Card Removal","floor":11.0,"gold_loss":0.0,"damage_taken":0.0},{"damage_healed":0.0,"max_hp_gain":0.0,"max_hp_loss":0.0,"gold_gain":0.0,"event_name":"Dead Adventurer","player_choice":"Searched \u00271\u0027 times","floor":12.0,"gold_loss":0.0,"damage_taken":0.0},{"damage_healed":0.0,"max_hp_gain":0.0,"max_hp_loss":0.0,"gold_gain":0.0,"event_name":"The Library","player_choice":"Read","floor":20.0,"gold_loss":0.0,"damage_taken":0.0,"cards_obtained":["Recycle"]},{"damage_healed":0.0,"max_hp_gain":0.0,"max_hp_loss":0.0,"gold_gain":0.0,"event_name":"Cursed Tome","player_choice":"Obtained Book","floor":21.0,"gold_loss":0.0,"damage_taken":16.0},{"damage_healed":0.0,"max_hp_gain":0.0,"max_hp_loss":0.0,"gold_gain":99.0,"event_name":"Nest","player_choice":"Stole From Cult","floor":22.0,"gold_loss":0.0,"damage_taken":0.0},{"cards_removed":["Strike_B"],"damage_healed":0.0,"max_hp_gain":0.0,"max_hp_loss":0.0,"gold_gain":0.0,"event_name":"Back to Basics","player_choice":"Elegance","floor":27.0,"gold_loss":0.0,"damage_taken":0.0},{"damage_healed":0.0,"max_hp_gain":0.0,"max_hp_loss":0.0,"gold_gain":0.0,"event_name":"Vampires","player_choice":"Ignored","floor":28.0,"gold_loss":0.0,"damage_taken":0.0},{"damage_healed":0.0,"max_hp_gain":0.0,"max_hp_loss":0.0,"gold_gain":999.0,"event_name":"MindBloom","player_choice":"Gold","floor":36.0,"gold_loss":0.0,"damage_taken":0.0,"cards_obtained":["Normality","Normality"]},{"damage_healed":0.0,"max_hp_gain":0.0,"max_hp_loss":4.0,"gold_gain":0.0,"event_name":"Winding Halls","player_choice":"Max HP","floor":37.0,"gold_loss":0.0,"damage_taken":0.0},{"cards_removed":["Cold Snap"],"damage_healed":0.0,"max_hp_gain":0.0,"max_hp_loss":0.0,"gold_gain":0.0,"event_name":"Falling","player_choice":"Removed Attack","floor":45.0,"gold_loss":0.0,"damage_taken":0.0}],"is_beta":false,"boss_relics":[{"not_picked":["Cursed Key","Black Star"],"picked":"Nuclear Battery"},{"not_picked":["White Beast Statue","Eternal Feather"],"picked":"Inserter"}],"items_purged_floors":[19,31,39],"is_endless":false,"potions_floor_spawned":[7,8,12,16,24,33,35,41,46],"ascension_level":11}