{"gold_per_floor":[117,35,35,35,45,76,76,107,184,197,197,216,216,216,216,293,293,306,231,231,0,180,180,215,215,215,248,264,15,33,53,53,53],"floor_reached":33,"playtime":1195,"items_purged":["Shame","Strike_G"],"score":509,"play_id":"c486fb88-52fb-43e4-aba0-e85abfa1f6f2","local_time":"20190425193838","is_ascension_mode":true,"campfire_choices":[{"floor":7.0,"key":"REST"},{"floor":15.0,"key":"REST"},{"data":"Noxious Fumes","floor":23.0,"key":"SMITH"},{"floor":25.0,"key":"REST"},{"data":"Neutralize","floor":32.0,"key":"SMITH"}],"neow_cost":"NONE","seed_source_timestamp":26893446989866,"circlet_count":0,"master_deck":["AscendersBane","Defend_G","Defend_G","Defend_G","Defend_G","Defend_G","Strike_G","Strike_G","Strike_G","Strike_G","Survivor","Neutralize+1","Crippling Poison+1","Bouncing Flask+1","Poisoned Stab+1","Dodge and Roll","Riddle With Holes","Noxious Fumes+1","A Thousand Cuts","Choke+1","Noxious Fumes+1"],"special_seed":0,"relics":["Ring of the Snake","Orichalcum","Kunai","Meat on the Bone","Question Card","Snecko Eye","Du-Vu Doll","Vajra","Centennial Puzzle","Strawberry","Frozen Egg 2","Lantern"],"potions_floor_usage":[33,33],"damage_taken":[{"damage":3.0,"enemies":"Jaw Worm","floor":1.0,"turns":5.0},{"damage":12.0,"enemies":"Small Slimes","floor":5.0,"turns":5.0},{"damage":27.0,"enemies":"3 Sentries","floor":6.0,"turns":10.0},{"damage":26.0,"enemies":"Lagavulin","floor":8.0,"turns":8.0},{"damage":0.0,"enemies":"Cultist","floor":10.0,"turns":3.0},{"damage":14.0,"enemies":"Exordium Thugs","floor":12.0,"turns":4.0},{"damage":26.0,"enemies":"The Guardian","floor":16.0,"turns":10.0},{"damage":3.0,"enemies":"Chosen","floor":18.0,"turns":4.0},{"damage":27.0,"enemies":"Slavers","floor":24.0,"turns":5.0},{"damage":31.0,"enemies":"Book of Stabbing","floor":27.0,"turns":5.0},{"damage":13.0,"enemies":"2 Thieves","floor":28.0,"turns":3.0},{"damage":2.0,"enemies":"3 Cultists","floor":30.0,"turns":3.0},{"damage":3.0,"enemies":"Cultist and Chosen","floor":31.0,"turns":5.0},{"damage":49,"enemies":"Champ","floor":33,"turns":8}],"seed_played":"2053474663804006000","potions_obtained":[{"floor":1.0,"key":"Energy Potion"},{"floor":5.0,"key":"Fire Potion"},{"floor":16.0,"key":"SkillPotion"},{"floor":18.0,"key":"Weak Potion"},{"floor":24.0,"key":"Swift Potion"}],"is_trial":false,"path_per_floor":["M","$","?","$","M","E","R","E","T","M","?","M","T","?","R","B",null,"M","?","?","$","?","R","E","R","T","E","M","$","M","M","R","B"],"character_chosen":"THE_SILENT","items_purchased":["Bouncing Flask","Deflect","Vajra","Lantern"],"campfire_rested":3,"item_purchase_floors":[2,2,21,29],"current_hp_per_floor":[62,62,62,62,50,23,44,18,18,30,30,28,28,6,27,13,57,54,54,54,54,33,33,18,39,46,27,26,26,36,45,45,0],"gold":53,"neow_bonus":"TEN_PERCENT_HP_BONUS","is_prod":false,"is_daily":false,"chose_seed":false,"campfire_upgraded":2,"win_rate":0,"timestamp":1556210318,"path_taken":["M","$","?","$","M","E","R","E","T","M","?","?","?","?","R","BOSS","M","?","?","?","?","R","E","R","T","E","M","$","M","M","R","BOSS"],"build_version":"2019-01-23","purchased_purges":2,"victory":false,"max_hp_per_floor":[72,72,72,72,72,72,72,72,72,72,72,72,72,72,72,72,72,72,72,72,72,72,72,72,72,79,79,79,79,79,79,79,79],"card_choices":[{"not_picked":["Caltrops","PiercingWail"],"picked":"Crippling Poison","floor":1.0},{"not_picked":["Underhanded Strike","Choke"],"picked":"Poisoned Stab","floor":5.0},{"not_picked":["Masterful Stab","Outmaneuver"],"picked":"Dodge and Roll","floor":6.0},{"not_picked":["Quick Slash","Phantasmal Killer"],"picked":"Riddle With Holes","floor":8.0},{"not_picked":["Well Laid Plans","Prepared"],"picked":"Noxious Fumes","floor":10.0},{"not_picked":["Slice","Deflect","Sucker Punch"],"picked":"SKIP","floor":12.0},{"not_picked":["Grand Finale","Storm of Steel","Burst"],"picked":"A Thousand Cuts","floor":16.0},{"not_picked":["PiercingWail","Sucker Punch","Accuracy","Dodge and Roll"],"picked":"SKIP","floor":18.0},{"not_picked":["Setup","Phantasmal Killer","Sucker Punch"],"picked":"Choke+1","floor":24.0},{"not_picked":["Cloak And Dagger","Skewer+1","Dodge and Roll","Bane"],"picked":"SKIP","floor":27.0},{"not_picked":["Acrobatics","Slice","Dagger Spray","Quick Slash+1"],"picked":"SKIP","floor":28.0},{"not_picked":["Bouncing Flask","Setup","Bane"],"picked":"Noxious Fumes+1","floor":30.0},{"not_picked":["Sucker Punch","Reflex","Prepared","Finisher"],"picked":"SKIP","floor":31.0}],"player_experience":868233,"relics_obtained":[{"floor":6.0,"key":"Orichalcum"},{"floor":8.0,"key":"Kunai"},{"floor":9.0,"key":"Meat on the Bone"},{"floor":13.0,"key":"Question Card"},{"floor":24.0,"key":"Centennial Puzzle"},{"floor":26.0,"key":"Strawberry"},{"floor":27.0,"key":"Frozen Egg 2"}],"event_choices":[{"damage_healed":0.0,"max_hp_gain":0.0,"max_hp_loss":0.0,"gold_gain":0.0,"event_name":"Scrap Ooze","player_choice":"Fled","floor":3.0,"gold_loss":0.0,"damage_taken":0.0},{"damage_healed":0.0,"max_hp_gain":0.0,"max_hp_loss":0.0,"gold_gain":0.0,"event_name":"Accursed Blacksmith","player_choice":"Forge","floor":11.0,"gold_loss":0.0,"damage_taken":0.0,"cards_upgraded":["Bouncing Flask"]},{"damage_healed":0.0,"max_hp_gain":0.0,"max_hp_loss":0.0,"gold_gain":0.0,"event_name":"Shining Light","player_choice":"Entered Light","floor":14.0,"gold_loss":0.0,"damage_taken":22.0,"cards_upgraded":["Poisoned Stab","Crippling Poison"]},{"cards_removed":["Deflect"],"damage_healed":0.0,"max_hp_gain":0.0,"max_hp_loss":0.0,"gold_gain":0.0,"event_name":"Beggar","player_choice":"Gave Gold","floor":19.0,"gold_loss":75.0,"damage_taken":0.0},{"damage_healed":0.0,"max_hp_gain":0.0,"max_hp_loss":0.0,"gold_gain":0.0,"event_name":"Addict","player_choice":"Stole Relic","floor":20.0,"gold_loss":0.0,"damage_taken":0.0,"relics_obtained":["Du-Vu Doll"],"cards_obtained":["Shame"]},{"damage_healed":0.0,"max_hp_gain":0.0,"max_hp_loss":0.0,"gold_gain":180.0,"event_name":"Knowing Skull","player_choice":"GOLD GOLD ","floor":22.0,"potions_obtained":[],"gold_loss":0.0,"damage_taken":21.0,"cards_obtained":[]}],"is_beta":false,"boss_relics":[{"not_picked":["Runic Dome","Empty Cage"],"picked":"Snecko Eye"}],"items_purged_floors":[21,29],"is_endless":false,"potions_floor_spawned":[1,5,16,18,24,30],"killed_by":"Champ","ascension_level":15}