{"gold_per_floor":[117,117,127,138,42,68,68,1,48,81,156,156,168,200,200,275,325,342,113,133,148,148,148,183,183,254,75,75,94,94,106,106,177,177,189,189,202,216,229,229,229,259,259,274,44,44,64,80,80,80,80,80,29,55,55],"floor_reached":55,"playtime":2749,"items_purged":["Strike_G","Strike_G","Strike_G"],"score":1227,"play_id":"06798d35-8252-4a1d-ab35-3dac88ec12c4","local_time":"20190505221802","is_ascension_mode":true,"campfire_choices":[{"data":"Dagger Spray","floor":7.0,"key":"SMITH"},{"floor":12.0,"key":"REST"},{"floor":15.0,"key":"REST"},{"floor":23.0,"key":"REST"},{"data":"Noxious Fumes","floor":25.0,"key":"SMITH"},{"floor":28.0,"key":"REST"},{"data":"Adrenaline","floor":32.0,"key":"SMITH"},{"floor":40.0,"key":"REST"},{"floor":46.0,"key":"RECALL"},{"floor":49.0,"key":"REST"},{"data":"Burst","floor":52.0,"key":"SMITH"}],"neow_cost":"NONE","seed_source_timestamp":121293236989274,"circlet_count":0,"master_deck":["AscendersBane","Defend_G","Defend_G","Defend_G","Defend_G","Defend_G","Strike_G","Survivor","Neutralize+1","Terror","Cloak And Dagger","Cloak And Dagger","Dagger Spray+1","Deflect","Noxious Fumes+1","Dagger Throw","Bane","After Image","Burst+1","Poisoned Stab","Deadly Poison","Caltrops","Adrenaline+1","Terror+1","Bouncing Flask","Calculated Gamble","Noxious Fumes","Bullet Time","Backflip+1","Flechettes+1","After Image","Dramatic Entrance","Dodge and Roll+1","Backstab","PiercingWail","Blur","Backflip+1"],"special_seed":0,"relics":["Ring of the Snake","NeowsBlessing","Art of War","Bag of Preparation","Snake Skull","Bottled Lightning","Mummified Hand","Tiny House","Bag of Marbles","Peace Pipe","Meat on the Bone","Runic Pyramid","PreservedInsect","Bottled Tornado"],"potions_floor_usage":[55],"damage_taken":[{"damage":0.0,"enemies":"Jaw Worm","floor":1.0,"turns":1.0},{"damage":0.0,"enemies":"Cultist","floor":3.0,"turns":1.0},{"damage":0.0,"enemies":"Small Slimes","floor":4.0,"turns":1.0},{"damage":27.0,"enemies":"3 Sentries","floor":6.0,"turns":9.0},{"damage":14.0,"enemies":"Gremlin Nob","floor":10.0,"turns":4.0},{"damage":0.0,"enemies":"Exordium Thugs","floor":13.0,"turns":3.0},{"damage":10.0,"enemies":"3 Sentries","floor":14.0,"turns":6.0},{"damage":29.0,"enemies":"The Guardian","floor":16.0,"turns":12.0},{"damage":0.0,"enemies":"Chosen","floor":18.0,"turns":6.0},{"damage":15.0,"enemies":"2 Thieves","floor":20.0,"turns":4.0},{"damage":34.0,"enemies":"3 Cultists","floor":21.0,"turns":7.0},{"damage":18.0,"enemies":"Gremlin Leader","floor":24.0,"turns":5.0},{"damage":12.0,"enemies":"Shelled Parasite and Fungi","floor":29.0,"turns":4.0},{"damage":0.0,"enemies":"Snecko","floor":31.0,"turns":4.0},{"damage":27.0,"enemies":"Automaton","floor":33.0,"turns":8.0},{"damage":23.0,"enemies":"3 Darklings","floor":35.0,"turns":7.0},{"damage":0.0,"enemies":"Orb Walker","floor":37.0,"turns":3.0},{"damage":0.0,"enemies":"4 Shapes","floor":38.0,"turns":6.0},{"damage":16.0,"enemies":"Jaw Worm Horde","floor":39.0,"turns":4.0},{"damage":7.0,"enemies":"Reptomancer","floor":42.0,"turns":9.0},{"damage":0.0,"enemies":"Transient","floor":44.0,"turns":5.0},{"damage":5.0,"enemies":"Spire Growth","floor":47.0,"turns":3.0},{"damage":0.0,"enemies":"Maw","floor":48.0,"turns":6.0},{"damage":50.0,"enemies":"Awakened One","floor":50.0,"turns":19.0},{"damage":56,"enemies":"Shield and Spear","floor":54,"turns":8},{"damage":33,"enemies":"The Heart","floor":55,"turns":3}],"seed_played":"-1437859350000730228","potions_obtained":[{"floor":3.0,"key":"GhostInAJar"},{"floor":6.0,"key":"Block Potion"},{"floor":17.0,"key":"Block Potion"},{"floor":24.0,"key":"SpeedPotion"},{"floor":33.0,"key":"SpeedPotion"},{"floor":35.0,"key":"Energy Potion"},{"floor":48.0,"key":"Energy Potion"}],"is_trial":false,"path_per_floor":["M","?","M","M","$","E","R","$","T","E","?","R","M","E","R","B",null,"M","$","M","M","?","R","E","R","T","$","R","M","?","M","R","B",null,"M","?","M","M","M","R","?","E","T","M","$","R","M","M","R","B",null,"R","$","E","B"],"character_chosen":"THE_SILENT","items_purchased":["Cloak And Dagger","Dagger Spray","Noxious Fumes","Bag of Marbles","Bouncing Flask","Backstab","PiercingWail","Dexterity Potion"],"campfire_rested":6,"item_purchase_floors":[5,5,8,19,27,45,45,53],"current_hp_per_floor":[59,59,59,59,59,32,32,32,32,18,7,26,26,16,35,6,56,56,56,41,7,7,28,10,10,10,10,31,31,31,43,43,28,60,37,37,37,37,33,54,54,47,47,47,47,47,42,42,63,25,60,60,60,16,0],"gold":55,"neow_bonus":"THREE_ENEMY_KILL","is_prod":false,"is_daily":false,"chose_seed":false,"campfire_upgraded":4,"win_rate":0,"timestamp":1557083882,"path_taken":["M","?","?","M","$","E","R","$","T","E","?","R","M","E","R","BOSS","M","$","M","M","?","R","E","R","T","$","R","M","?","M","R","BOSS","M","?","?","M","M","R","?","E","T","M","?","R","M","M","R","BOSS","R","$","E","BOSS"],"build_version":"2019-01-23","purchased_purges":3,"victory":false,"max_hp_per_floor":[66,66,66,66,66,66,66,66,66,66,66,66,66,66,66,66,71,71,71,71,71,71,71,71,71,71,71,71,71,71,71,71,71,71,71,71,71,71,71,71,71,71,71,71,71,71,71,71,71,71,71,71,71,71,71],"card_choices":[{"not_picked":["Outmaneuver","Cloak And Dagger"],"picked":"Dagger Throw","floor":1.0},{"not_picked":["Predator","Choke"],"picked":"Terror","floor":3.0},{"not_picked":["Flying Knee","PiercingWail"],"picked":"Cloak And Dagger","floor":4.0},{"not_picked":["Finisher","Eviscerate"],"picked":"Deflect","floor":6.0},{"not_picked":["Choke","Terror"],"picked":"Dagger Throw","floor":10.0},{"not_picked":["Masterful Stab","Flying Knee"],"picked":"Bane","floor":13.0},{"not_picked":["Sucker Punch","Deflect"],"picked":"After Image","floor":14.0},{"not_picked":["Unload","Tools of the Trade"],"picked":"Burst","floor":16.0},{"not_picked":["Deflect","Deadly Poison"],"picked":"Poisoned Stab","floor":17.0},{"not_picked":["Sucker Punch","Prepared"],"picked":"Deadly Poison","floor":18.0},{"not_picked":["Bane","Distraction","Finisher"],"picked":"SKIP","floor":20.0},{"not_picked":["Underhanded Strike","Dagger Spray"],"picked":"Caltrops","floor":21.0},{"not_picked":["Infinite Blades","PiercingWail"],"picked":"Terror+1","floor":24.0},{"not_picked":["Infinite Blades","Underhanded Strike"],"picked":"Calculated Gamble","floor":29.0},{"not_picked":["Dagger Throw","Quick Slash"],"picked":"Noxious Fumes","floor":31.0},{"not_picked":["Malaise","Doppelganger"],"picked":"Bullet Time","floor":33.0},{"not_picked":["Blade Dance","Sucker Punch"],"picked":"Backflip+1","floor":35.0},{"not_picked":["Dagger Throw","Expertise"],"picked":"Flechettes+1","floor":37.0},{"not_picked":["Setup","Calculated Gamble","Tactician"],"picked":"SKIP","floor":38.0},{"not_picked":["Deadly Poison+1","Underhanded Strike+1"],"picked":"After Image","floor":39.0},{"not_picked":["Trip","Forethought"],"picked":"Dramatic Entrance","floor":41.0},{"not_picked":["Outmaneuver","Choke"],"picked":"Dodge and Roll+1","floor":42.0},{"not_picked":["Calculated Gamble","Underhanded Strike","Dagger Throw"],"picked":"SKIP","floor":44.0},{"not_picked":["Dagger Throw","Outmaneuver+1"],"picked":"Blur","floor":47.0},{"not_picked":["Endless Agony","Accuracy"],"picked":"Backflip+1","floor":48.0},{"not_picked":["Bane","A Thousand Cuts","Dagger Throw"],"picked":"SKIP","floor":54}],"player_experience":877424,"relics_obtained":[{"floor":6.0,"key":"Bag of Preparation"},{"floor":9.0,"key":"Snake Skull"},{"floor":10.0,"key":"Bottled Lightning"},{"floor":14.0,"key":"Mummified Hand"},{"floor":24.0,"key":"Peace Pipe"},{"floor":26.0,"key":"Meat on the Bone"},{"floor":42.0,"key":"PreservedInsect"},{"floor":54,"key":"Bottled Tornado"}],"event_choices":[{"cards_removed":["Dagger Throw"],"damage_healed":0.0,"max_hp_gain":0.0,"max_hp_loss":0.0,"gold_gain":0.0,"event_name":"WeMeetAgain","player_choice":"Gave Card","floor":2.0,"gold_loss":0.0,"damage_taken":0.0,"relics_obtained":["Art of War"]},{"damage_healed":0.0,"max_hp_gain":0.0,"max_hp_loss":0.0,"gold_gain":75.0,"event_name":"World of Goop","player_choice":"Gather Gold","floor":11.0,"gold_loss":0.0,"damage_taken":11.0},{"damage_healed":0.0,"max_hp_gain":0.0,"max_hp_loss":0.0,"gold_gain":0.0,"event_name":"The Library","player_choice":"Read","floor":22.0,"gold_loss":0.0,"damage_taken":0.0,"cards_obtained":["Adrenaline"]},{"damage_healed":0.0,"max_hp_gain":0.0,"max_hp_loss":0.0,"gold_gain":0.0,"event_name":"Cursed Tome","player_choice":"Ignored","floor":30.0,"gold_loss":0.0,"damage_taken":0.0},{"cards_removed":["Strike_G"],"damage_healed":0.0,"max_hp_gain":0.0,"max_hp_loss":0.0,"gold_gain":0.0,"event_name":"Purifier","player_choice":"Purged","floor":36.0,"gold_loss":0.0,"damage_taken":0.0},{"damage_healed":0.0,"max_hp_gain":0.0,"max_hp_loss":0.0,"gold_gain":0.0,"event_name":"SensoryStone","player_choice":"Memory 1","floor":41.0,"gold_loss":0.0,"damage_taken":0.0}],"is_beta":false,"boss_relics":[{"not_picked":["Black Star","White Beast Statue"],"picked":"Tiny House"},{"not_picked":["HoveringKite","Runic Dome"],"picked":"Runic Pyramid"}],"items_purged_floors":[19,27,45],"is_endless":false,"potions_floor_spawned":[3,6,10,24,29,31,33,35,38,39,48],"killed_by":"The Heart","ascension_level":15}