{"gold_per_floor":[113,132,147,147,166,196,196,176,176,176,101,132,148,159,159,234,234,250,250,319,369,439,439,439,489,515,515,580,190,190,219,219,290,290,307,357,28,97,198,198,138,138,187,201,235,235,7,42,42,42,42],"floor_reached":52,"playtime":3418,"items_purged":["Pain","Strike_G"],"score":2062,"play_id":"2cc5fbea-5c70-40ba-b883-b2e8b4d33d7b","local_time":"20190806224714","is_ascension_mode":true,"campfire_choices":[{"data":"Noxious Fumes","floor":7.0,"key":"SMITH"},{"floor":10.0,"key":"REST"},{"data":"A Thousand Cuts","floor":15.0,"key":"SMITH"},{"floor":24.0,"key":"REST"},{"floor":27.0,"key":"REST"},{"floor":30.0,"key":"REST"},{"data":"Adrenaline","floor":32.0,"key":"SMITH"},{"data":"Venomology","floor":40.0,"key":"SMITH"},{"data":"Venomology","floor":42.0,"key":"SMITH"},{"floor":46,"key":"REST"},{"data":"Dark Shackles","floor":49,"key":"SMITH"}],"neow_cost":"NONE","seed_source_timestamp":8854459227753,"circlet_count":0,"master_deck":["AscendersBane","Strike_G","Strike_G+1","Strike_G+1","Defend_G","Defend_G","Defend_G","Defend_G","Defend_G","Survivor","Neutralize+1","All Out Attack","Terror","Noxious Fumes+1","Dash","A Thousand Cuts+1","Noxious Fumes+1","Venomology+1","Caltrops","Footwork","Adrenaline+1","Deflect","Dark Shackles+1","PiercingWail","Venomology+1","Prepared","Backflip+1","Deflect+1","Acrobatics+1"],"special_seed":0,"relics":["Ring of the Snake","NeowsBlessing","WarpedTongs","Singing Bowl","Sundial","Letter Opener","Runic Pyramid","SsserpentHead","Dream Catcher","Bag of Preparation","Snake Skull","Meat on the Bone","HoveringKite","Matryoshka","FossilizedHelix","Potion Belt","Strawberry","Whetstone","Bronze Scales","Art of War","Lee\u0027s Waffle","Juzu Bracelet"],"potions_floor_usage":[44,45,45,48,48,50,50,50,50,51,51],"damage_taken":[{"damage":0.0,"enemies":"Cultist","floor":1.0,"turns":1.0},{"damage":0.0,"enemies":"2 Louse","floor":2.0,"turns":1.0},{"damage":0.0,"enemies":"Small Slimes","floor":3.0,"turns":1.0},{"damage":4.0,"enemies":"Exordium Thugs","floor":5.0,"turns":3.0},{"damage":21.0,"enemies":"3 Sentries","floor":6.0,"turns":7.0},{"damage":6.0,"enemies":"Gremlin Nob","floor":12.0,"turns":4.0},{"damage":6.0,"enemies":"Lots of Slimes","floor":13.0,"turns":3.0},{"damage":0.0,"enemies":"Large Slime","floor":14.0,"turns":5.0},{"damage":0.0,"enemies":"Slime Boss","floor":16.0,"turns":8.0},{"damage":14.0,"enemies":"3 Byrds","floor":18.0,"turns":3.0},{"damage":27.0,"enemies":"Shell Parasite","floor":20.0,"turns":7.0},{"damage":11.0,"enemies":"Snecko","floor":22.0,"turns":6.0},{"damage":0.0,"enemies":"Slavers","floor":23.0,"turns":1.0},{"damage":17.0,"enemies":"Centurion and Healer","floor":28.0,"turns":6.0},{"damage":1.0,"enemies":"Gremlin Leader","floor":31.0,"turns":7.0},{"damage":43.0,"enemies":"Collector","floor":33.0,"turns":10.0},{"damage":0.0,"enemies":"Orb Walker","floor":35.0,"turns":4.0},{"damage":0.0,"enemies":"3 Darklings","floor":38.0,"turns":5.0},{"damage":4,"enemies":"Sphere and 2 Shapes","floor":44,"turns":6},{"damage":0,"enemies":"Nemesis","floor":45,"turns":7},{"damage":3,"enemies":"Reptomancer","floor":48,"turns":6},{"damage":46,"enemies":"Awakened One","floor":50,"turns":16},{"damage":88,"enemies":"Donu and Deca","floor":51,"turns":12}],"seed_played":"8346054998816421220","potions_obtained":[{"floor":1.0,"key":"Dexterity Potion"},{"floor":6.0,"key":"Ancient Potion"},{"floor":8.0,"key":"EssenceOfSteel"},{"floor":14.0,"key":"FairyPotion"},{"floor":16.0,"key":"Dexterity Potion"},{"floor":22.0,"key":"SmokeBomb"},{"floor":28.0,"key":"Fire Potion"},{"floor":33.0,"key":"GhostInAJar"},{"floor":45,"key":"SpeedPotion"}],"is_trial":false,"path_per_floor":["M","M","M","?","M","E","R","?","T","R","$","E","M","M","R","B",null,"M","?","M","T","M","E","R","?","T","R","M","$","R","E","R","B",null,"M","T","$","M","T","R","?","R","T","M","E","R","$","E","R","B","B",null],"character_chosen":"THE_SILENT","items_purchased":["Snake Skull","Deflect","Dark Shackles","FossilizedHelix","Prepared","Lee\u0027s Waffle"],"campfire_rested":5,"item_purchase_floors":[29,29,29,37,37,47],"current_hp_per_floor":[59,59,59,59,55,36,36,36,36,56,56,50,46,46,46,46,64,50,50,23,23,14,14,37,37,37,61,44,44,68,67,67,36,68,70,70,70,70,77,77,77,77,77,75,75,91,98,95,95,64,21],"gold":42,"neow_bonus":"THREE_ENEMY_KILL","is_prod":false,"is_daily":false,"chose_seed":false,"campfire_upgraded":6,"win_rate":0,"timestamp":1565156834,"path_taken":["M","?","M","?","?","E","R","?","T","R","?","E","M","M","R","BOSS","M","?","?","?","?","E","R","?","T","R","?","$","R","E","R","BOSS","M","?","?","?","?","R","?","R","T","M","E","R","$","E","R","BOSS","BOSS"],"build_version":"2019-07-17","purchased_purges":2,"victory":true,"max_hp_per_floor":[66,66,66,66,66,68,68,68,68,68,68,68,70,70,70,70,70,70,70,70,70,72,72,74,74,74,76,76,76,78,78,78,78,78,80,80,80,80,87,87,87,87,87,89,89,91,98,98,98,98,98],"card_choices":[{"not_picked":["Sucker Punch","Acrobatics"],"picked":"All Out Attack","floor":1.0},{"not_picked":["Underhanded Strike","Sucker Punch"],"picked":"Terror","floor":2.0},{"not_picked":["Sucker Punch","Underhanded Strike"],"picked":"Noxious Fumes","floor":3.0},{"not_picked":["Flying Knee","Outmaneuver"],"picked":"Dash","floor":5.0},{"not_picked":["Quick Slash","Deadly Poison","Poisoned Stab"],"picked":"Singing Bowl","floor":6.0},{"not_picked":["Crippling Poison","Underhanded Strike"],"picked":"A Thousand Cuts","floor":12.0},{"not_picked":["Underhanded Strike","Poisoned Stab","Deflect"],"picked":"Singing Bowl","floor":13.0},{"not_picked":["Infinite Blades","Bane"],"picked":"Noxious Fumes","floor":14.0},{"not_picked":["Wraith Form v2","Phantasmal Killer"],"picked":"Venomology","floor":16.0},{"not_picked":["Dagger Throw","Dagger Spray"],"picked":"Caltrops","floor":18.0},{"not_picked":["Sucker Punch","Masterful Stab"],"picked":"Footwork","floor":20.0},{"not_picked":["Underhanded Strike","Reflex","Slice"],"picked":"Singing Bowl","floor":22.0},{"not_picked":["Blade Dance+1","Skewer","Well Laid Plans"],"picked":"Singing Bowl","floor":24.0},{"not_picked":["Poisoned Stab","Outmaneuver","Slice"],"picked":"Singing Bowl","floor":27.0},{"not_picked":["Slice","Noxious Fumes"],"picked":"Adrenaline","floor":28.0},{"not_picked":["Footwork","Flying Knee","Endless Agony+1"],"picked":"Singing Bowl","floor":30.0},{"not_picked":["Dodge and Roll","Dagger Throw"],"picked":"PiercingWail","floor":31.0},{"not_picked":["Night Terror","Wraith Form v2"],"picked":"Venomology","floor":33.0},{"not_picked":["Escape Plan","Dagger Spray","Dodge and Roll"],"picked":"Singing Bowl","floor":35.0},{"not_picked":["Underhanded Strike","Dodge and Roll"],"picked":"Backflip+1","floor":38.0},{"not_picked":["Backflip","Footwork+1","Flechettes"],"picked":"Singing Bowl","floor":44},{"not_picked":["Leg Sweep","Bane"],"picked":"Deflect+1","floor":45},{"not_picked":["Accuracy+1","Outmaneuver+1","Dagger Throw"],"picked":"Singing Bowl","floor":46},{"not_picked":["Bane+1","Setup+1"],"picked":"Acrobatics+1","floor":48}],"player_experience":751834,"relics_obtained":[{"floor":6.0,"key":"Singing Bowl"},{"floor":9.0,"key":"Sundial"},{"floor":12.0,"key":"Letter Opener"},{"floor":21.0,"key":"Dream Catcher"},{"floor":26.0,"key":"Bag of Preparation"},{"floor":31.0,"key":"Meat on the Bone"},{"floor":36.0,"key":"Matryoshka"},{"floor":39.0,"key":"Potion Belt"},{"floor":39.0,"key":"Strawberry"},{"floor":43.0,"key":"Whetstone"},{"floor":43.0,"key":"Bronze Scales"},{"floor":45,"key":"Art of War"},{"floor":48,"key":"Juzu Bracelet"}],"event_choices":[{"damage_healed":0.0,"max_hp_gain":0.0,"max_hp_loss":0.0,"gold_gain":0.0,"event_name":"Accursed Blacksmith","player_choice":"Rummage","floor":4.0,"gold_loss":0.0,"damage_taken":0.0,"relics_obtained":["WarpedTongs"],"cards_obtained":["Pain"]},{"damage_healed":0.0,"max_hp_gain":0.0,"max_hp_loss":0.0,"gold_gain":0.0,"event_name":"The Woman in Blue","player_choice":"Bought 1 Potion","floor":8.0,"gold_loss":0.0,"damage_taken":0.0},{"damage_healed":0.0,"max_hp_gain":0.0,"max_hp_loss":0.0,"gold_gain":0.0,"event_name":"FaceTrader","player_choice":"Trade","floor":19.0,"gold_loss":0.0,"damage_taken":0.0,"relics_obtained":["SsserpentHead"]},{"damage_healed":0.0,"max_hp_gain":0.0,"max_hp_loss":0.0,"gold_gain":0.0,"event_name":"Upgrade Shrine","player_choice":"Upgraded","floor":25.0,"gold_loss":0.0,"damage_taken":0.0,"cards_upgraded":["Noxious Fumes"]},{"cards_removed":["Strike_G"],"damage_healed":0.0,"max_hp_gain":0.0,"max_hp_loss":0.0,"gold_gain":0.0,"event_name":"Designer","player_choice":"Upgrade and Remove","floor":41.0,"gold_loss":110.0,"damage_taken":0.0,"cards_upgraded":["Strike_G"]}],"is_beta":false,"boss_relics":[{"not_picked":["WristBlade","Lizard Tail"],"picked":"Runic Pyramid"},{"not_picked":["Black Star","Velvet Choker"],"picked":"HoveringKite"}],"items_purged_floors":[11,29],"is_endless":false,"potions_floor_spawned":[1,6,14,16,22,28,33,35,45],"ascension_level":20}