{"gold_per_floor":[116,170,170,15,31,31,63,63,90,118,165,177,200,137,149,240,252,274,303,315,343,355,399,411,423,735,757,769,799,736,830,842,854],"floor_reached":33,"playtime":1369,"items_purged":[],"score":503,"play_id":"e9543408-46a4-46cf-b179-e7490511a15f","local_time":"20190419142851","is_ascension_mode":true,"campfire_choices":[{"data":"Riddle With Holes","floor":6.0,"key":"SMITH"},{"floor":8.0,"key":"REST"},{"data":"Dash","floor":12.0,"key":"SMITH"},{"data":"Neutralize","floor":15.0,"key":"SMITH"},{"data":"Skewer","floor":25.0,"key":"SMITH"},{"floor":32.0,"key":"REST"}],"neow_cost":"NONE","seed_source_timestamp":5936833895946,"circlet_count":0,"master_deck":["AscendersBane","Defend_G","Defend_G","Defend_G","Defend_G","Defend_G","Strike_G","Strike_G","Strike_G","Survivor","Neutralize+1","Riddle With Holes+1","PiercingWail","Dodge and Roll","Dash+1","Caltrops+1","Leg Sweep","Skewer+1","Dash","Backflip"],"special_seed":0,"relics":["Ring of the Snake","Dream Catcher","Omamori","Bag of Preparation","Bronze Scales","Regal Pillow","MawBank","Bag of Marbles","Snecko Eye","Strawberry","Old Coin"],"potions_floor_usage":[33],"damage_taken":[{"damage":4.0,"enemies":"Cultist","floor":1.0,"turns":4.0},{"damage":1.0,"enemies":"2 Louse","floor":5.0,"turns":2.0},{"damage":24.0,"enemies":"Gremlin Nob","floor":7.0,"turns":4.0},{"damage":0.0,"enemies":"Small Slimes","floor":10.0,"turns":3.0},{"damage":25.0,"enemies":"3 Sentries","floor":11.0,"turns":11.0},{"damage":2.0,"enemies":"Red Slaver","floor":13.0,"turns":2.0},{"damage":20.0,"enemies":"The Guardian","floor":16.0,"turns":11.0},{"damage":5.0,"enemies":"Spheric Guardian","floor":18.0,"turns":5.0},{"damage":0.0,"enemies":"Chosen","floor":19.0,"turns":4.0},{"damage":27.0,"enemies":"Snake Plant","floor":21.0,"turns":4.0},{"damage":6.0,"enemies":"Slavers","floor":23.0,"turns":6.0},{"damage":0.0,"enemies":"Cultist and Chosen","floor":27.0,"turns":5.0},{"damage":16.0,"enemies":"Sentry and Sphere","floor":29.0,"turns":5.0},{"damage":68,"enemies":"Champ","floor":33,"turns":13}],"seed_played":"5365810764769666900","potions_obtained":[{"floor":7.0,"key":"PowerPotion"},{"floor":11.0,"key":"Fruit Juice"},{"floor":13.0,"key":"GhostInAJar"},{"floor":29.0,"key":"Dexterity Potion"}],"is_trial":false,"path_per_floor":["M","T","?","$","M","R","E","R","T","M","E","R","M","?","R","B",null,"M","M","?","M","?","E","?","R","T","M","?","M","?","T","R","B"],"character_chosen":"THE_SILENT","items_purchased":["Bronze Scales"],"campfire_rested":2,"item_purchase_floors":[4],"current_hp_per_floor":[55,55,50,50,49,49,25,59,59,59,34,34,37,37,37,17,58,53,53,53,26,26,27,32,32,32,32,32,16,16,16,54,0],"gold":854,"neow_bonus":"RANDOM_COMMON_RELIC","is_prod":false,"is_daily":false,"chose_seed":false,"campfire_upgraded":4,"win_rate":0,"timestamp":1555673331,"path_taken":["M","?","?","$","M","R","E","R","T","M","E","R","M","?","R","BOSS","M","M","?","?","?","E","?","R","T","?","?","?","?","?","R","BOSS"],"build_version":"2019-01-23","purchased_purges":0,"victory":false,"max_hp_per_floor":[66,66,66,66,66,66,66,66,66,66,66,66,71,71,71,71,71,71,71,71,71,71,78,78,78,78,78,78,78,78,78,78,78],"card_choices":[{"not_picked":["Underhanded Strike","Prepared"],"picked":"Riddle With Holes","floor":1.0},{"not_picked":["Eviscerate","Deflect"],"picked":"PiercingWail","floor":5.0},{"not_picked":["Prepared","Dagger Spray"],"picked":"Dodge and Roll","floor":7.0},{"not_picked":["Poisoned Stab","Calculated Gamble"],"picked":"Dash","floor":8.0},{"not_picked":["Reflex","Predator","Blade Dance"],"picked":"SKIP","floor":10.0},{"not_picked":["Backflip","Deadly Poison"],"picked":"Deflect","floor":11.0},{"not_picked":["Endless Agony","Dagger Throw"],"picked":"Caltrops","floor":13.0},{"not_picked":["Flying Knee","Predator"],"picked":"Leg Sweep","floor":18.0},{"not_picked":["Quick Slash","Reflex+1","Blade Dance+1"],"picked":"SKIP","floor":19.0},{"not_picked":["Quick Slash","Sucker Punch"],"picked":"Skewer","floor":21.0},{"not_picked":["Escape Plan","Acrobatics"],"picked":"Dash","floor":23.0},{"not_picked":["Blade Dance","Underhanded Strike+1","Setup"],"picked":"SKIP","floor":27.0},{"not_picked":["Poisoned Stab","Glass Knife","Blade Dance"],"picked":"SKIP","floor":29.0}],"player_experience":858431,"relics_obtained":[{"floor":2.0,"key":"Omamori"},{"floor":7.0,"key":"Regal Pillow"},{"floor":9.0,"key":"MawBank"},{"floor":11.0,"key":"Bag of Marbles"},{"floor":23.0,"key":"Strawberry"},{"floor":26.0,"key":"Old Coin"}],"event_choices":[{"damage_healed":0.0,"max_hp_gain":0.0,"max_hp_loss":0.0,"gold_gain":0.0,"event_name":"Scrap Ooze","player_choice":"Success","floor":3.0,"gold_loss":0.0,"damage_taken":5.0,"relics_obtained":["Bag of Preparation"]},{"cards_removed":["Strike_G"],"damage_healed":0.0,"max_hp_gain":0.0,"max_hp_loss":0.0,"gold_gain":0.0,"event_name":"The Cleric","player_choice":"Card Removal","floor":14.0,"gold_loss":75.0,"damage_taken":0.0},{"damage_healed":0.0,"max_hp_gain":0.0,"max_hp_loss":0.0,"gold_gain":0.0,"event_name":"Upgrade Shrine","player_choice":"Upgraded","floor":20.0,"gold_loss":0.0,"damage_taken":0.0,"cards_upgraded":["Caltrops"]},{"damage_healed":0.0,"max_hp_gain":0.0,"max_hp_loss":0.0,"gold_gain":0.0,"event_name":"Vampires","player_choice":"Ignored","floor":22.0,"gold_loss":0.0,"damage_taken":0.0},{"cards_removed":["Deflect"],"damage_healed":5.0,"max_hp_gain":0.0,"max_hp_loss":0.0,"gold_gain":0.0,"event_name":"Bonfire Elementals","player_choice":"Offered Common","floor":24.0,"gold_loss":0.0,"damage_taken":0.0},{"cards_removed":["Deflect"],"damage_healed":5.0,"max_hp_gain":0.0,"max_hp_loss":0.0,"gold_gain":0.0,"event_name":"Bonfire Elementals","player_choice":"Offered Special","floor":24.0,"gold_loss":0.0,"damage_taken":0.0},{"damage_healed":0.0,"max_hp_gain":0.0,"max_hp_loss":0.0,"gold_gain":0.0,"event_name":"Match and Keep!","player_choice":"1 cards matched","floor":28.0,"gold_loss":0.0,"damage_taken":0.0,"cards_obtained":["Backflip"]},{"cards_removed":["Strike_G"],"damage_healed":0.0,"max_hp_gain":0.0,"max_hp_loss":0.0,"gold_gain":0.0,"event_name":"Beggar","player_choice":"Gave Gold","floor":30.0,"gold_loss":75.0,"damage_taken":0.0}],"is_beta":false,"boss_relics":[{"not_picked":["White Beast Statue","Calling Bell"],"picked":"Snecko Eye"}],"items_purged_floors":[],"is_endless":false,"potions_floor_spawned":[7,11,13,18,21,29],"killed_by":"Champ","ascension_level":15}