{"gold_per_floor":[114,189,339,391,391,391,410,410,410,424,474,474,485,208,208,286,286,306,306,98,112,112,139,158,158,239,8,25,25,25,25],"floor_reached":31,"playtime":1179,"items_purged":["Doubt"],"score":567,"play_id":"fa52f44e-1fe0-4f52-a1c6-d3ac58cd4db6","local_time":"20190729153231","is_ascension_mode":true,"campfire_choices":[{"data":"Neutralize","floor":8.0,"key":"SMITH"},{"floor":12.0,"key":"REST"},{"data":"Quick Slash","floor":15.0,"key":"SMITH"},{"data":"Envenom","floor":25.0,"key":"SMITH"},{"floor":30.0,"key":"REST"}],"neow_cost":"NONE","seed_source_timestamp":61700572974610,"circlet_count":0,"master_deck":["AscendersBane","Strike_G","Strike_G","Strike_G","Strike_G","Strike_G","Defend_G","Defend_G","Defend_G","Defend_G","Defend_G","Survivor","Neutralize+1","Heel Hook","Heel Hook","Endless Agony","Corpse Explosion","Quick Slash+1","Adrenaline","Deadly Poison","Writhe","Deadly Poison","Corpse Explosion","Neutralize","Tactician","Heel Hook","Infinite Blades","Writhe","Envenom+1","Pain","Prepared","Concentrate"],"special_seed":0,"relics":["Ring of the Snake","Pen Nib","Potion Belt","Tough Bandages","Pantograph","Darkstone Periapt","Odd Mushroom","Ancient Tea Set","Cursed Key","Lantern","Paper Crane","Gremlin Horn","PreservedInsect"],"potions_floor_usage":[],"damage_taken":[{"damage":4.0,"enemies":"Small Slimes","floor":1.0,"turns":4.0},{"damage":1.0,"enemies":"Jaw Worm","floor":7.0,"turns":6.0},{"damage":1.0,"enemies":"2 Louse","floor":10.0,"turns":3.0},{"damage":18.0,"enemies":"The Mushroom Lair","floor":11.0,"turns":7.0},{"damage":7.0,"enemies":"Large Slime","floor":13.0,"turns":6.0},{"damage":51.0,"enemies":"Hexaghost","floor":16.0,"turns":11.0},{"damage":1.0,"enemies":"3 Byrds","floor":18.0,"turns":2.0},{"damage":17.0,"enemies":"2 Thieves","floor":21.0,"turns":2.0},{"damage":0.0,"enemies":"Gremlin Leader","floor":23.0,"turns":5.0},{"damage":0.0,"enemies":"Centurion and Healer","floor":24.0,"turns":2.0},{"damage":32.0,"enemies":"Shelled Parasite and Fungi","floor":28.0,"turns":6.0},{"damage":48,"enemies":"Slavers","floor":31,"turns":3}],"seed_played":"2276131501917152405","potions_obtained":[{"floor":10.0,"key":"Strength Potion"},{"floor":13.0,"key":"SteroidPotion"},{"floor":18.0,"key":"AttackPotion"},{"floor":21.0,"key":"Explosive Potion"}],"is_trial":false,"path_per_floor":["M","?","?","T","?","T","M","R","T","M","?","R","M","$","R","B",null,"M","?","$","M","T","E","M","R","T","$","M","?","R","E"],"character_chosen":"THE_SILENT","items_purchased":["Corpse Explosion","Quick Slash","Tactician","Heel Hook","Infinite Blades","PreservedInsect","Prepared"],"campfire_rested":2,"item_purchase_floors":[14,14,20,20,20,27,27],"current_hp_per_floor":[55,44,44,44,39,39,38,38,38,37,19,38,31,31,31,5,51,50,56,56,39,45,45,45,45,51,51,19,19,44,0],"gold":25,"neow_bonus":"RANDOM_COMMON_RELIC","is_prod":false,"is_daily":false,"chose_seed":false,"campfire_upgraded":3,"win_rate":0,"timestamp":1564439551,"path_taken":["M","?","?","?","?","?","M","R","T","?","?","R","M","$","R","BOSS","M","?","$","?","?","E","M","R","T","?","M","?","R","E"],"build_version":"2019-07-17","purchased_purges":1,"victory":false,"max_hp_per_floor":[66,66,66,66,66,66,66,66,66,66,66,66,66,66,66,66,66,66,72,72,72,78,78,78,78,84,84,84,84,84,84],"card_choices":[{"not_picked":["Blade Dance","Calculated Gamble"],"picked":"Heel Hook","floor":1.0},{"not_picked":["Dagger Spray","Predator"],"picked":"Heel Hook","floor":7.0},{"not_picked":["Dagger Spray","Blade Dance","Flying Knee"],"picked":"SKIP","floor":10.0},{"not_picked":["Expertise","Slice"],"picked":"Endless Agony","floor":13.0},{"not_picked":["Malaise","Unload"],"picked":"Adrenaline","floor":16.0},{"not_picked":["Bane","Slice"],"picked":"Deadly Poison","floor":18.0},{"not_picked":["Bane","Outmaneuver","Blade Dance"],"picked":"SKIP","floor":21.0},{"not_picked":["Endless Agony","Deadly Poison"],"picked":"Envenom","floor":23.0},{"not_picked":["Dodge and Roll","Flechettes","Dagger Spray"],"picked":"SKIP","floor":24.0},{"not_picked":["Leg Sweep","Dagger Throw+1"],"picked":"Concentrate","floor":28.0}],"player_experience":686841,"relics_obtained":[{"floor":4.0,"key":"Potion Belt"},{"floor":6.0,"key":"Pantograph"},{"floor":9.0,"key":"Darkstone Periapt"},{"floor":11.0,"key":"Odd Mushroom"},{"floor":11.0,"key":"Ancient Tea Set"},{"floor":22.0,"key":"Lantern"},{"floor":23.0,"key":"Paper Crane"},{"floor":26.0,"key":"Gremlin Horn"}],"event_choices":[{"damage_healed":0.0,"max_hp_gain":0.0,"max_hp_loss":0.0,"gold_gain":75.0,"event_name":"World of Goop","player_choice":"Gather Gold","floor":2.0,"gold_loss":0.0,"damage_taken":11.0},{"damage_healed":0.0,"max_hp_gain":0.0,"max_hp_loss":0.0,"gold_gain":150.0,"event_name":"Liars Game","player_choice":"AGREE","floor":3.0,"gold_loss":0.0,"damage_taken":0.0,"cards_obtained":["Doubt"]},{"damage_healed":0.0,"max_hp_gain":0.0,"max_hp_loss":0.0,"gold_gain":0.0,"event_name":"Scrap Ooze","player_choice":"Success","floor":5.0,"gold_loss":0.0,"damage_taken":5.0,"relics_obtained":["Tough Bandages"]},{"damage_healed":0.0,"max_hp_gain":0.0,"max_hp_loss":0.0,"gold_gain":0.0,"event_name":"Mushrooms","player_choice":"Fought Mushrooms","floor":11.0,"gold_loss":0.0,"damage_taken":0.0},{"damage_healed":0.0,"max_hp_gain":0.0,"max_hp_loss":0.0,"gold_gain":0.0,"event_name":"Match and Keep!","player_choice":"4 cards matched","floor":19.0,"gold_loss":0.0,"damage_taken":0.0,"cards_obtained":["Writhe","Deadly Poison","Corpse Explosion","Neutralize"]},{"damage_healed":0.0,"max_hp_gain":0.0,"max_hp_loss":0.0,"gold_gain":0.0,"event_name":"WeMeetAgain","player_choice":"Ignored","floor":29.0,"gold_loss":0.0,"damage_taken":0.0}],"is_beta":false,"boss_relics":[{"not_picked":["Sozu","Pandora\u0027s Box"],"picked":"Cursed Key"}],"items_purged_floors":[14],"is_endless":false,"potions_floor_spawned":[10,13,18,21],"killed_by":"Slavers","ascension_level":19}