{"gold_per_floor":[216,166,183,183,108,138,154,124,124,124,138,16,91,107,107,202,202,214,214,234,159,173,200,200,214,214,214,242,242,258,258],"floor_reached":31,"playtime":1589,"items_purged":["Defend_B"],"score":350,"play_id":"6c043752-e496-4535-8ab0-d3f0a85c61bd","local_time":"20180829015018","is_ascension_mode":false,"campfire_choices":[{"data":"Scrape","floor":15.0,"key":"SMITH"},{"floor":24.0,"key":"REST"},{"floor":29,"key":"REST"}],"neow_cost":"NONE","seed_source_timestamp":0,"circlet_count":0,"master_deck":["Strike_B","Defend_B","Defend_B","Defend_B","Zap+1","Dualcast","Chill","Gash","Scrape+1","Steam","Gash","Reinforced Body","Capacitor","All For One","Coolheaded+1","Gash","Steam","Redo+1","Go for the Eyes","Fusion+1","Ghostly","Ghostly","Ghostly","Ghostly","Ghostly","Turbo+1"],"special_seed":0,"relics":["Cracked Core","Shuriken","Bag of Marbles","Inserter","Smiling Mask","Frozen Egg 2","Ancient Tea Set"],"potions_floor_usage":[31],"damage_taken":[{"damage":0.0,"enemies":"Small Slimes","floor":1.0,"turns":2.0},{"damage":0.0,"enemies":"2 Louse","floor":3.0,"turns":2.0},{"damage":23.0,"enemies":"Lagavulin","floor":6.0,"turns":6.0},{"damage":0.0,"enemies":"Cultist","floor":7.0,"turns":4.0},{"damage":0.0,"enemies":"Exordium Wildlife","floor":11.0,"turns":3.0},{"damage":0.0,"enemies":"Gremlin Gang","floor":14.0,"turns":4.0},{"damage":0.0,"enemies":"Slime Boss","floor":16.0,"turns":8.0},{"damage":13.0,"enemies":"Shell Parasite","floor":18.0,"turns":4.0},{"damage":15.0,"enemies":"2 Thieves","floor":20.0,"turns":3.0},{"damage":14.0,"enemies":"Snecko","floor":22.0,"turns":4.0},{"damage":13.0,"enemies":"Gremlin Leader","floor":23.0,"turns":5.0},{"damage":13.0,"enemies":"Centurion and Healer","floor":25.0,"turns":3.0},{"damage":19,"enemies":"Slavers","floor":28,"turns":8},{"damage":0,"enemies":"Sentry and Sphere","floor":30,"turns":6},{"damage":21,"enemies":"3 Cultists","floor":31,"turns":5}],"seed_played":"-5016339147328455836","potions_obtained":[{"floor":7.0,"key":"Swift Potion"},{"floor":8.0,"key":"Poison Potion"},{"floor":8.0,"key":"LiquidBronze"},{"floor":22.0,"key":"Energy Potion"}],"is_trial":false,"path_per_floor":["M","?","M","?","$","E","M","?","T","?","M","$","?","M","R","B",null,"M","?","M","?","M","E","R","M","T","?","E","R","M"],"character_chosen":"DEFECT","items_purchased":["Gash","Reinforced Body"],"campfire_rested":2,"item_purchase_floors":[12,12],"current_hp_per_floor":[75,75,75,75,75,52,52,52,52,52,52,52,41,41,41,41,75,62,62,47,47,33,20,42,29,29,29,10,21,21,0],"gold":258,"neow_bonus":"HUNDRED_GOLD","is_prod":false,"is_daily":false,"chose_seed":false,"campfire_upgraded":1,"win_rate":0,"timestamp":1535532618,"path_taken":["M","?","?","?","$","E","M","?","T","?","M","?","?","?","R","BOSS","M","?","M","?","M","E","R","M","T","?","E","R","M","?"],"build_version":"2018-08-23v2","purchased_purges":1,"victory":false,"max_hp_per_floor":[75,75,75,75,75,75,75,75,75,75,75,75,75,75,75,75,75,75,75,75,75,75,75,75,75,75,37,37,37,37,37],"card_choices":[{"not_picked":["Cold Snap","Consume"],"picked":"Chill","floor":1.0},{"not_picked":["Steam","Compile Driver"],"picked":"Gash","floor":3.0},{"not_picked":["Ball Lightning","Loop","Seek"],"picked":"SKIP","floor":6.0},{"not_picked":["Tempest","Capacitor"],"picked":"Scrape","floor":7.0},{"not_picked":["Steam Power","Redo"],"picked":"Steam","floor":11.0},{"not_picked":["Aggregate","Loop"],"picked":"Capacitor","floor":14.0},{"not_picked":["Rainbow","Biased Cognition"],"picked":"All For One","floor":16.0},{"not_picked":["Ball Lightning","Aggregate"],"picked":"Coolheaded+1","floor":18.0},{"not_picked":["Aggregate+1","Leap"],"picked":"Steam","floor":20.0},{"not_picked":["Go for the Eyes","Multi-Cast"],"picked":"Redo+1","floor":22.0},{"not_picked":["Compile Driver","Lockon"],"picked":"Go for the Eyes","floor":23.0},{"not_picked":["Turbo+1","Undo"],"picked":"Fusion+1","floor":25.0},{"not_picked":["Rainbow","Fusion"],"picked":"Turbo+1","floor":28},{"not_picked":["Reinforced Body","Skim+1","Chaos"],"picked":"SKIP","floor":30}],"player_experience":219237,"relics_obtained":[{"floor":6.0,"key":"Shuriken"},{"floor":9.0,"key":"Bag of Marbles"},{"floor":23.0,"key":"Smiling Mask"},{"floor":26.0,"key":"Frozen Egg 2"},{"floor":28,"key":"Ancient Tea Set"}],"event_choices":[{"event_name":"The Cleric","player_choice":"Card Removal","floor":2.0,"damage_taken":0.0},{"event_name":"Purifier","player_choice":"One Purge","floor":4.0,"damage_taken":0.0},{"event_name":"The Woman in Blue","player_choice":"Bought 2 Potions","floor":8.0,"damage_taken":0.0},{"event_name":"Upgrade Shrine","player_choice":"Upgraded","floor":10.0,"damage_taken":0.0},{"event_name":"World of Goop","player_choice":"Gather Gold","floor":13.0,"damage_taken":0.0},{"event_name":"Duplicator","player_choice":"One dupe","floor":19.0,"damage_taken":0.0},{"event_name":"Beggar","player_choice":"Gave Gold","floor":21.0,"damage_taken":0.0},{"event_name":"Ghosts","player_choice":"Became a Ghost","floor":27.0,"damage_taken":0.0}],"is_beta":false,"boss_relics":[{"not_picked":["White Beast Statue","Snecko Eye"],"picked":"Inserter"}],"items_purged_floors":[5],"is_endless":false,"potions_floor_spawned":[7,11,14,22,23,28,30],"killed_by":"3 Cultists","ascension_level":0}