{"gold_per_floor":[110,124,50,50,103,103,132,132,132,132,47,47,81,95,95,199,199,215,8,28,42,42,73,85,117,117,168,168,168],"floor_reached":29,"playtime":904,"items_purged":[],"score":380,"play_id":"a10be495-b9a6-4134-bcd7-34b74067a834","local_time":"20190716180542","is_ascension_mode":true,"campfire_choices":[{"data":"Bash","floor":6.0,"key":"SMITH"},{"data":"Feed","floor":8.0,"key":"SMITH"},{"data":"Flame Barrier","floor":12.0,"key":"SMITH"},{"data":"Metallicize","floor":15.0,"key":"SMITH"}],"neow_cost":"NONE","seed_source_timestamp":10120941402247,"circlet_count":0,"master_deck":["Strike_R","Strike_R","Strike_R","Strike_R","Strike_R","Defend_R","Defend_R","Defend_R","Defend_R","Bash+1","Clothesline","Flame Barrier+1","Feed+1","Metallicize+1","Headbutt","Barricade","Juggernaut","Metallicize+1"],"special_seed":0,"relics":["Burning Blood","NeowsBlessing","Oddly Smooth Stone","Orichalcum","Pen Nib","Busted Crown","Toolbox","Bag of Preparation","Ginger","Omamori","Molten Egg 2","Juzu Bracelet"],"potions_floor_usage":[],"damage_taken":[{"damage":0.0,"enemies":"Cultist","floor":1.0,"turns":1.0},{"damage":0.0,"enemies":"Small Slimes","floor":2.0,"turns":1.0},{"damage":0.0,"enemies":"3 Sentries","floor":7.0,"turns":1.0},{"damage":15.0,"enemies":"Gremlin Nob","floor":13.0,"turns":6.0},{"damage":5.0,"enemies":"Jaw Worm","floor":14.0,"turns":3.0},{"damage":28.0,"enemies":"The Guardian","floor":16.0,"turns":14.0},{"damage":4.0,"enemies":"Chosen","floor":18.0,"turns":8.0},{"damage":8.0,"enemies":"Shell Parasite","floor":20.0,"turns":7.0},{"damage":19.0,"enemies":"Snake Plant","floor":21.0,"turns":6.0},{"damage":46.0,"enemies":"Gremlin Leader","floor":23.0,"turns":7.0},{"damage":5.0,"enemies":"Chosen and Byrds","floor":24.0,"turns":7.0},{"damage":19,"enemies":"Book of Stabbing","floor":25,"turns":6},{"damage":33,"enemies":"Gremlin Leader","floor":27,"turns":11},{"damage":21,"enemies":"Sentry and Sphere","floor":29,"turns":5}],"seed_played":"-8312611204638528760","potions_obtained":[{"floor":2.0,"key":"Weak Potion"},{"floor":7.0,"key":"Strength Potion"},{"floor":14.0,"key":"FearPotion"}],"is_trial":false,"path_per_floor":["M","M","$","$","?","R","E","R","T","$","$","R","E","M","R","B",null,"M","$","M","M","?","E","M","E","T","E","?","M"],"character_chosen":"IRONCLAD","items_purchased":["Flame Barrier","Metallicize","Headbutt","Toolbox"],"campfire_rested":0,"item_purchase_floors":[3,11,11,19],"current_hp_per_floor":[80,80,80,80,80,80,80,80,80,80,80,80,75,80,80,62,92,96,96,98,89,89,53,58,45,45,18,18,0],"gold":168,"neow_bonus":"THREE_ENEMY_KILL","is_prod":false,"is_daily":false,"chose_seed":false,"campfire_upgraded":4,"win_rate":0,"timestamp":1563289542,"path_taken":["M","M","?","$","?","R","E","R","T","?","$","R","E","M","R","BOSS","M","$","M","M","?","E","M","E","T","E","?","M"],"build_version":"2019-07-05","purchased_purges":0,"victory":false,"max_hp_per_floor":[80,80,80,80,80,80,80,80,80,80,80,80,84,88,88,92,92,96,96,100,104,104,108,112,112,112,112,112,112],"card_choices":[{"not_picked":["Flex","Corruption"],"picked":"Clothesline","floor":1.0},{"not_picked":["Seeing Red","Entrench","Perfected Strike"],"picked":"SKIP","floor":2.0},{"not_picked":["Perfected Strike","Seeing Red"],"picked":"Feed","floor":7.0},{"not_picked":["Iron Wave","Sword Boomerang","Seeing Red"],"picked":"SKIP","floor":13.0},{"not_picked":["Headbutt","Iron Wave","Sword Boomerang"],"picked":"SKIP","floor":14.0},{"not_picked":["Juggernaut","Offering"],"picked":"Barricade","floor":16.0},{"not_picked":["Blood for Blood"],"picked":"SKIP","floor":18.0},{"not_picked":["Seeing Red"],"picked":"SKIP","floor":20.0},{"not_picked":["Iron Wave+1"],"picked":"SKIP","floor":21.0},{"not_picked":["Sword Boomerang+1"],"picked":"SKIP","floor":23.0},{"not_picked":["Uppercut"],"picked":"SKIP","floor":24.0},{"not_picked":[],"picked":"Juggernaut","floor":25},{"not_picked":["Warcry"],"picked":"SKIP","floor":27}],"player_experience":1065704,"relics_obtained":[{"floor":7.0,"key":"Oddly Smooth Stone"},{"floor":9.0,"key":"Orichalcum"},{"floor":13.0,"key":"Pen Nib"},{"floor":23.0,"key":"Ginger"},{"floor":25,"key":"Omamori"},{"floor":26,"key":"Molten Egg 2"},{"floor":27,"key":"Juzu Bracelet"}],"event_choices":[{"damage_healed":0.0,"max_hp_gain":0.0,"max_hp_loss":0.0,"gold_gain":53.0,"event_name":"Golden Wing","player_choice":"Gained Gold","floor":5.0,"gold_loss":0.0,"damage_taken":0.0},{"damage_healed":0.0,"max_hp_gain":0.0,"max_hp_loss":0.0,"gold_gain":0.0,"event_name":"The Mausoleum","player_choice":"Opened","floor":22.0,"gold_loss":0.0,"damage_taken":0.0,"relics_obtained":["Bag of Preparation"]},{"damage_healed":0,"gold_gain":0,"player_choice":"Copied","damage_taken":0,"max_hp_gain":0,"max_hp_loss":0,"event_name":"Duplicator","floor":28,"gold_loss":0,"cards_obtained":["Metallicize"]}],"is_beta":false,"boss_relics":[{"not_picked":["Runic Pyramid","Astrolabe"],"picked":"Busted Crown"}],"items_purged_floors":[],"is_endless":false,"potions_floor_spawned":[2,7,14,20,21,23,27],"killed_by":"Sentry and Sphere","ascension_level":1}