{"gold_per_floor":[111,186,186,186,196,255,255,271,351,366,366,395,395,413,413,513,513,531,531,531,541,541],"floor_reached":22,"playtime":1375,"items_purged":[],"score":238,"play_id":"d8e4010d-fe40-47ed-be6a-7f9c76876051","local_time":"20180821161740","is_ascension_mode":true,"campfire_choices":[{"floor":7.0,"key":"REST"},{"floor":13.0,"key":"REST"},{"data":"Fusion","floor":15.0,"key":"SMITH"}],"neow_cost":"","seed_source_timestamp":0,"circlet_count":0,"master_deck":["Strike_B","Strike_B","Defend_B","Defend_B","Defend_B","Defend_B","Zap","Dualcast","Leap","Consume","Fusion+1","Genetic Algorithm","Undo","Storm","Ball Lightning","Doom and Gloom","Thunder Strike","Auto Shields+1","Ghostly","Ghostly","Ghostly","Ghostly","Ghostly","Impatience","Swift Strike","Purity","Discovery","Force Field+1"],"special_seed":0,"relics":["Cracked Core","Boot","Tiny Chest","Shuriken","Meat on the Bone","Anchor","Empty Cage"],"potions_floor_usage":[],"damage_taken":[{"damage":2.0,"enemies":"Jaw Worm","floor":1.0,"turns":3.0},{"damage":16.0,"enemies":"2 Louse","floor":5.0,"turns":2.0},{"damage":31.0,"enemies":"Gremlin Nob","floor":6.0,"turns":5.0},{"damage":4.0,"enemies":"Small Slimes","floor":8.0,"turns":4.0},{"damage":4.0,"enemies":"3 Louse","floor":10.0,"turns":4.0},{"damage":9.0,"enemies":"3 Sentries","floor":12.0,"turns":7.0},{"damage":5.0,"enemies":"Gremlin Gang","floor":14.0,"turns":4.0},{"damage":20.0,"enemies":"Hexaghost","floor":16.0,"turns":9.0},{"damage":44.0,"enemies":"2 Thieves","floor":18.0,"turns":5.0},{"damage":1,"enemies":"Shell Parasite","floor":21,"turns":7},{"damage":28,"enemies":"3 Cultists","floor":22,"turns":6}],"seed_played":"1825397891016694978","potions_obtained":[{"floor":1.0,"key":"FocusPotion"},{"floor":10.0,"key":"Block Potion"},{"floor":14.0,"key":"EntropicBrew"},{"floor":16.0,"key":"Explosive Potion"},{"floor":21,"key":"FearPotion"}],"is_trial":false,"path_per_floor":["M","?","?","?","M","E","R","M","T","M","?","E","R","M","R","B",null,"M","?","?","M"],"character_chosen":"DEFECT","items_purchased":[],"campfire_rested":2,"item_purchase_floors":[],"current_hp_per_floor":[73,62,50,50,34,3,25,21,21,17,17,20,42,49,49,41,75,43,37,7,18,0],"gold":541,"neow_bonus":"","is_prod":false,"is_daily":false,"chose_seed":false,"campfire_upgraded":1,"win_rate":0,"timestamp":1534893460,"path_taken":["M","?","?","?","?","E","R","M","T","?","?","E","R","M","R","BOSS","M","?","?","?","M"],"build_version":"2018-08-16","purchased_purges":0,"victory":false,"max_hp_per_floor":[75,75,75,75,75,75,75,75,75,75,75,75,75,75,75,75,75,75,37,37,37,37],"card_choices":[{"not_picked":["Reinforced Body","Turbo"],"picked":"Leap","floor":1.0},{"not_picked":["Rebound","Conserve Battery"],"picked":"Fusion","floor":5.0},{"not_picked":["Self Repair","Coolheaded"],"picked":"Genetic Algorithm","floor":6.0},{"not_picked":["Redo","Sweeping Beam"],"picked":"Undo","floor":8.0},{"not_picked":["Hologram","Barrage"],"picked":"Storm","floor":10.0},{"not_picked":["Coolheaded","Recycle"],"picked":"Ball Lightning","floor":12.0},{"not_picked":["Barrage","Steam Power"],"picked":"Doom and Gloom","floor":14.0},{"not_picked":["Fission","Reboot"],"picked":"Thunder Strike","floor":16.0},{"not_picked":["Ball Lightning+1","Coolheaded"],"picked":"Auto Shields+1","floor":18.0},{"not_picked":["Darkness","Go for the Eyes"],"picked":"Force Field+1","floor":21}],"player_experience":137624,"relics_obtained":[{"floor":6.0,"key":"Tiny Chest"},{"floor":9.0,"key":"Shuriken"},{"floor":12.0,"key":"Anchor"}],"event_choices":[{"event_name":"World of Goop","player_choice":"Gather Gold","floor":2.0,"damage_taken":0.0},{"event_name":"Scrap Ooze","player_choice":"success","floor":3.0,"damage_taken":12.0},{"event_name":"Living Wall","player_choice":"Change","floor":4.0,"damage_taken":0.0},{"event_name":"Accursed Blacksmith","player_choice":"Rummage","floor":11.0,"damage_taken":0.0},{"event_name":"Ghosts","player_choice":"Became a Ghost","floor":19.0,"damage_taken":0.0},{"event_name":"Knowing Skull","player_choice":"CARD CARD CARD CARD ","floor":20.0,"damage_taken":0.0}],"is_beta":false,"boss_relics":[{"not_picked":["Lizard Tail","White Beast Statue"],"picked":"Empty Cage"}],"items_purged_floors":[],"is_endless":false,"potions_floor_spawned":[1,10,14,16,21],"killed_by":"3 Cultists","ascension_level":2}