{"gold_per_floor":[118,130,205,305,324,324,351,351,351,365,365,379,51,64,64,140,140,160,160,179,179,179,179,179],"floor_reached":24,"playtime":465,"items_purged":[],"score":392,"play_id":"3e78cf5e-d82c-44d3-8671-2c633f198f22","local_time":"20190804172222","is_ascension_mode":true,"campfire_choices":[{"data":"Cleave","floor":6.0,"key":"SMITH"},{"data":"Bash","floor":8.0,"key":"SMITH"},{"data":"Pommel Strike","floor":11.0,"key":"SMITH"},{"floor":15.0,"key":"REST"},{"floor":23,"key":"REST"}],"neow_cost":"NONE","seed_source_timestamp":31892835940617,"circlet_count":0,"master_deck":["AscendersBane","Strike_R","Strike_R","Strike_R","Strike_R","Strike_R","Defend_R","Defend_R","Defend_R","Defend_R","Bash+1","Pommel Strike+1","Cleave+1","Barricade+1","Entrench+1","Writhe"],"special_seed":0,"relics":["Burning Blood","NeowsBlessing","Ornamental Fan","Frozen Egg 2","Vajra","Lantern","Snecko Eye","FaceOfCleric","Blood Vial"],"potions_floor_usage":[24,24],"damage_taken":[{"damage":0.0,"enemies":"Jaw Worm","floor":1.0,"turns":1.0},{"damage":0.0,"enemies":"Cultist","floor":2.0,"turns":1.0},{"damage":0.0,"enemies":"2 Louse","floor":5.0,"turns":1.0},{"damage":32.0,"enemies":"Gremlin Nob","floor":7.0,"turns":4.0},{"damage":13.0,"enemies":"Looter","floor":10.0,"turns":3.0},{"damage":10.0,"enemies":"Blue Slaver","floor":12.0,"turns":4.0},{"damage":6.0,"enemies":"3 Louse","floor":14.0,"turns":3.0},{"damage":59.0,"enemies":"Slime Boss","floor":16.0,"turns":11.0},{"damage":34.0,"enemies":"Chosen","floor":18.0,"turns":4.0},{"damage":22.0,"enemies":"Shell Parasite","floor":20.0,"turns":3.0},{"damage":44,"enemies":"Slavers","floor":24,"turns":4}],"seed_played":"5502115146996054376","potions_obtained":[{"floor":5.0,"key":"Dexterity Potion"},{"floor":7.0,"key":"Regen Potion"},{"floor":16.0,"key":"PowerPotion"},{"floor":20.0,"key":"GamblersBrew"}],"is_trial":false,"path_per_floor":["M","M","?","?","M","R","E","R","T","M","R","M","$","M","R","B",null,"M","?","M","?","?","R","E"],"character_chosen":"IRONCLAD","items_purchased":["Vajra","Lantern"],"campfire_rested":2,"item_purchase_floors":[13,13],"current_hp_per_floor":[74,75,64,64,70,70,44,44,44,37,37,33,33,33,55,16,60,32,32,17,17,17,39,0],"gold":179,"neow_bonus":"THREE_ENEMY_KILL","is_prod":false,"is_daily":false,"chose_seed":false,"campfire_upgraded":3,"win_rate":0,"timestamp":1564928542,"path_taken":["M","M","?","?","?","R","E","R","T","M","R","M","$","M","R","BOSS","M","?","?","?","?","R","E"],"build_version":"2019-07-17","purchased_purges":0,"victory":false,"max_hp_per_floor":[75,75,75,75,75,75,75,75,75,75,75,75,75,75,75,75,75,75,75,76,76,76,76,76],"card_choices":[{"not_picked":["Clash","Heavy Blade"],"picked":"Pommel Strike","floor":1.0},{"not_picked":["Iron Wave","Thunderclap","Havoc"],"picked":"SKIP","floor":2.0},{"not_picked":["Iron Wave","Twin Strike"],"picked":"Cleave","floor":5.0},{"not_picked":["Bloodletting","Reaper","Perfected Strike"],"picked":"SKIP","floor":7.0},{"not_picked":["Rampage","Armaments","Thunderclap"],"picked":"SKIP","floor":10.0},{"not_picked":["Sentinel","Second Wind","Headbutt"],"picked":"SKIP","floor":12.0},{"not_picked":["Thunderclap","Body Slam","Heavy Blade"],"picked":"SKIP","floor":14.0},{"not_picked":["Impervious","Reaper"],"picked":"Barricade+1","floor":16.0},{"not_picked":["Cleave","Warcry"],"picked":"Entrench+1","floor":18.0},{"not_picked":["Power Through","Wild Strike","Thunderclap"],"picked":"SKIP","floor":20.0}],"player_experience":1119760,"relics_obtained":[{"floor":7.0,"key":"Ornamental Fan"},{"floor":9.0,"key":"Frozen Egg 2"}],"event_choices":[{"damage_healed":0.0,"max_hp_gain":0.0,"max_hp_loss":0.0,"gold_gain":75.0,"event_name":"World of Goop","player_choice":"Gather Gold","floor":3.0,"gold_loss":0.0,"damage_taken":11.0},{"damage_healed":0.0,"max_hp_gain":0.0,"max_hp_loss":0.0,"gold_gain":100.0,"event_name":"Wheel of Change","player_choice":"Gold","floor":4.0,"gold_loss":0.0,"damage_taken":0.0},{"damage_healed":0.0,"max_hp_gain":0.0,"max_hp_loss":0.0,"gold_gain":0.0,"event_name":"FaceTrader","player_choice":"Trade","floor":19.0,"gold_loss":0.0,"damage_taken":0.0,"relics_obtained":["FaceOfCleric"]},{"damage_healed":0.0,"max_hp_gain":0.0,"max_hp_loss":0.0,"gold_gain":0.0,"event_name":"The Mausoleum","player_choice":"Opened","floor":21.0,"gold_loss":0.0,"damage_taken":0.0,"relics_obtained":["Blood Vial"],"cards_obtained":["Writhe"]},{"damage_healed":0,"gold_gain":0,"player_choice":"Ignored","damage_taken":0,"max_hp_gain":0,"max_hp_loss":0,"event_name":"Cursed Tome","floor":22,"gold_loss":0}],"is_beta":false,"boss_relics":[{"not_picked":["Ectoplasm","Empty Cage"],"picked":"Snecko Eye"}],"items_purged_floors":[],"is_endless":false,"potions_floor_spawned":[5,7,12,16,20],"killed_by":"Slavers","ascension_level":20}