{"gold_per_floor":[111,130,145,0,0,25,25,35,91,106,125,125,135,154,154,249,249,266,266,67,87,107,107,137,150,150,150,182,30,30,63,63,160,160,178,178,190,190,190,190,216,216,242,272,285,297,314,314,314,314],"floor_reached":51,"playtime":2173,"items_purged":["Strike_B"],"score":974,"play_id":"b5c7aa38-73e1-4846-88d0-c7f2e64f8bb7","local_time":"20181224164054","is_ascension_mode":true,"campfire_choices":[{"floor":7.0,"key":"REST"},{"data":"Loop","floor":12.0,"key":"SMITH"},{"data":"Hologram","floor":15.0,"key":"SMITH"},{"data":"Conserve Battery","floor":23.0,"key":"SMITH"},{"floor":27.0,"key":"REST"},{"floor":30.0,"key":"REST"},{"data":"Capacitor","floor":32.0,"key":"SMITH"},{"data":"Biased Cognition","floor":40.0,"key":"SMITH"},{"floor":42.0,"key":"REST"},{"floor":49,"key":"REST"}],"neow_cost":"NONE","seed_source_timestamp":12328103226529,"circlet_count":0,"master_deck":["Strike_B","Strike_B+1","Defend_B","Defend_B","Defend_B","Defend_B","Zap","Conserve Battery","Melter+1","Conserve Battery+1","Core Surge","Loop+1","Enlightenment","Ball Lightning","Steam","Glacier","Compile Driver","Coolheaded","Hologram+1","Biased Cognition+1","Core Surge","Electrodynamics","Sweeping Beam","Capacitor+1","Hologram","FTL+1","Buffer","Panacea","Coolheaded+1","Capacitor+1","Recycle"],"special_seed":0,"relics":["FrozenCore","Orichalcum","PreservedInsect","Regal Pillow","Tiny Chest","Black Star","Lee\u0027s Waffle","Strawberry","Dream Catcher","Cables","Letter Opener","Emotion Chip","Whetstone","Pear","Art of War","Centennial Puzzle","Lantern","Vajra","Ancient Tea Set"],"potions_floor_usage":[50,50,50],"damage_taken":[{"damage":0.0,"enemies":"Cultist","floor":1.0,"turns":3.0},{"damage":5.0,"enemies":"Jaw Worm","floor":2.0,"turns":3.0},{"damage":0.0,"enemies":"2 Louse","floor":3.0,"turns":2.0},{"damage":23.0,"enemies":"Gremlin Nob","floor":6.0,"turns":4.0},{"damage":2.0,"enemies":"Red Slaver","floor":8.0,"turns":3.0},{"damage":8.0,"enemies":"Lots of Slimes","floor":10.0,"turns":4.0},{"damage":7.0,"enemies":"3 Louse","floor":11.0,"turns":2.0},{"damage":14.0,"enemies":"Large Slime","floor":13.0,"turns":4.0},{"damage":1.0,"enemies":"Blue Slaver","floor":14.0,"turns":3.0},{"damage":33.0,"enemies":"Hexaghost","floor":16.0,"turns":12.0},{"damage":5.0,"enemies":"Chosen","floor":18.0,"turns":6.0},{"damage":0.0,"enemies":"Spheric Guardian","floor":21.0,"turns":1.0},{"damage":27.0,"enemies":"Cultist and Chosen","floor":22.0,"turns":7.0},{"damage":1.0,"enemies":"Gremlin Leader","floor":24.0,"turns":5.0},{"damage":25.0,"enemies":"Snake Plant","floor":25.0,"turns":7.0},{"damage":32.0,"enemies":"Slavers","floor":28.0,"turns":4.0},{"damage":18.0,"enemies":"Book of Stabbing","floor":31.0,"turns":7.0},{"damage":28.0,"enemies":"Champ","floor":33.0,"turns":11.0},{"damage":7.0,"enemies":"Orb Walker","floor":35.0,"turns":4.0},{"damage":5.0,"enemies":"3 Darklings","floor":37.0,"turns":6.0},{"damage":36.0,"enemies":"Nemesis","floor":41.0,"turns":5.0},{"damage":19.0,"enemies":"Reptomancer","floor":44.0,"turns":6.0},{"damage":4.0,"enemies":"Spire Growth","floor":45.0,"turns":5.0},{"damage":23,"enemies":"Jaw Worm Horde","floor":46,"turns":5},{"damage":4,"enemies":"4 Shapes","floor":47,"turns":3},{"damage":38,"enemies":"Awakened One","floor":50,"turns":15}],"seed_played":"8780326959420024018","potions_obtained":[{"floor":3.0,"key":"SpeedPotion"},{"floor":6.0,"key":"LiquidBronze"},{"floor":8.0,"key":"Block Potion"},{"floor":28.0,"key":"SpeedPotion"},{"floor":35.0,"key":"PowerPotion"},{"floor":44.0,"key":"Swift Potion"}],"is_trial":false,"path_per_floor":["M","M","M","$","?","E","R","M","T","M","M","R","M","M","R","B",null,"M","?","$","M","M","R","E","M","T","R","E","$","R","E","R","B",null,"M","?","M","?","?","R","E","R","T","E","M","M","M","?","R","B",null],"character_chosen":"DEFECT","items_purchased":["PreservedInsect","Lee\u0027s Waffle","Capacitor"],"campfire_rested":5,"item_purchase_floors":[4,20,29],"current_hp_per_floor":[75,70,70,70,70,47,75,73,73,65,58,58,44,43,43,10,59,54,54,82,82,55,55,61,36,36,77,45,45,86,78,78,50,87,80,80,75,75,75,75,39,83,83,64,60,37,33,33,77,39],"gold":314,"neow_bonus":"RANDOM_COMMON_RELIC","is_prod":false,"is_daily":false,"chose_seed":false,"campfire_upgraded":5,"win_rate":0,"timestamp":1545658854,"path_taken":["M","?","M","?","?","E","R","M","T","M","M","R","M","?","R","BOSS","M","?","$","?","M","R","E","?","T","R","E","$","R","E","R","BOSS","M","?","M","?","?","R","E","R","T","E","M","M","M","?","R","BOSS"],"build_version":"2018-12-20","purchased_purges":1,"victory":true,"max_hp_per_floor":[75,75,75,75,75,75,75,75,75,75,75,75,75,75,75,75,75,75,75,82,82,82,82,89,89,89,89,89,89,89,99,99,99,99,99,99,99,99,99,99,99,99,99,99,99,99,99,99,99,99],"card_choices":[{"not_picked":["Darkness","Leap"],"picked":"Conserve Battery","floor":1.0},{"not_picked":["Steam","Gash"],"picked":"Melter","floor":2.0},{"not_picked":["Rebound","All For One"],"picked":"Conserve Battery","floor":3.0},{"not_picked":["Aggregate","Beam Cell"],"picked":"Ball Lightning","floor":6.0},{"not_picked":["Lockon","FTL"],"picked":"Steam","floor":8.0},{"not_picked":["Skim","Hologram"],"picked":"Glacier","floor":10.0},{"not_picked":["Steam","Streamline"],"picked":"Compile Driver","floor":11.0},{"not_picked":["Darkness","Storm"],"picked":"Coolheaded","floor":13.0},{"not_picked":["Stack","Coolheaded"],"picked":"Hologram","floor":14.0},{"not_picked":["Electrodynamics","Buffer"],"picked":"Biased Cognition","floor":16.0},{"not_picked":["Lockon","Steam","Cold Snap"],"picked":"SKIP","floor":18.0},{"not_picked":["Gash","Redo","Stack"],"picked":"SKIP","floor":21.0},{"not_picked":["Scrape","Compile Driver"],"picked":"Electrodynamics","floor":22.0},{"not_picked":["Hello World","Aggregate","Streamline"],"picked":"SKIP","floor":24.0},{"not_picked":["Chill","Force Field","Double Energy"],"picked":"SKIP","floor":25.0},{"not_picked":["Leap","Gash"],"picked":"Sweeping Beam","floor":27.0},{"not_picked":["Heatsinks","Rebound","Force Field"],"picked":"SKIP","floor":28.0},{"not_picked":["Beam Cell","Doom and Gloom"],"picked":"Hologram","floor":30.0},{"not_picked":["Reinforced Body","Gash"],"picked":"FTL+1","floor":31.0},{"not_picked":["Amplify","Multi-Cast"],"picked":"Buffer","floor":33.0},{"not_picked":["Loop","Coolheaded","Hologram+1"],"picked":"SKIP","floor":35.0},{"not_picked":["Mind Blast","Trip"],"picked":"Panacea","floor":36.0},{"not_picked":["Aggregate+1","Sweeping Beam"],"picked":"Coolheaded+1","floor":37.0},{"not_picked":["Coolheaded+1","Self Repair"],"picked":"Capacitor+1","floor":41.0},{"not_picked":["Turbo+1","Hologram","Tempest+1"],"picked":"SKIP","floor":44.0},{"not_picked":["Glacier+1","Go for the Eyes","Coolheaded+1"],"picked":"SKIP","floor":45.0},{"not_picked":["Redo+1","Ball Lightning+1","Double Energy"],"picked":"SKIP","floor":46},{"not_picked":["Static Discharge","Rebound+1"],"picked":"Recycle","floor":47}],"player_experience":606363,"relics_obtained":[{"floor":6.0,"key":"Regal Pillow"},{"floor":9.0,"key":"Tiny Chest"},{"floor":24.0,"key":"Strawberry"},{"floor":24.0,"key":"Dream Catcher"},{"floor":26.0,"key":"Cables"},{"floor":28.0,"key":"Letter Opener"},{"floor":28.0,"key":"Emotion Chip"},{"floor":31.0,"key":"Whetstone"},{"floor":31.0,"key":"Pear"},{"floor":41.0,"key":"Art of War"},{"floor":41.0,"key":"Centennial Puzzle"},{"floor":43.0,"key":"Lantern"},{"floor":44.0,"key":"Vajra"},{"floor":44.0,"key":"Ancient Tea Set"}],"event_choices":[{"damage_healed":0.0,"max_hp_gain":0.0,"max_hp_loss":0.0,"gold_gain":0.0,"event_name":"Match and Keep!","player_choice":"3 cards matched","floor":5.0,"gold_loss":0.0,"damage_taken":0.0,"cards_obtained":["Core Surge","Loop","Enlightenment"]},{"damage_healed":0.0,"max_hp_gain":0.0,"max_hp_loss":0.0,"gold_gain":0.0,"cards_transformed":["Dualcast"],"event_name":"Transmorgrifier","player_choice":"Transformed","floor":19.0,"gold_loss":0.0,"damage_taken":0.0,"cards_obtained":["Core Surge"]},{"damage_healed":0.0,"max_hp_gain":0.0,"max_hp_loss":0.0,"gold_gain":0.0,"event_name":"SensoryStone","player_choice":"Memory 1","floor":36.0,"gold_loss":0.0,"damage_taken":0.0},{"cards_removed":["Strike_B"],"damage_healed":0.0,"max_hp_gain":0.0,"max_hp_loss":0.0,"gold_gain":0.0,"event_name":"Falling","player_choice":"Removed Attack","floor":38.0,"gold_loss":0.0,"damage_taken":0.0},{"damage_healed":0.0,"max_hp_gain":0.0,"max_hp_loss":0.0,"gold_gain":0.0,"event_name":"Tomb of Lord Red Mask","player_choice":"Ignored","floor":39.0,"gold_loss":0.0,"damage_taken":0.0},{"damage_healed":0,"gold_gain":0,"player_choice":"Ignored","damage_taken":0,"max_hp_gain":0,"max_hp_loss":0,"event_name":"Mysterious Sphere","floor":48,"gold_loss":0}],"is_beta":false,"boss_relics":[{"not_picked":["Runic Dome","Orrery"],"picked":"Black Star"},{"not_picked":["Coffee Dripper","Pandora\u0027s Box"],"picked":"FrozenCore"}],"items_purged_floors":[29],"is_endless":false,"potions_floor_spawned":[3,6,8,11,22,25,28,35,44,47],"ascension_level":5}