{"gold_per_floor":[118,118,42,55,70,70,88,88,88,88,88,263,296,309,309,309],"floor_reached":16,"playtime":525,"items_purged":[],"score":110,"play_id":"b62e9ed7-a123-4502-a338-a42f00f87d8f","local_time":"20180822001322","is_ascension_mode":true,"campfire_choices":[{"data":"Rupture","floor":6,"key":"SMITH"},{"data":"Havoc","floor":10,"key":"SMITH"},{"floor":15,"key":"REST"}],"neow_cost":"","seed_source_timestamp":49091879374936,"circlet_count":0,"master_deck":["Strike_R","Strike_R","Strike_R","Strike_R","Defend_R","Defend_R","Defend_R","Defend_R","Bash","Flex","Regret","Rupture+1","Havoc+1","Second Wind","True Grit","Doubt","Havoc"],"relics":["Burning Blood","Pen Nib","Mummified Hand","Pear","Boot"],"potions_floor_usage":[16],"damage_taken":[{"damage":7,"enemies":"Jaw Worm","floor":1,"turns":3},{"damage":9,"enemies":"2 Louse","floor":4,"turns":3},{"damage":1,"enemies":"Small Slimes","floor":5,"turns":3},{"damage":29,"enemies":"3 Louse","floor":7,"turns":4},{"damage":47,"enemies":"Lagavulin","floor":13,"turns":10},{"damage":12,"enemies":"Blue Slaver","floor":14,"turns":7},{"damage":50,"enemies":"Slime Boss","floor":16,"turns":6}],"seed_played":"-7607427546183855506","potions_obtained":[{"floor":4,"key":"Explosive Potion"}],"is_trial":false,"path_per_floor":["M","?","$","M","M","R","M","T","T","R","?","?","E","M","R"],"character_chosen":"IRONCLAD","items_purchased":["Rupture"],"campfire_rested":1,"item_purchase_floors":[3],"current_hp_per_floor":[79,79,79,76,80,80,57,57,67,67,60,60,19,13,40,0],"gold":309,"neow_bonus":"","is_prod":false,"is_daily":false,"chose_seed":false,"campfire_upgraded":2,"win_rate":0,"timestamp":1534922002,"path_taken":["M","?","$","M","M","R","M","?","T","R","?","?","E","M","R","BOSS"],"build_version":"2018-08-16","purchased_purges":0,"victory":false,"max_hp_per_floor":[80,80,80,80,80,80,80,80,90,90,90,90,90,90,90,90],"card_choices":[{"not_picked":["Pommel Strike","Clash"],"picked":"Flex","floor":1},{"not_picked":["True Grit","Searing Blow"],"picked":"Havoc","floor":4},{"not_picked":["Havoc","Entrench"],"picked":"Second Wind","floor":5},{"not_picked":["Dropkick","Carnage"],"picked":"True Grit","floor":7},{"not_picked":["Sword Boomerang","Iron Wave","Carnage"],"picked":"SKIP","floor":13},{"not_picked":["Perfected Strike","Reckless Charge"],"picked":"Havoc","floor":14}],"player_experience":150763,"relics_obtained":[{"floor":8,"key":"Mummified Hand"},{"floor":9,"key":"Pear"},{"floor":13,"key":"Boot"}],"event_choices":[{"event_name":"Big Fish","player_choice":"Box","floor":2,"damage_taken":0},{"event_name":"Golden Wing","player_choice":"Card Removal","floor":11,"damage_taken":0},{"event_name":"Liars Game","player_choice":"agreed","floor":12,"damage_taken":0}],"is_beta":false,"boss_relics":[],"items_purged_floors":[],"is_endless":false,"potions_floor_spawned":[4],"killed_by":"Slime Boss","ascension_level":2}