{"gold_per_floor":[115,115,6,6,22,62,62,62,62,81,96,96,96,164,164,288,288,301,326,55,105,5,5,55,105,105,10,10,185,258,218,218,344,344,362,433,43,158,208,258,329,25,51,51,85,98,63,113,113,113],"floor_reached":51,"playtime":2523,"items_purged":["Strike_R","Strike_R"],"score":915,"play_id":"3c0bf84e-97d1-4cb6-a471-53d25b8b642d","local_time":"20181121191817","is_ascension_mode":true,"campfire_choices":[{"data":"Fire Breathing","floor":7.0,"key":"SMITH"},{"data":"Metallicize","floor":13.0,"key":"SMITH"},{"data":"Carnage","floor":15.0,"key":"SMITH"},{"data":"Shockwave","floor":23.0,"key":"SMITH"},{"data":"Intimidate","floor":28.0,"key":"SMITH"},{"data":"Carnage","floor":32.0,"key":"SMITH"},{"data":"Double Tap","floor":44,"key":"SMITH"},{"floor":49,"key":"REST"}],"neow_cost":"PERCENT_DAMAGE","seed_source_timestamp":0,"circlet_count":0,"master_deck":["Strike_R+1","Defend_R+1","Defend_R+1","Defend_R+1","Defend_R+1","Bash","Fire Breathing+1","Spot Weakness","Dropkick","Metallicize+1","Intimidate+1","Carnage+1","Double Tap+1","Thunderclap","Anger+1","Shockwave+1","Battle Trance","Anger+1","Carnage+1","Juggernaut","Rampage","Body Slam+1","Ghostly Armor","Good Instincts","Evolve","Fire Breathing+1","Uppercut","Rage+1","Flash of Steel","Havoc+1"],"special_seed":0,"relics":["Black Blood","Thread and Needle","Golden Idol","Lantern","Calipers","SsserpentHead","Tiny Chest","Incense Burner","Orichalcum","Letter Opener","Dream Catcher","Nunchaku","Ornamental Fan","Runic Cube","OrangePellets","Mango","Gremlin Horn","Brimstone","Juzu Bracelet","Art of War"],"potions_floor_usage":[45,46,50,50,50],"damage_taken":[{"damage":0.0,"enemies":"Cultist","floor":1.0,"turns":3.0},{"damage":0.0,"enemies":"2 Louse","floor":5.0,"turns":3.0},{"damage":25.0,"enemies":"Gremlin Nob","floor":6.0,"turns":4.0},{"damage":0.0,"enemies":"Jaw Worm","floor":10.0,"turns":2.0},{"damage":0.0,"enemies":"3 Louse","floor":11.0,"turns":4.0},{"damage":20.0,"enemies":"Lagavulin","floor":14.0,"turns":6.0},{"damage":19.0,"enemies":"Hexaghost","floor":16.0,"turns":8.0},{"damage":28.0,"enemies":"Spheric Guardian","floor":18.0,"turns":6.0},{"damage":7.0,"enemies":"2 Thieves","floor":19.0,"turns":3.0},{"damage":0.0,"enemies":"Colosseum Slavers","floor":29.0,"turns":4.0},{"damage":1.0,"enemies":"Colosseum Nobs","floor":29.0,"turns":4.0},{"damage":6.0,"enemies":"Sentry and Sphere","floor":30.0,"turns":5.0},{"damage":49.0,"enemies":"Automaton","floor":33.0,"turns":10.0},{"damage":0.0,"enemies":"Orb Walker","floor":35.0,"turns":4.0},{"damage":11.0,"enemies":"3 Darklings","floor":36.0,"turns":4.0},{"damage":34.0,"enemies":"2 Orb Walkers","floor":38.0,"turns":6.0},{"damage":8.0,"enemies":"Sphere and 2 Shapes","floor":41.0,"turns":4.0},{"damage":37,"enemies":"Nemesis","floor":45,"turns":5},{"damage":0,"enemies":"Spire Growth","floor":46,"turns":3},{"damage":27,"enemies":"Donu and Deca","floor":50,"turns":6}],"seed_played":"-3542151947669669273","potions_obtained":[{"floor":1.0,"key":"SmokeBomb"},{"floor":6.0,"key":"FearPotion"},{"floor":19.0,"key":"BloodPotion"},{"floor":33.0,"key":"SpeedPotion"},{"floor":41.0,"key":"SpeedPotion"},{"floor":45,"key":"AttackPotion"},{"floor":48,"key":"PowerPotion"},{"floor":48,"key":"SkillPotion"},{"floor":48,"key":"Block Potion"}],"is_trial":false,"path_per_floor":["M","?","$","?","M","E","R","$","T","M","M","?","R","E","R","B",null,"M","M","$","T","$","R","?","T","T","$","R","?","M","?","R","B",null,"M","M","$","?","T","?","M","$","T","R","E","M","$","?","R","B",null],"character_chosen":"IRONCLAD","items_purchased":["Fire Breathing","Incense Burner","Shockwave","Battle Trance","Anger","Ghostly Armor","Good Instincts","OrangePellets","Evolve","Brimstone","Fruit Juice","Flash of Steel"],"campfire_rested":1,"item_purchase_floors":[3,20,20,27,27,37,37,37,37,42,42,47],"current_hp_per_floor":[57,50,50,50,56,37,37,37,37,43,49,49,49,35,35,22,61,43,46,46,46,46,46,46,46,46,46,46,72,74,74,74,35,64,74,73,73,63,63,63,65,65,65,65,43,53,53,53,80,63],"gold":113,"neow_bonus":"ONE_RARE_RELIC","is_prod":false,"is_daily":false,"chose_seed":false,"campfire_upgraded":7,"win_rate":0,"timestamp":1542856697,"path_taken":["M","?","$","?","M","E","R","?","T","M","M","?","R","E","R","BOSS","M","M","?","?","$","R","?","?","T","$","R","?","?","?","R","BOSS","M","?","$","?","?","?","?","$","T","R","E","M","?","?","R","BOSS"],"build_version":"2018-11-15","purchased_purges":2,"victory":true,"max_hp_per_floor":[80,80,80,74,74,74,74,74,74,74,74,74,74,74,74,74,74,74,74,74,74,74,74,74,74,74,74,74,74,74,74,74,74,74,74,74,74,88,88,88,88,88,88,88,93,93,93,93,93,93],"card_choices":[{"not_picked":["Inflame","Pommel Strike"],"picked":"Anger","floor":1.0},{"not_picked":["Shrug It Off","Iron Wave"],"picked":"Spot Weakness","floor":5.0},{"not_picked":["True Grit","Clash"],"picked":"Dropkick","floor":6.0},{"not_picked":["Cleave","Twin Strike"],"picked":"Metallicize","floor":10.0},{"not_picked":["Uppercut","Headbutt"],"picked":"Intimidate","floor":11.0},{"not_picked":["Sentinel","Flex"],"picked":"Carnage","floor":14.0},{"not_picked":["Demon Form","Fiend Fire"],"picked":"Double Tap","floor":16.0},{"not_picked":["Flex+1","Sentinel+1"],"picked":"Thunderclap","floor":18.0},{"not_picked":["Intimidate","Thunderclap"],"picked":"Anger+1","floor":19.0},{"not_picked":["Flex","Anger"],"picked":"Carnage","floor":29.0},{"not_picked":["Blood for Blood","Thunderclap","Sentinel+1"],"picked":"SKIP","floor":30.0},{"not_picked":["Demon Form","Fiend Fire"],"picked":"Juggernaut","floor":33.0},{"not_picked":["Headbutt","Havoc+1"],"picked":"Rampage","floor":35.0},{"not_picked":["Reckless Charge","Sword Boomerang"],"picked":"Body Slam+1","floor":36.0},{"not_picked":["Body Slam+1","Feel No Pain+1"],"picked":"Fire Breathing+1","floor":41.0},{"not_picked":["Searing Blow+1","True Grit"],"picked":"Uppercut","floor":45},{"not_picked":["Fiend Fire","Twin Strike+1"],"picked":"Rage+1","floor":46},{"not_picked":["Battle Trance","True Grit+1"],"picked":"Havoc+1","floor":49}],"player_experience":462040,"relics_obtained":[{"floor":6.0,"key":"Lantern"},{"floor":9.0,"key":"Calipers"},{"floor":14.0,"key":"Tiny Chest"},{"floor":21.0,"key":"Orichalcum"},{"floor":25.0,"key":"Letter Opener"},{"floor":26.0,"key":"Dream Catcher"},{"floor":29.0,"key":"Nunchaku"},{"floor":29.0,"key":"Ornamental Fan"},{"floor":38.0,"key":"Mango"},{"floor":39.0,"key":"Gremlin Horn"},{"floor":43,"key":"Juzu Bracelet"},{"floor":45,"key":"Art of War"}],"event_choices":[{"cards_removed":["Strike_R"],"damage_healed":0.0,"max_hp_gain":0.0,"max_hp_loss":0.0,"gold_gain":0.0,"event_name":"Golden Wing","player_choice":"Card Removal","floor":2.0,"gold_loss":0.0,"damage_taken":7.0},{"damage_healed":0.0,"max_hp_gain":0.0,"max_hp_loss":6.0,"gold_gain":0.0,"event_name":"Golden Idol","player_choice":"Lose Max HP","floor":4.0,"gold_loss":0.0,"damage_taken":0.0,"relics_obtained":["Golden Idol"]},{"damage_healed":0.0,"max_hp_gain":0.0,"max_hp_loss":0.0,"gold_gain":0.0,"event_name":"FaceTrader","player_choice":"Trade","floor":12.0,"gold_loss":0.0,"damage_taken":0.0,"relics_obtained":["SsserpentHead"]},{"damage_healed":0.0,"max_hp_gain":0.0,"max_hp_loss":0.0,"gold_gain":0.0,"event_name":"Back to Basics","player_choice":"Simplicity","floor":24.0,"gold_loss":0.0,"damage_taken":0.0,"cards_upgraded":["Strike_R","Strike_R","Defend_R","Defend_R","Defend_R","Defend_R"]},{"damage_healed":0.0,"max_hp_gain":0.0,"max_hp_loss":0.0,"gold_gain":0.0,"event_name":"Colosseum","player_choice":"Fight","floor":29.0,"gold_loss":0.0,"damage_taken":0.0},{"damage_healed":0.0,"max_hp_gain":0.0,"max_hp_loss":0.0,"gold_gain":0.0,"event_name":"Colosseum","player_choice":"Fought Nobs","floor":29.0,"gold_loss":0.0,"damage_taken":0.0},{"cards_removed":["Strike_R"],"damage_healed":0.0,"max_hp_gain":0.0,"max_hp_loss":0.0,"gold_gain":0.0,"event_name":"Designer","player_choice":"Upgrade and Remove","floor":31.0,"gold_loss":90.0,"damage_taken":0.0,"cards_upgraded":["Anger"]},{"damage_healed":0.0,"max_hp_gain":0.0,"max_hp_loss":0.0,"gold_gain":0.0,"event_name":"Mysterious Sphere","player_choice":"Fight","floor":38.0,"gold_loss":0.0,"damage_taken":0.0},{"cards_removed":["Anger"],"damage_healed":0.0,"max_hp_gain":0.0,"max_hp_loss":0.0,"gold_gain":0.0,"event_name":"Falling","player_choice":"Removed Attack","floor":40.0,"gold_loss":0.0,"damage_taken":0.0},{"damage_healed":0,"gold_gain":0,"player_choice":"Got Potions","damage_taken":0,"max_hp_gain":0,"max_hp_loss":0,"event_name":"Lab","floor":48,"gold_loss":0}],"is_beta":false,"boss_relics":[{"not_picked":["Fusion Hammer","Tiny House"],"picked":"Black Blood"},{"not_picked":["Philosopher\u0027s Stone","Mark of Pain"],"picked":"Runic Cube"}],"items_purged_floors":[3,22],"is_endless":false,"potions_floor_spawned":[1,6,19,29,33,41,45],"ascension_level":6}