{"gold_per_floor":[368,368,386,402,352,352,378,394,470,470,171,171,242,252,252,252],"floor_reached":16,"playtime":553,"items_purged":["Strike_G"],"score":135,"play_id":"8cd193bc-50c1-46f2-881f-a97b6fa10770","local_time":"20190103001800","is_ascension_mode":true,"campfire_choices":[{"data":"Backstab","floor":6,"key":"SMITH"},{"data":"Leg Sweep","floor":10,"key":"SMITH"},{"data":"Dash","floor":12,"key":"SMITH"},{"data":"Deflect","floor":15,"key":"SMITH"}],"neow_cost":"TEN_PERCENT_HP_LOSS","seed_source_timestamp":40929490860929,"circlet_count":0,"master_deck":["Defend_G","Defend_G","Defend_G","Defend_G","Strike_G","Strike_G","Strike_G","Strike_G","Survivor","Neutralize","Leg Sweep+1","Backstab+1","PiercingWail","All Out Attack","Deflect+1","Dash+1"],"relics":["Ring of the Snake","The Specimen","Ninja Scroll","Anchor"],"potions_floor_usage":[7],"damage_taken":[{"damage":2,"enemies":"Jaw Worm","floor":1,"turns":5},{"damage":0,"enemies":"Cultist","floor":3,"turns":5},{"damage":0,"enemies":"2 Louse","floor":4,"turns":2},{"damage":22,"enemies":"Lagavulin","floor":7,"turns":11},{"damage":8,"enemies":"Large Slime","floor":8,"turns":9},{"damage":0,"enemies":"3 Louse","floor":14,"turns":1},{"damage":37,"enemies":"The Guardian","floor":16,"turns":18}],"seed_played":"7376498138722222708","potions_obtained":[{"floor":1,"key":"FearPotion"},{"floor":8,"key":"Ancient Potion"}],"is_trial":false,"path_per_floor":["M","?","M","M","?","R","E","M","T","R","$","R","?","M","R","B"],"character_chosen":"THE_SILENT","items_purchased":["Dash","Anchor"],"campfire_rested":0,"item_purchase_floors":[11,11],"current_hp_per_floor":[61,61,61,61,61,61,39,31,31,31,31,31,31,31,31,0],"gold":252,"neow_bonus":"TWO_FIFTY_GOLD","is_prod":false,"is_daily":false,"chose_seed":false,"campfire_upgraded":4,"win_rate":0,"timestamp":1546463880,"path_taken":["M","?","?","M","?","R","E","M","T","R","$","R","?","M","R","BOSS"],"build_version":"2018-12-20","purchased_purges":1,"victory":false,"max_hp_per_floor":[63,63,63,63,63,63,63,63,63,63,63,63,63,63,63,63],"card_choices":[{"not_picked":["Setup","Outmaneuver"],"picked":"Leg Sweep","floor":1},{"not_picked":["Choke","Outmaneuver"],"picked":"Backstab","floor":3},{"not_picked":["Expertise","Blade Dance"],"picked":"PiercingWail","floor":4},{"not_picked":["Tools of the Trade","Well Laid Plans"],"picked":"All Out Attack","floor":7},{"not_picked":["Dagger Spray","Sucker Punch"],"picked":"Deflect","floor":8},{"not_picked":["Dagger Spray","Expertise","PiercingWail"],"picked":"SKIP","floor":14}],"player_experience":641099,"relics_obtained":[{"floor":7,"key":"The Specimen"},{"floor":9,"key":"Ninja Scroll"}],"event_choices":[{"damage_healed":0,"gold_gain":0,"player_choice":"0 cards matched","damage_taken":0,"max_hp_gain":0,"max_hp_loss":0,"event_name":"Match and Keep!","floor":2,"gold_loss":0,"cards_obtained":[]},{"cards_removed":["Defend_G"],"damage_healed":0,"gold_gain":0,"player_choice":"Card Removal","damage_taken":0,"max_hp_gain":0,"max_hp_loss":0,"event_name":"The Cleric","floor":5,"gold_loss":50},{"damage_healed":0,"gold_gain":71,"player_choice":"Gained Gold","damage_taken":0,"max_hp_gain":0,"max_hp_loss":0,"event_name":"Golden Wing","floor":13,"gold_loss":0}],"is_beta":false,"boss_relics":[],"items_purged_floors":[11],"is_endless":false,"potions_floor_spawned":[1,8],"killed_by":"The Guardian","ascension_level":7}