{"gold_per_floor":[111,121,137,137,160,160,34,34,58,82,121,121,146,162,162,251,251,265,265,190,190,209,209,240,260,285,285,285,304,319,339,339,339],"floor_reached":33,"playtime":840,"items_purged":["Strike_R"],"score":518,"play_id":"2b3b146d-8bc2-43dd-915d-eb9338e11290","local_time":"20180818182158","is_ascension_mode":true,"campfire_choices":[{"data":"Whirlwind","floor":6.0,"key":"SMITH"},{"data":"Seeing Red","floor":8.0,"key":"SMITH"},{"data":"Shrug It Off","floor":12.0,"key":"SMITH"},{"data":"Bash","floor":15.0,"key":"SMITH"},{"floor":23.0,"key":"REST"},{"floor":28.0,"key":"REST"},{"floor":32.0,"key":"REST"}],"neow_cost":"NONE","seed_source_timestamp":7185664442277,"circlet_count":0,"master_deck":["Strike_R","Strike_R","Strike_R","Strike_R","Defend_R","Defend_R","Defend_R","Defend_R","Bash+1","AscendersBane","Whirlwind+1","Shrug It Off","Seeing Red+1","Shrug It Off+1","Offering","Flame Barrier","Flex","Inflame"],"special_seed":0,"relics":["Burning Blood","Bloody Idol","Anchor","Strawberry","Fusion Hammer","Regal Pillow","Bag of Preparation"],"potions_floor_usage":[],"damage_taken":[{"damage":3.0,"enemies":"2 Louse","floor":1.0,"turns":3.0},{"damage":10.0,"enemies":"Small Slimes","floor":2.0,"turns":3.0},{"damage":1.0,"enemies":"Cultist","floor":3.0,"turns":3.0},{"damage":5.0,"enemies":"2 Fungi Beasts","floor":5.0,"turns":4.0},{"damage":9.0,"enemies":"Large Slime","floor":10.0,"turns":4.0},{"damage":0.0,"enemies":"3 Sentries","floor":11.0,"turns":3.0},{"damage":0.0,"enemies":"Exordium Wildlife","floor":13.0,"turns":2.0},{"damage":4.0,"enemies":"Looter","floor":14.0,"turns":4.0},{"damage":63.0,"enemies":"Hexaghost","floor":16.0,"turns":10.0},{"damage":22.0,"enemies":"Spheric Guardian","floor":18.0,"turns":4.0},{"damage":6.0,"enemies":"Chosen","floor":22.0,"turns":4.0},{"damage":41.0,"enemies":"Slavers","floor":24.0,"turns":5.0},{"damage":6.0,"enemies":"3 Cultists","floor":25.0,"turns":1.0},{"damage":6.0,"enemies":"Centurion and Healer","floor":29.0,"turns":3.0},{"damage":17.0,"enemies":"Shelled Parasite and Fungi","floor":30.0,"turns":4.0},{"damage":19.0,"enemies":"Snecko","floor":31.0,"turns":6.0},{"damage":100,"enemies":"Champ","floor":33,"turns":14}],"seed_played":"3535934089031555777","potions_obtained":[{"floor":3.0,"key":"Energy Potion"},{"floor":5.0,"key":"Strength Potion"},{"floor":14.0,"key":"AttackPotion"},{"floor":16.0,"key":"AttackPotion"},{"floor":21.0,"key":"Weak Potion"},{"floor":22.0,"key":"Energy Potion"}],"is_trial":false,"path_per_floor":["M","M","M","?","M","R","$","R","T","M","E","R","M","M","R","B",null,"M","?","$","?","M","R","E","M","T","?","R","M","M","M","R"],"character_chosen":"IRONCLAD","items_purchased":["Seeing Red","Shrug It Off"],"campfire_rested":3,"item_purchase_floors":[7,7],"current_hp_per_floor":[78,74,79,51,52,52,52,52,52,49,62,62,68,70,70,13,70,54,54,54,54,54,80,45,45,45,45,86,89,83,75,89,0],"gold":339,"neow_bonus":"TEN_PERCENT_HP_BONUS","is_prod":false,"is_daily":false,"chose_seed":false,"campfire_upgraded":4,"win_rate":0,"timestamp":1534605718,"path_taken":["M","M","M","?","M","R","$","R","T","M","E","R","?","M","R","BOSS","M","?","$","?","M","R","E","M","T","?","R","M","?","M","R","BOSS"],"build_version":"2018-08-16","purchased_purges":1,"victory":false,"max_hp_per_floor":[82,82,82,82,82,82,82,82,82,82,89,89,89,89,89,89,89,89,89,89,89,89,89,89,89,89,89,89,89,89,89,89,89],"card_choices":[{"not_picked":["Shrug It Off","Power Through"],"picked":"Whirlwind","floor":1.0},{"not_picked":["Rupture","Havoc","Headbutt"],"picked":"SKIP","floor":2.0},{"not_picked":["Clash","Berserk"],"picked":"Shrug It Off","floor":3.0},{"not_picked":["Whirlwind","Clash","Cleave"],"picked":"SKIP","floor":5.0},{"not_picked":["Blood for Blood","Thunderclap","Shrug It Off"],"picked":"SKIP","floor":10.0},{"not_picked":["Armaments","Second Wind","Cleave"],"picked":"SKIP","floor":11.0},{"not_picked":["Havoc","Corruption","Wild Strike"],"picked":"SKIP","floor":13.0},{"not_picked":["True Grit","Bloodletting","Intimidate"],"picked":"SKIP","floor":14.0},{"not_picked":["Berserk","Limit Break"],"picked":"Offering","floor":16.0},{"not_picked":["Reckless Charge+1","Flex"],"picked":"Flame Barrier","floor":18.0},{"not_picked":["Anger","Heavy Blade","Armaments"],"picked":"SKIP","floor":22.0},{"not_picked":["Rage","Sword Boomerang","Wild Strike"],"picked":"SKIP","floor":24.0},{"not_picked":["Perfected Strike","Shrug It Off","Power Through"],"picked":"SKIP","floor":25.0},{"not_picked":["Headbutt","Twin Strike","Sword Boomerang"],"picked":"SKIP","floor":29.0},{"not_picked":["Body Slam","Headbutt"],"picked":"Inflame","floor":30.0},{"not_picked":["Reckless Charge","Infernal Blade","Feel No Pain"],"picked":"SKIP","floor":31.0}],"player_experience":433431,"relics_obtained":[{"floor":9.0,"key":"Anchor"},{"floor":11.0,"key":"Strawberry"},{"floor":24.0,"key":"Regal Pillow"},{"floor":26.0,"key":"Bag of Preparation"}],"event_choices":[{"event_name":"Golden Idol","player_choice":"Take Damage","floor":4.0,"damage_taken":0.0},{"event_name":"The Library","player_choice":"Read","floor":19.0,"damage_taken":0.0},{"event_name":"The Lab","player_choice":"Got Potions","floor":21.0,"damage_taken":0.0},{"event_name":"Forgotten Altar","player_choice":"Gave Idol","floor":27.0,"damage_taken":0.0}],"is_beta":false,"boss_relics":[{"not_picked":["Tiny House","Orrery"],"picked":"Fusion Hammer"}],"items_purged_floors":[20],"is_endless":false,"potions_floor_spawned":[3,5,10,14,16,22,25,29],"killed_by":"Champ","ascension_level":15}