{"gold_per_floor":[114,124,143,143,160,193,193,203,203,478,503,503,503,534,534,634,634,653,664,579,590,515,515],"floor_reached":23,"playtime":1158,"items_purged":[],"score":232,"play_id":"7598bea1-92d9-43e1-93c5-b73cc84b7407","local_time":"20180820103558","is_ascension_mode":true,"campfire_choices":[{"data":"1","floor":7,"key":"LIFT"},{"data":"2","floor":13,"key":"LIFT"},{"floor":15,"key":"REST"}],"neow_cost":"PERCENT_DAMAGE","seed_source_timestamp":57014397742597,"circlet_count":0,"master_deck":["Strike_B","Strike_B","Strike_B","Strike_B","Defend_B","Defend_B","Defend_B","Defend_B","Zap","Dualcast","Sweeping Beam","Go for the Eyes","Hello World","Hyperbeam+1","Thunder Strike+1","White Noise","Regret","Heatsinks+1","Streamline+1","Hyperbeam+1","Stack+1","Gash+1","Fusion+1","Hello World+1"],"relics":["Cracked Core","Girya","Molten Egg 2","Lantern","Frozen Egg 2","Pear","Singing Bowl","Ancient Tea Set","Runic Pyramid","Prayer Wheel"],"potions_floor_usage":[11,14,14,16,21],"damage_taken":[{"damage":6,"enemies":"Cultist","floor":1,"turns":3},{"damage":0,"enemies":"Small Slimes","floor":2,"turns":2},{"damage":7,"enemies":"Jaw Worm","floor":3,"turns":3},{"damage":2,"enemies":"Large Slime","floor":5,"turns":5},{"damage":19,"enemies":"Gremlin Nob","floor":6,"turns":4},{"damage":0,"enemies":"2 Fungi Beasts","floor":8,"turns":1},{"damage":12,"enemies":"3 Sentries","floor":11,"turns":4},{"damage":16,"enemies":"Gremlin Nob","floor":14,"turns":3},{"damage":14,"enemies":"Slime Boss","floor":16,"turns":6},{"damage":54,"enemies":"Shell Parasite","floor":18,"turns":4},{"damage":0,"enemies":"2 Thieves","floor":19,"turns":1},{"damage":12,"enemies":"Centurion and Healer","floor":21,"turns":2},{"damage":33,"enemies":"Slavers","floor":23,"turns":2}],"seed_played":"7618185127861236421","potions_obtained":[{"floor":5,"key":"Strength Potion"},{"floor":6,"key":"SkillPotion"},{"floor":11,"key":"Explosive Potion"},{"floor":14,"key":"Dexterity Potion"},{"floor":19,"key":"SkillPotion"}],"is_trial":false,"path_per_floor":["M","M","M","T","M","E","R","M","T","?","E","?","R","E","R","B",null,"M","M","?","M","?"],"character_chosen":"DEFECT","items_purchased":[],"campfire_rested":1,"item_purchase_floors":[],"current_hp_per_floor":[48,48,41,41,39,20,20,20,20,20,18,18,18,2,27,13,85,38,38,38,26,26,0],"gold":515,"neow_bonus":"ONE_RARE_RELIC","is_prod":false,"is_daily":false,"chose_seed":false,"campfire_upgraded":0,"win_rate":0,"timestamp":1534786558,"path_taken":["M","M","?","?","M","E","R","M","T","?","E","?","R","E","R","BOSS","M","M","?","M","?","E"],"build_version":"2018-08-16","purchased_purges":0,"victory":false,"max_hp_per_floor":[75,75,75,75,75,75,75,75,75,75,85,85,85,85,85,85,85,85,85,85,85,85,85],"card_choices":[{"not_picked":["Hologram","Compile Driver"],"picked":"Sweeping Beam","floor":1},{"not_picked":["Stack","Blizzard"],"picked":"Go for the Eyes","floor":2},{"not_picked":["Stack","Beam Cell"],"picked":"Hello World","floor":3},{"not_picked":["Turbo","Cold Snap+1"],"picked":"Hyperbeam+1","floor":5},{"not_picked":["Go for the Eyes+1","Coolheaded"],"picked":"Thunder Strike+1","floor":6},{"not_picked":["Auto Shields","Hello World"],"picked":"White Noise","floor":8},{"not_picked":["Self Repair+1","Auto Shields"],"picked":"Heatsinks+1","floor":11},{"not_picked":["Sweeping Beam+1","Steam"],"picked":"Streamline+1","floor":14},{"not_picked":["Reboot","Thunder Strike+1"],"picked":"Hyperbeam+1","floor":16},{"not_picked":["Cold Snap+1","Ball Lightning+1"],"picked":"Stack+1","floor":18},{"not_picked":["Steam","Cold Snap+1"],"picked":"Gash+1","floor":19},{"not_picked":["Hologram","Barrage+1"],"picked":"Fusion+1","floor":21},{"not_picked":["BootSequence","Static Discharge+1"],"picked":"Hello World+1","floor":21}],"player_experience":134018,"relics_obtained":[{"floor":4,"key":"Molten Egg 2"},{"floor":6,"key":"Lantern"},{"floor":9,"key":"Frozen Egg 2"},{"floor":11,"key":"Pear"},{"floor":14,"key":"Ancient Tea Set"}],"event_choices":[{"event_name":"Golden Shrine","player_choice":"Desecrate","floor":10,"damage_taken":0},{"event_name":"Big Fish","player_choice":"Box","floor":12,"damage_taken":0},{"event_name":"Addict","player_choice":"Obtained Relic","floor":20,"damage_taken":0},{"event_name":"Beggar","player_choice":"Gave Gold","floor":22,"damage_taken":0}],"is_beta":false,"boss_relics":[{"not_picked":["Philosopher\u0027s Stone","Runic Dome"],"picked":"Runic Pyramid"}],"items_purged_floors":[],"is_endless":false,"potions_floor_spawned":[5,6,11,14,19],"killed_by":"Slavers","ascension_level":2}