{"gold_per_floor":[118,118,134,19,35,35,60,60,85,85,103,129,140,13,13,111,111,124,141,141,192,207,235,235,266,348,348,379,379,40,40],"floor_reached":31,"playtime":2357,"items_purged":["Strike_G","Strike_G"],"score":434,"play_id":"f975ad86-5147-4d78-9207-9adff9aab7be","local_time":"20190807001808","is_ascension_mode":true,"campfire_choices":[{"data":"infinitespire:NeuralNetwork","floor":6,"key":"SMITH"},{"data":"Dagger Spray","floor":8,"key":"SMITH"},{"floor":10,"key":"REST"},{"floor":15,"key":"REST"},{"data":"Ghostly","floor":24,"key":"SMITH"},{"data":"Ghostly","floor":27,"key":"SMITH"},{"data":"Ghostly","floor":29,"key":"SMITH"}],"neow_cost":"BASIC_CARDS","seed_source_timestamp":205635409490472,"circlet_count":0,"master_deck":["Strike_G","Strike_G","Strike_G","Defend_G","Defend_G","Defend_G","Defend_G","Defend_G","Survivor","Neutralize","Defend_G","Strike_B","Backstab","infinitespire:NeuralNetwork+1","Hidden Blade","Terror","Dodge and Roll","Dagger Spray+1","Well Laid Plans","Slice","Acrobatics","Heel Hook+1","Leg Sweep","Doppelganger","Blur","Footwork+1","Ghostly+1","Ghostly+1","Ghostly+1","Ghostly","Ghostly","Adrenaline","Fluid Movement+1","Pot Of Greed","Pot Of Greed","Pot Of Greed","Footwork+1","Backflip","Pot Of Greed"],"relics":["Ring of the Snake","Unceasing Top","infinitespire:PuzzleCube","infinitespire:Beetle Shell","Frozen Egg 2","Coffee Dripper","Pet Ghost","Boot","infinitespire:Joker Card","Gremlin Horn","Grinning Jar","Blue Doll"],"potions_floor_usage":[16,16,25],"damage_taken":[{"damage":8,"enemies":"2 Louse","floor":1,"turns":2},{"damage":0,"enemies":"Cultist","floor":3,"turns":3},{"damage":3,"enemies":"Jaw Worm","floor":5,"turns":3},{"damage":17,"enemies":"Lagavulin","floor":7,"turns":8},{"damage":8,"enemies":"Exordium Wildlife","floor":11,"turns":3},{"damage":19,"enemies":"3 Sentries","floor":12,"turns":8},{"damage":5,"enemies":"Large Slime","floor":13,"turns":5},{"damage":42,"enemies":"Fading Forest","floor":16,"turns":11},{"damage":8,"enemies":"Chosen","floor":18,"turns":4},{"damage":26,"enemies":"Spheric Guardian","floor":19,"turns":6},{"damage":4,"enemies":"Centurion and Healer","floor":22,"turns":9},{"damage":7,"enemies":"Book of Stabbing","floor":23,"turns":8},{"damage":9,"enemies":"Slavers","floor":25,"turns":6},{"damage":0,"enemies":"Gremlin Leader","floor":28,"turns":6},{"damage":17,"enemies":"3 Cultists","floor":31,"turns":5}],"seed_played":"8031231452855637269","potions_obtained":[{"floor":1,"key":"EssenceOfSteel"},{"floor":5,"key":"Energy Potion"},{"floor":7,"key":"Energy Potion"},{"floor":13,"key":"Block Potion"},{"floor":16,"key":"Toxic Potion"},{"floor":19,"key":"Swift Potion"},{"floor":25,"key":"EssenceOfSteel"}],"is_trial":false,"path_per_floor":["M","?","M","$","M","R","E","R","T","R","M","E","M","$","R","B",null,"M","M","?","T","M","E","R","E","T","R","E","R","$","M"],"character_chosen":"THE_SILENT","items_purchased":["Terror","Heel Hook+1","Leg Sweep","Footwork+1","Blue Doll","Backflip"],"campfire_rested":2,"item_purchase_floors":[4,14,14,30,30,30],"current_hp_per_floor":[62,45,45,45,42,42,25,25,25,46,38,19,14,14,35,13,70,62,36,35,35,31,24,24,15,15,15,15,15,15,0],"gold":40,"neow_bonus":"ONE_RARE_RELIC","is_prod":false,"is_daily":false,"chose_seed":false,"campfire_upgraded":5,"win_rate":0,"timestamp":1565151488,"path_taken":["M","?","M","$","?","R","E","R","T","R","M","E","M","$","R","BOSS","M","M","?","?","M","E","R","E","T","R","E","R","?","M"],"build_version":"2019-07-17","purchased_purges":2,"victory":false,"max_hp_per_floor":[70,70,70,70,70,70,70,70,70,70,70,70,70,70,70,70,70,70,70,35,35,35,35,35,35,35,35,35,35,35,35],"card_choices":[{"not_picked":["All Out Attack","Replay:Poison Smokescreen"],"picked":"Backstab","floor":1},{"not_picked":["infinitespire:Oblivion","infinitespire:Gouge"],"picked":"infinitespire:NeuralNetwork","floor":2},{"not_picked":["Eviscerate","Deflect"],"picked":"Hidden Blade","floor":3},{"not_picked":["Dash","Prepared"],"picked":"Dodge and Roll","floor":5},{"not_picked":["Expertise","ReplayTheSpireMod:Tripwire"],"picked":"Dagger Spray","floor":7},{"not_picked":["Dagger Throw","Outmaneuver"],"picked":"Well Laid Plans","floor":11},{"not_picked":["Outmaneuver","Quick Slash"],"picked":"Slice","floor":12},{"not_picked":["Terror","Grand Finale"],"picked":"Acrobatics","floor":13},{"not_picked":["Unload","Burst"],"picked":"Doppelganger","floor":16},{"not_picked":["Dagger Spray","Sucker Punch"],"picked":"Blur","floor":18},{"not_picked":["Infinite Blades+1","Underhanded Strike+1"],"picked":"Footwork+1","floor":19},{"not_picked":["Dagger Spray","Blur","Slice"],"picked":"SKIP","floor":22},{"not_picked":["ReplayTheSpireMod:The Works","Bane"],"picked":"Adrenaline","floor":23},{"not_picked":["Quick Slash","Prepared"],"picked":"Fluid Movement+1","floor":25},{"not_picked":["Grand Finale","Heel Hook","Slice"],"picked":"SKIP","floor":28}],"player_experience":91138,"relics_obtained":[{"floor":7,"key":"infinitespire:PuzzleCube"},{"floor":9,"key":"infinitespire:Beetle Shell"},{"floor":12,"key":"Frozen Egg 2"},{"floor":21,"key":"Pet Ghost"},{"floor":23,"key":"Boot"},{"floor":25,"key":"infinitespire:Joker Card"},{"floor":26,"key":"Gremlin Horn"},{"floor":28,"key":"Grinning Jar"}],"event_choices":[{"damage_healed":0,"gold_gain":0,"player_choice":"Became a Ghost","damage_taken":0,"max_hp_gain":0,"max_hp_loss":35,"event_name":"Ghosts","floor":20,"gold_loss":0,"cards_obtained":["Ghostly","Ghostly","Ghostly","Ghostly","Ghostly"]}],"is_beta":false,"boss_relics":[{"not_picked":["Replay:Wanted Poster","ChewingGum"],"picked":"Coffee Dripper"}],"items_purged_floors":[4,30],"is_endless":false,"potions_floor_spawned":[1,5,7,13,16,19,22,25],"killed_by":"3 Cultists","ascension_level":2}