{"gold_per_floor":[109,119,119,5,18,44,44,79,79,79,96,109,109,127,127,226,226,245,259,273,273,293,321,236,255,255,255,255,284,298,61,61,61],"floor_reached":33,"playtime":2535,"items_purged":["Strike_R","Defend_R"],"score":384,"play_id":"1eda847a-1dda-44b0-b043-6e103900cbf4","local_time":"20190615123758","is_ascension_mode":true,"campfire_choices":[{"floor":7,"key":"DIG"},{"floor":10,"key":"DIG"},{"floor":15,"key":"DIG"},{"floor":27,"key":"REST"},{"floor":32,"key":"REST"}],"neow_cost":"NONE","seed_source_timestamp":151764508099600,"circlet_count":0,"master_deck":["Strike_R","Strike_R","Strike_R","Defend_R","Defend_R","Defend_R","Bash","True Grit","Clothesline","Infernal Blade","Spot Weakness","Twin Strike","Sword Boomerang","Pommel Strike","Clothesline","Flame Barrier","Feed","Shrug It Off","True Grit+1","Headbutt+1","Disarm","Shockwave","Carnage+1","Fiend Fire","Intimidate+1","Sword Boomerang+1","Armaments","Cleave+1"],"relics":["Burning Blood","Art of War","Shovel","Matryoshka","Boot","PreservedInsect","Pear","Vajra","The Courier","Fusion Hammer","Dream Catcher","Oddly Smooth Stone","Blood Vial","Kunai","Molten Egg 2","Centennial Puzzle"],"potions_floor_usage":[8,16,23,23,33],"damage_taken":[{"damage":0,"enemies":"2 Louse","floor":1,"turns":4},{"damage":4,"enemies":"Cultist","floor":2,"turns":4},{"damage":4,"enemies":"Jaw Worm","floor":5,"turns":3},{"damage":23,"enemies":"3 Sentries","floor":6,"turns":5},{"damage":25,"enemies":"Lagavulin","floor":8,"turns":5},{"damage":14,"enemies":"Large Slime","floor":11,"turns":4},{"damage":7,"enemies":"Blue Slaver","floor":12,"turns":3},{"damage":0,"enemies":"Looter","floor":14,"turns":2},{"damage":22,"enemies":"The Guardian","floor":16,"turns":12},{"damage":27,"enemies":"2 Thieves","floor":18,"turns":3},{"damage":0,"enemies":"3 Byrds","floor":19,"turns":3},{"damage":21,"enemies":"Shelled Parasite and Fungi","floor":20,"turns":4},{"damage":6,"enemies":"Snecko","floor":22,"turns":4},{"damage":54,"enemies":"Gremlin Leader","floor":23,"turns":6},{"damage":12,"enemies":"Cultist and Chosen","floor":25,"turns":4},{"damage":25,"enemies":"Book of Stabbing","floor":29,"turns":4},{"damage":14,"enemies":"Snake Plant","floor":30,"turns":3},{"damage":84,"enemies":"Collector","floor":33,"turns":7}],"seed_played":"-1944680253568255168","potions_obtained":[{"floor":2,"key":"Regen Potion"},{"floor":8,"key":"Weak Potion"},{"floor":14,"key":"Swift Potion"},{"floor":16,"key":"SpeedPotion"},{"floor":25,"key":"GamblersBrew"},{"floor":29,"key":"Strength Potion"}],"is_trial":false,"path_per_floor":["M","M","?","$","M","E","R","E","T","R","M","M","?","M","R","B",null,"M","M","M","?","M","E","?","M","T","R","?","E","M","$","R","B"],"character_chosen":"IRONCLAD","items_purchased":["Spot Weakness","Centennial Puzzle","Armaments"],"campfire_rested":2,"item_purchase_floors":[4,31,31],"current_hp_per_floor":[80,80,80,80,80,63,63,56,66,66,58,57,57,63,63,47,90,72,78,66,66,66,18,18,15,15,44,44,30,27,27,58,0],"gold":61,"neow_bonus":"RANDOM_COMMON_RELIC","is_prod":false,"is_daily":false,"chose_seed":false,"campfire_upgraded":0,"win_rate":0,"timestamp":1560616678,"path_taken":["M","M","?","$","M","E","R","E","T","R","?","M","?","M","R","BOSS","M","M","M","?","M","E","?","M","T","R","?","E","M","$","R","BOSS"],"build_version":"2019-01-23","purchased_purges":2,"victory":false,"max_hp_per_floor":[80,80,80,80,80,80,80,80,90,90,90,90,90,90,90,90,90,93,93,96,96,96,96,96,99,99,99,99,102,105,105,105,105],"card_choices":[{"not_picked":["Havoc","Wild Strike"],"picked":"True Grit","floor":1},{"not_picked":["Wild Strike","Perfected Strike"],"picked":"Clothesline","floor":2},{"not_picked":["Bloodletting","Body Slam"],"picked":"Twin Strike","floor":5},{"not_picked":["Combust","Hemokinesis"],"picked":"Sword Boomerang","floor":6},{"not_picked":["Rage","Reckless Charge"],"picked":"Pommel Strike","floor":8},{"not_picked":["Wild Strike","Reckless Charge"],"picked":"Clothesline","floor":11},{"not_picked":["Reckless Charge","Twin Strike"],"picked":"Flame Barrier","floor":12},{"not_picked":["Seeing Red","Dual Wield","Twin Strike"],"picked":"SKIP","floor":14},{"not_picked":["Immolate","Berserk"],"picked":"Feed","floor":16},{"not_picked":["Cleave","Wild Strike","Anger"],"picked":"SKIP","floor":18},{"not_picked":["Body Slam","Armaments"],"picked":"Shrug It Off","floor":19},{"not_picked":["Headbutt+1","Cleave"],"picked":"True Grit+1","floor":20},{"not_picked":["Dark Embrace","Twin Strike+1"],"picked":"Headbutt+1","floor":22},{"not_picked":["Flex","Iron Wave+1"],"picked":"Disarm","floor":23},{"not_picked":["Armaments","Headbutt"],"picked":"Shockwave","floor":25},{"not_picked":["Shrug It Off","Anger+1"],"picked":"Carnage+1","floor":27},{"not_picked":["Clash","Barricade"],"picked":"Intimidate+1","floor":29},{"not_picked":["Evolve","Twin Strike+1"],"picked":"Sword Boomerang+1","floor":30},{"not_picked":["Havoc","Warcry+1"],"picked":"Cleave+1","floor":32}],"player_experience":423966,"relics_obtained":[{"floor":6,"key":"Shovel"},{"floor":7,"key":"Matryoshka"},{"floor":8,"key":"Boot"},{"floor":9,"key":"PreservedInsect"},{"floor":9,"key":"Pear"},{"floor":10,"key":"Vajra"},{"floor":15,"key":"The Courier"},{"floor":23,"key":"Dream Catcher"},{"floor":26,"key":"Blood Vial"},{"floor":26,"key":"Kunai"},{"floor":29,"key":"Molten Egg 2"}],"event_choices":[{"damage_healed":0,"gold_gain":0,"cards_transformed":["Strike_R"],"player_choice":"Transformed","damage_taken":0,"max_hp_gain":0,"max_hp_loss":0,"event_name":"Transmorgrifier","floor":3,"gold_loss":0,"cards_obtained":["Infernal Blade"]},{"damage_healed":0,"gold_gain":0,"player_choice":"Ignored","damage_taken":0,"max_hp_gain":0,"max_hp_loss":0,"event_name":"Shining Light","floor":13,"gold_loss":0},{"damage_healed":0,"gold_gain":0,"player_choice":"Ignored","damage_taken":0,"max_hp_gain":0,"max_hp_loss":0,"event_name":"The Mausoleum","floor":21,"gold_loss":0},{"damage_healed":0,"gold_gain":0,"player_choice":"Obtained Relic","damage_taken":0,"relics_obtained":["Oddly Smooth Stone"],"max_hp_gain":0,"max_hp_loss":0,"event_name":"Addict","floor":24,"gold_loss":85},{"damage_healed":0,"gold_gain":0,"player_choice":"1 cards matched","damage_taken":0,"max_hp_gain":0,"max_hp_loss":0,"event_name":"Match and Keep!","floor":28,"gold_loss":0,"cards_obtained":["Fiend Fire"]}],"is_beta":false,"boss_relics":[{"not_picked":["Empty Cage","Orrery"],"picked":"Fusion Hammer"}],"items_purged_floors":[4,31],"is_endless":false,"potions_floor_spawned":[2,8,14,16,25,29],"killed_by":"Collector","ascension_level":4}