{"gold_per_floor":[109,109,109,184,203,228,22,22,93,127,146,206,237,250,250,350,350,368,368,384,404,419,445,445,474,474,474,485,499,197,230,230,327,327,340,340,340,357,457,487,499,534,534,534,552,587,587,547,547,547,547,547,20,45,45],"floor_reached":56,"playtime":2667,"items_purged":["Strike_R","Strike_R"],"score":1866,"play_id":"15dd6489-c15f-4dc1-bf54-2d7ecda7602b","local_time":"20190805223212","is_ascension_mode":true,"campfire_choices":[{"data":"Bash","floor":8.0,"key":"SMITH"},{"data":"Cleave","floor":15.0,"key":"SMITH"},{"data":"Barricade","floor":24.0,"key":"SMITH"},{"floor":27.0,"key":"REST"},{"data":"Berserk","floor":32.0,"key":"SMITH"},{"data":"Demon Form","floor":44,"key":"SMITH"},{"floor":47,"key":"RECALL"},{"data":"Sword Boomerang","floor":49,"key":"SMITH"},{"data":"Defend_R","floor":52,"key":"PURGE"}],"neow_cost":"NONE","seed_source_timestamp":26231487468026,"circlet_count":0,"master_deck":["Defend_R","Defend_R","Defend_R","Bash+1","Cleave+1","Flex+1","Shrug It Off+1","Battle Trance+1","True Grit+1","Double Tap+1","Barricade+1","Spot Weakness+1","Disarm+1","Sword Boomerang+1","Spot Weakness+1","Sentinel+1","Armaments+1","Shrug It Off+1","Warcry+1","True Grit+1","Feel No Pain+1","Seeing Red+1","Berserk+1","Demon Form+1","Limit Break+1","Body Slam+1","Shrug It Off+1","Impervious+1","Feel No Pain","Metamorphosis+1"],"special_seed":0,"relics":["Burning Blood","PreservedInsect","Ice Cream","Toxic Egg 2","Membership Card","Ornamental Fan","Juzu Bracelet","FossilizedHelix","Peace Pipe","Orrery","Lantern","Pocketwatch","Mummified Hand","Singing Bowl","Regal Pillow","Bag of Preparation","Empty Cage","Dead Branch","Shuriken","Pen Nib","Pantograph","Bottled Lightning","Thread and Needle"],"potions_floor_usage":[45,55,55,55,55],"damage_taken":[{"damage":6.0,"enemies":"Cultist","floor":1.0,"turns":3.0},{"damage":10.0,"enemies":"2 Louse","floor":5.0,"turns":3.0},{"damage":20.0,"enemies":"Gremlin Nob","floor":6.0,"turns":4.0},{"damage":0.0,"enemies":"Lagavulin","floor":10.0,"turns":5.0},{"damage":7.0,"enemies":"Jaw Worm","floor":11.0,"turns":3.0},{"damage":5.0,"enemies":"3 Sentries","floor":12.0,"turns":6.0},{"damage":10.0,"enemies":"3 Sentries","floor":13.0,"turns":4.0},{"damage":6.0,"enemies":"Exordium Thugs","floor":14.0,"turns":4.0},{"damage":20.0,"enemies":"The Guardian","floor":16.0,"turns":11.0},{"damage":11.0,"enemies":"3 Byrds","floor":18.0,"turns":4.0},{"damage":1.0,"enemies":"Chosen","floor":20.0,"turns":7.0},{"damage":15.0,"enemies":"Snake Plant","floor":21.0,"turns":5.0},{"damage":18.0,"enemies":"Shelled Parasite and Fungi","floor":22.0,"turns":5.0},{"damage":30.0,"enemies":"Book of Stabbing","floor":23.0,"turns":4.0},{"damage":19.0,"enemies":"Slavers","floor":25.0,"turns":5.0},{"damage":6.0,"enemies":"Chosen and Byrds","floor":28.0,"turns":6.0},{"damage":0.0,"enemies":"Snake Plant","floor":29.0,"turns":5.0},{"damage":0.0,"enemies":"Book of Stabbing","floor":31.0,"turns":7.0},{"damage":21.0,"enemies":"Collector","floor":33.0,"turns":8.0},{"damage":0.0,"enemies":"Orb Walker","floor":35.0,"turns":3.0},{"damage":7.0,"enemies":"3 Shapes","floor":38.0,"turns":6.0},{"damage":0.0,"enemies":"Mind Bloom Boss Battle","floor":39.0,"turns":5.0},{"damage":0,"enemies":"Giant Head","floor":40,"turns":3},{"damage":2,"enemies":"Writhing Mass","floor":41,"turns":5},{"damage":0,"enemies":"Nemesis","floor":42,"turns":1},{"damage":31,"enemies":"Transient","floor":45,"turns":5},{"damage":0,"enemies":"Giant Head","floor":46,"turns":5},{"damage":46,"enemies":"Awakened One","floor":50,"turns":8},{"damage":20,"enemies":"Shield and Spear","floor":54,"turns":3},{"damage":0,"enemies":"The Heart","floor":55,"turns":5}],"seed_played":"2013840612723284005","potions_obtained":[{"floor":5.0,"key":"LiquidBronze"},{"floor":6.0,"key":"LiquidBronze"},{"floor":16.0,"key":"SkillPotion"},{"floor":20.0,"key":"Block Potion"},{"floor":31.0,"key":"Fire Potion"},{"floor":38.0,"key":"Fire Potion"},{"floor":39,"key":"Energy Potion"},{"floor":41,"key":"Ancient Potion"},{"floor":48,"key":"EntropicBrew"},{"floor":48,"key":"Strength Potion"}],"is_trial":false,"path_per_floor":["M","?","?","?","M","E","$","R","T","E","M","?","E","M","R","B",null,"M","?","M","M","M","E","R","E","T","R","M","M","$","E","R","B",null,"M","?","?","M","?","E","M","E","T","R","M","E","R","?","R","B",null,"R","$","E","B",null],"character_chosen":"IRONCLAD","items_purchased":["Membership Card","Berserk","Singing Bowl","Regal Pillow","Impervious+1","Feel No Pain","Bottled Lightning","Thread and Needle","Metamorphosis+1"],"campfire_rested":1,"item_purchase_floors":[7,30,30,30,53,53,53,53,53],"current_hp_per_floor":[80,68,73,65,61,47,47,47,47,53,52,53,49,49,49,35,73,68,68,73,64,52,28,28,15,15,40,40,46,46,52,52,37,73,81,81,81,82,88,89,91,93,93,93,70,78,78,78,78,57,87,87,87,75,99],"gold":45,"neow_bonus":"RANDOM_COMMON_RELIC","is_prod":false,"is_daily":false,"chose_seed":false,"campfire_upgraded":6,"win_rate":0,"timestamp":1565033532,"path_taken":["M","?","?","?","M","E","$","R","T","E","M","?","E","M","R","BOSS","M","?","M","M","M","E","R","E","T","R","M","M","?","E","R","BOSS","M","?","?","M","?","E","M","E","T","R","M","E","R","?","R","BOSS","R","$","E","BOSS"],"build_version":"2019-07-17","purchased_purges":2,"victory":true,"max_hp_per_floor":[80,80,85,85,85,85,85,85,85,85,85,85,85,85,85,85,85,85,85,85,85,85,85,85,85,85,85,85,85,85,85,85,85,85,87,87,87,89,89,89,91,93,93,93,95,97,97,97,97,97,97,97,97,99,99],"card_choices":[{"not_picked":["Wild Strike","Twin Strike"],"picked":"Cleave","floor":1.0},{"not_picked":["Wild Strike","Perfected Strike","Cleave"],"picked":"SKIP","floor":5.0},{"not_picked":["Evolve","Warcry"],"picked":"Flex","floor":6.0},{"not_picked":["Iron Wave","Berserk"],"picked":"Shrug It Off+1","floor":10.0},{"not_picked":["Anger","Dual Wield+1"],"picked":"Battle Trance+1","floor":11.0},{"not_picked":["Clash","Sever Soul"],"picked":"True Grit+1","floor":12.0},{"not_picked":["Feel No Pain","Perfected Strike","Clash"],"picked":"SKIP","floor":13.0},{"not_picked":["Rage+1","Heavy Blade"],"picked":"Double Tap+1","floor":14.0},{"not_picked":["Exhume+1","Brutality"],"picked":"Barricade","floor":16.0},{"not_picked":["Wild Strike","Cleave"],"picked":"Spot Weakness+1","floor":17.0},{"not_picked":["Headbutt","Immolate"],"picked":"Disarm+1","floor":17.0},{"not_picked":["Dual Wield+1","Sever Soul"],"picked":"Sword Boomerang","floor":17.0},{"not_picked":["Iron Wave","Clothesline"],"picked":"Spot Weakness+1","floor":17.0},{"not_picked":["True Grit+1","Iron Wave"],"picked":"Sentinel+1","floor":17.0},{"not_picked":["Sword Boomerang","Headbutt"],"picked":"Armaments+1","floor":18.0},{"not_picked":["Infernal Blade+1","Body Slam"],"picked":"Shrug It Off+1","floor":20.0},{"not_picked":["Twin Strike","Rampage"],"picked":"Warcry+1","floor":21.0},{"not_picked":["Infernal Blade+1","Havoc+1"],"picked":"True Grit+1","floor":22.0},{"not_picked":["Rage+1","Infernal Blade+1"],"picked":"Feel No Pain+1","floor":23.0},{"not_picked":["Second Wind+1","Sword Boomerang","Rampage"],"picked":"SKIP","floor":25.0},{"not_picked":["Warcry+1","Twin Strike+1","Heavy Blade"],"picked":"SKIP","floor":28.0},{"not_picked":["True Grit+1","Shrug It Off+1"],"picked":"Seeing Red+1","floor":29.0},{"not_picked":["Warcry+1","Twin Strike"],"picked":"Demon Form","floor":31.0},{"not_picked":["Brutality","Reaper"],"picked":"Limit Break+1","floor":33.0},{"not_picked":["Headbutt+1","Armaments+1","Perfected Strike"],"picked":"Singing Bowl","floor":35.0},{"not_picked":["Headbutt","Blood for Blood","Anger"],"picked":"Singing Bowl","floor":38.0},{"not_picked":["Twin Strike+1","Heavy Blade"],"picked":"Body Slam+1","floor":39},{"not_picked":["Thunderclap","Dropkick"],"picked":"Shrug It Off+1","floor":40},{"not_picked":["Combust","Twin Strike","Carnage"],"picked":"Singing Bowl","floor":41},{"not_picked":["Uppercut+1","Metallicize","Power Through+1"],"picked":"Singing Bowl","floor":42},{"not_picked":["Power Through+1","Seeing Red+1","Anger"],"picked":"Singing Bowl","floor":45},{"not_picked":["Double Tap+1","Immolate","Burning Pact+1"],"picked":"Singing Bowl","floor":46},{"not_picked":["Iron Wave","Headbutt","Feed"],"picked":"Singing Bowl","floor":54}],"player_experience":1123941,"relics_obtained":[{"floor":6.0,"key":"Toxic Egg 2"},{"floor":9.0,"key":"Ornamental Fan"},{"floor":10.0,"key":"Juzu Bracelet"},{"floor":12.0,"key":"FossilizedHelix"},{"floor":13.0,"key":"Peace Pipe"},{"floor":23.0,"key":"Lantern"},{"floor":25.0,"key":"Pocketwatch"},{"floor":26.0,"key":"Mummified Hand"},{"floor":31.0,"key":"Bag of Preparation"},{"floor":39,"key":"Dead Branch"},{"floor":40,"key":"Shuriken"},{"floor":42,"key":"Pen Nib"},{"floor":46,"key":"Pantograph"}],"event_choices":[{"damage_healed":0.0,"max_hp_gain":0.0,"max_hp_loss":0.0,"gold_gain":0.0,"event_name":"Scrap Ooze","player_choice":"Success","floor":2.0,"gold_loss":0.0,"damage_taken":12.0,"relics_obtained":["Ice Cream"]},{"damage_healed":0.0,"max_hp_gain":5.0,"max_hp_loss":0.0,"gold_gain":0.0,"event_name":"Big Fish","player_choice":"Donut","floor":3.0,"gold_loss":0.0,"damage_taken":0.0},{"damage_healed":0.0,"max_hp_gain":0.0,"max_hp_loss":0.0,"gold_gain":75.0,"event_name":"FaceTrader","player_choice":"Touch","floor":4.0,"gold_loss":0.0,"damage_taken":8.0},{"damage_healed":0.0,"max_hp_gain":0.0,"max_hp_loss":0.0,"gold_gain":0.0,"event_name":"Dead Adventurer","player_choice":"Searched \u00271\u0027 times","floor":12.0,"gold_loss":0.0,"damage_taken":0.0},{"damage_healed":0.0,"max_hp_gain":0.0,"max_hp_loss":0.0,"gold_gain":0.0,"event_name":"Lab","player_choice":"Got Potions","floor":19.0,"gold_loss":0.0,"damage_taken":0.0},{"cards_removed":["Strike_R"],"damage_healed":0.0,"max_hp_gain":0.0,"max_hp_loss":0.0,"gold_gain":0.0,"event_name":"Falling","player_choice":"Removed Attack","floor":36.0,"gold_loss":0.0,"damage_taken":0.0},{"damage_healed":0.0,"max_hp_gain":0.0,"max_hp_loss":0.0,"gold_gain":0.0,"event_name":"Mysterious Sphere","player_choice":"Ignored","floor":37.0,"gold_loss":0.0,"damage_taken":0.0},{"damage_healed":0.0,"max_hp_gain":0.0,"max_hp_loss":0.0,"gold_gain":0.0,"event_name":"MindBloom","player_choice":"Fight","floor":39.0,"gold_loss":0.0,"damage_taken":0.0},{"damage_healed":0,"gold_gain":0,"player_choice":"Bought 3 Potions","damage_taken":0,"max_hp_gain":0,"max_hp_loss":0,"event_name":"The Woman in Blue","floor":48,"gold_loss":0}],"is_beta":false,"boss_relics":[{"not_picked":["Astrolabe","Cursed Key"],"picked":"Orrery"},{"not_picked":["Fusion Hammer","Mark of Pain"],"picked":"Empty Cage"}],"items_purged_floors":[30,53],"is_endless":false,"potions_floor_spawned":[5,6,16,18,20,21,31,38,39,41],"ascension_level":5}