{"gold_per_floor":[118,118,130,130,55,89,103,121,145,145,173,173,173,184,184,279,279,292,292,311,59,59,59,89,48,48,77,77],"floor_reached":28,"playtime":2239,"items_purged":["Strike_R","Strike_R"],"score":370,"play_id":"9cd322de-1eaa-429f-811a-cd6c5cf52907","local_time":"20190802223958","is_ascension_mode":true,"campfire_choices":[{"floor":10,"key":"REST"},{"data":"Armaments","floor":12,"key":"SMITH"},{"floor":15,"key":"REST"},{"data":"Body Slam","floor":23,"key":"SMITH"}],"neow_cost":"NONE","seed_source_timestamp":83959059908238,"circlet_count":0,"master_deck":["Strike_R","Defend_R","Defend_R","Defend_R","Defend_R","Bash","Body Slam+1","Shrug It Off","Barricade","Uppercut","Armaments+1","Clash","Inflame","Juggernaut","Flame Barrier","Heavy Blade","Carnage","Battle Trance","Impervious"],"relics":["Burning Blood","Art of War","Regal Pillow","Dream Catcher","Bag of Marbles","Velvet Choker","Membership Card","Bronze Scales","Orichalcum","Sundial","The Courier"],"potions_floor_usage":[6,6,14,24,27,27],"damage_taken":[{"damage":7,"enemies":"2 Louse","floor":1,"turns":4},{"damage":11,"enemies":"Cultist","floor":3,"turns":4},{"damage":41,"enemies":"Lagavulin","floor":6,"turns":9},{"damage":6,"enemies":"Jaw Worm","floor":7,"turns":4},{"damage":10,"enemies":"Large Slime","floor":8,"turns":9},{"damage":50,"enemies":"Gremlin Nob","floor":11,"turns":6},{"damage":0,"enemies":"2 Fungi Beasts","floor":14,"turns":4},{"damage":32,"enemies":"Hexaghost","floor":16,"turns":11},{"damage":26,"enemies":"2 Thieves","floor":18,"turns":5},{"damage":3,"enemies":"Chosen","floor":20,"turns":5},{"damage":22,"enemies":"Book of Stabbing","floor":24,"turns":4},{"damage":37,"enemies":"Gremlin Leader","floor":27,"turns":7},{"damage":16,"enemies":"Sentry and Sphere","floor":28,"turns":3}],"seed_played":"1041525411472625152","potions_obtained":[{"floor":3,"key":"Ancient Potion"},{"floor":4,"key":"FairyPotion"},{"floor":4,"key":"Poison Potion"},{"floor":4,"key":"Weak Potion"},{"floor":8,"key":"SpeedPotion"},{"floor":11,"key":"GamblersBrew"},{"floor":20,"key":"AttackPotion"},{"floor":24,"key":"GamblersBrew"}],"is_trial":false,"path_per_floor":["M","?","M","?","$","E","M","M","T","R","E","R","?","M","R","B",null,"M","?","M","$","?","R","E","$","T","E","M"],"character_chosen":"IRONCLAD","items_purchased":["Membership Card","Battle Trance"],"campfire_rested":2,"item_purchase_floors":[21,25],"current_hp_per_floor":[71,71,66,66,66,31,31,27,27,66,22,22,15,21,60,34,69,49,49,52,52,52,52,36,36,36,14,0],"gold":77,"neow_bonus":"RANDOM_COMMON_RELIC","is_prod":false,"is_daily":false,"chose_seed":false,"campfire_upgraded":2,"win_rate":0,"timestamp":1564803598,"path_taken":["M","?","?","?","$","E","M","?","T","R","E","R","?","M","R","BOSS","M","?","M","$","?","R","E","?","T","E","M"],"build_version":"2019-07-17","purchased_purges":2,"victory":false,"max_hp_per_floor":[80,80,80,80,80,80,80,80,80,80,80,80,80,80,80,80,80,80,80,80,80,80,80,80,80,80,80,80],"card_choices":[{"not_picked":["Wild Strike","Flex"],"picked":"Body Slam","floor":1},{"not_picked":["Twin Strike","Brutality","Thunderclap"],"picked":"SKIP","floor":3},{"not_picked":["Shrug It Off","Pommel Strike"],"picked":"Barricade","floor":6},{"not_picked":["Infernal Blade","Armaments"],"picked":"Uppercut","floor":7},{"not_picked":["Perfected Strike","Dual Wield","Headbutt"],"picked":"SKIP","floor":8},{"not_picked":["Twin Strike","Shrug It Off"],"picked":"Armaments","floor":10},{"not_picked":["Headbutt","Armaments"],"picked":"Clash","floor":11},{"not_picked":["Hemokinesis","Twin Strike"],"picked":"Inflame","floor":14},{"not_picked":["Immolate","Dark Embrace"],"picked":"Juggernaut","floor":16},{"not_picked":["Perfected Strike","Inflame"],"picked":"Flame Barrier","floor":18},{"not_picked":["Clash+1","Warcry+1"],"picked":"Carnage","floor":20},{"not_picked":["Clash","Pummel","Dual Wield"],"picked":"SKIP","floor":24},{"not_picked":["Clothesline+1","Perfected Strike"],"picked":"Impervious","floor":27}],"player_experience":581527,"relics_obtained":[{"floor":6,"key":"Regal Pillow"},{"floor":9,"key":"Dream Catcher"},{"floor":11,"key":"Bag of Marbles"},{"floor":24,"key":"Orichalcum"},{"floor":26,"key":"Sundial"},{"floor":27,"key":"The Courier"}],"event_choices":[{"damage_healed":0,"gold_gain":0,"cards_transformed":["Strike_R"],"player_choice":"Transformed","damage_taken":0,"max_hp_gain":0,"max_hp_loss":0,"event_name":"Transmorgrifier","floor":2,"gold_loss":0,"cards_obtained":["Shrug It Off"]},{"damage_healed":0,"gold_gain":0,"player_choice":"Got Potions","damage_taken":0,"max_hp_gain":0,"max_hp_loss":0,"event_name":"Lab","floor":4,"gold_loss":0},{"cards_removed":["Strike_R"],"damage_healed":0,"gold_gain":0,"player_choice":"Card Removal","damage_taken":7,"max_hp_gain":0,"max_hp_loss":0,"event_name":"Golden Wing","floor":13,"gold_loss":0},{"damage_healed":0,"gold_gain":0,"player_choice":"Read","damage_taken":0,"max_hp_gain":0,"max_hp_loss":0,"event_name":"The Library","floor":19,"gold_loss":0,"cards_obtained":["Heavy Blade"]},{"damage_healed":0,"gold_gain":0,"player_choice":"Opened","damage_taken":0,"relics_obtained":["Bronze Scales"],"max_hp_gain":0,"max_hp_loss":0,"event_name":"The Mausoleum","floor":22,"gold_loss":0}],"is_beta":false,"boss_relics":[{"not_picked":["Pandora\u0027s Box","Eternal Feather"],"picked":"Velvet Choker"}],"items_purged_floors":[5,21],"is_endless":false,"potions_floor_spawned":[3,8,11,20,24],"killed_by":"Sentry and Sphere","ascension_level":8}