{"gold_per_floor":[116,116,41,56,73,73,0,33,56,56,88,98,109,136,136,241,241,253,271,50,50,50,77,77,103,153,171,22,22],"floor_reached":29,"playtime":2456,"items_purged":["Strike_G","Defend_G","Defend_G"],"score":365,"play_id":"9db8d761-01d0-4f7d-af0b-d93ddb97b6fe","local_time":"20190715201104","is_ascension_mode":true,"campfire_choices":[{"data":"Crippling Poison","floor":6,"key":"SMITH"},{"data":"PiercingWail","floor":10,"key":"SMITH"},{"floor":15,"key":"REST"},{"data":"Envenom","floor":24,"key":"SMITH"}],"neow_cost":"NONE","seed_source_timestamp":318564282700,"circlet_count":0,"master_deck":["Defend_G","Defend_G","Defend_G","Survivor","Neutralize","PiercingWail+1","Dagger Throw","Crippling Poison+1","Deflect","Poisoned Stab","Backflip","Dagger Throw","Dagger Spray","Poisoned Stab","Crippling Poison","Terror","Envenom+1","Doppelganger+1","Tools of the Trade+1","Bane+1","Cloak And Dagger+1","Dagger Spray+1","Tactician","Backflip","Die Die Die","Corpse Explosion","Concentrate","Cloak And Dagger"],"relics":["Ring of the Snake","Omamori","Centennial Puzzle","Bag of Preparation","Pen Nib","Astrolabe","Enchiridion","PreservedInsect","Bottled Flame","Juzu Bracelet"],"potions_floor_usage":[23,25],"damage_taken":[{"damage":0,"enemies":"Cultist","floor":1,"turns":4},{"damage":0,"enemies":"2 Louse","floor":4,"turns":3},{"damage":1,"enemies":"Small Slimes","floor":5,"turns":4},{"damage":11,"enemies":"3 Sentries","floor":8,"turns":7},{"damage":28,"enemies":"Gremlin Nob","floor":11,"turns":4},{"damage":6,"enemies":"Looter","floor":12,"turns":3},{"damage":4,"enemies":"Red Slaver","floor":13,"turns":3},{"damage":13,"enemies":"3 Sentries","floor":14,"turns":4},{"damage":12,"enemies":"Hexaghost","floor":16,"turns":10},{"damage":4,"enemies":"Chosen","floor":18,"turns":4},{"damage":21,"enemies":"Shell Parasite","floor":19,"turns":5},{"damage":18,"enemies":"Book of Stabbing","floor":23,"turns":5},{"damage":5,"enemies":"Gremlin Leader","floor":25,"turns":3},{"damage":12,"enemies":"Snake Plant","floor":27,"turns":3},{"damage":15,"enemies":"Book of Stabbing","floor":29,"turns":2}],"seed_played":"-7481145455547260202","potions_obtained":[{"floor":1,"key":"GhostInAJar"},{"floor":11,"key":"Swift Potion"},{"floor":12,"key":"SpeedPotion"},{"floor":16,"key":"GhostInAJar"},{"floor":27,"key":"SpeedPotion"}],"is_trial":false,"path_per_floor":["M","?","$","M","M","R","$","E","T","R","E","M","M","E","R","B",null,"M","M","$","?","?","E","R","E","T","M","$","E"],"character_chosen":"THE_SILENT","items_purchased":["Poisoned Stab","Backflip","Tactician","Backflip","Cloak And Dagger"],"campfire_rested":1,"item_purchase_floors":[7,7,20,20,28],"current_hp_per_floor":[70,70,70,70,69,69,69,58,58,58,30,24,20,7,30,18,62,58,37,37,21,46,28,28,23,23,11,11,0],"gold":22,"neow_bonus":"TEN_PERCENT_HP_BONUS","is_prod":false,"is_daily":false,"chose_seed":false,"campfire_upgraded":3,"win_rate":0,"timestamp":1563235864,"path_taken":["M","?","$","M","?","R","$","E","T","R","E","?","M","E","R","BOSS","M","M","$","?","?","E","R","E","T","M","$","E"],"build_version":"2019-07-05","purchased_purges":3,"victory":false,"max_hp_per_floor":[77,77,77,77,77,77,77,77,77,77,77,77,77,77,77,77,77,77,77,77,77,77,77,77,77,77,77,77,77],"card_choices":[{"not_picked":["Choke","Underhanded Strike"],"picked":"PiercingWail","floor":1},{"not_picked":["Poisoned Stab","Slice"],"picked":"Crippling Poison","floor":4},{"not_picked":["Slice","Blade Dance"],"picked":"Deflect","floor":5},{"not_picked":["Phantasmal Killer","Choke"],"picked":"Dagger Throw","floor":8},{"not_picked":["Outmaneuver","Bane"],"picked":"Dagger Spray","floor":11},{"not_picked":["Sucker Punch","Flying Knee"],"picked":"Poisoned Stab","floor":12},{"not_picked":["Accuracy","Dagger Spray"],"picked":"Crippling Poison","floor":13},{"not_picked":["Expertise","Slice"],"picked":"Terror","floor":14},{"not_picked":["Storm of Steel","Tools of the Trade"],"picked":"Envenom","floor":16},{"not_picked":["Underhanded Strike+1","Backflip"],"picked":"Cloak And Dagger+1","floor":18},{"not_picked":["Expertise+1","Skewer"],"picked":"Dagger Spray+1","floor":19},{"not_picked":["Reflex","Dagger Throw"],"picked":"Die Die Die","floor":23},{"not_picked":["Poisoned Stab","Acrobatics"],"picked":"Corpse Explosion","floor":25},{"not_picked":["Dodge and Roll","Quick Slash"],"picked":"Concentrate","floor":27}],"player_experience":482432,"relics_obtained":[{"floor":8,"key":"Omamori"},{"floor":9,"key":"Centennial Puzzle"},{"floor":11,"key":"Bag of Preparation"},{"floor":14,"key":"Pen Nib"},{"floor":21,"key":"Enchiridion"},{"floor":23,"key":"PreservedInsect"},{"floor":25,"key":"Bottled Flame"},{"floor":26,"key":"Juzu Bracelet"}],"event_choices":[{"damage_healed":0,"gold_gain":0,"cards_transformed":["Strike_G"],"player_choice":"Transformed","damage_taken":0,"max_hp_gain":0,"max_hp_loss":0,"event_name":"Transmorgrifier","floor":2,"gold_loss":0,"cards_obtained":["Dagger Throw"]},{"damage_healed":0,"gold_gain":0,"player_choice":"Obtained Book","damage_taken":16,"max_hp_gain":0,"max_hp_loss":0,"event_name":"Cursed Tome","floor":21,"gold_loss":0},{"damage_healed":25,"gold_gain":0,"player_choice":"Heal","damage_taken":0,"max_hp_gain":0,"max_hp_loss":0,"event_name":"The Library","floor":22,"gold_loss":0}],"is_beta":false,"boss_relics":[{"not_picked":["Pandora\u0027s Box","Ring of the Serpent"],"picked":"Astrolabe"}],"items_purged_floors":[3,20,28],"is_endless":false,"potions_floor_spawned":[1,11,12,14,16,18,27],"killed_by":"Book of Stabbing","ascension_level":6}