{"gold_per_floor":[115,65,15,15,33,33,63,63,141,160,180,255,280,299,299,400,400,410,438,95,95,22,22,53,53,53,83,33,44,70,70,70,169,169,188,202,77,97,97,97,126,126,153,178,198,208,225,255,267,279],"floor_reached":51,"playtime":2316,"items_purged":["Defend_G","Defend_G","Strike_G"],"score":1071,"play_id":"851f7c08-79f8-4030-8a0a-5aba2fc8542f","local_time":"20190328224304","is_ascension_mode":true,"campfire_choices":[{"data":"Crippling Poison","floor":6.0,"key":"SMITH"},{"data":"Neutralize","floor":8.0,"key":"SMITH"},{"data":"Caltrops","floor":15.0,"key":"SMITH"},{"data":"Catalyst","floor":23.0,"key":"SMITH"},{"data":"Well Laid Plans","floor":25.0,"key":"SMITH"},{"data":"Deadly Poison","floor":32.0,"key":"SMITH"},{"data":"Leg Sweep","floor":40.0,"key":"SMITH"},{"data":"Blur","floor":42.0,"key":"SMITH"},{"floor":49,"key":"RECALL"}],"neow_cost":"NONE","seed_source_timestamp":0,"circlet_count":0,"master_deck":["Defend_G+1","Defend_G","Defend_G","Strike_G","Strike_G","Survivor","Neutralize+1","Caltrops+1","Deadly Poison+1","Crippling Poison+1","Deadly Poison+1","Blur+1","Backstab","Die Die Die","Footwork+1","PiercingWail","Catalyst+1","Well Laid Plans+1","Escape Plan","Leg Sweep+1","Backflip+1","Pain","Bane+1"],"special_seed":0,"relics":["Ring of the Snake","Bronze Scales","Potion Belt","Ninja Scroll","Strawberry","Black Star","Red Mask","TwistedFunnel","Enchiridion","Orichalcum","Matryoshka","Smiling Mask","Gremlin Horn","Snake Skull","Dream Catcher","War Paint","FossilizedHelix","Ancient Tea Set","Cursed Key","Dead Branch","Singing Bowl","Art of War","Omamori","Tough Bandages","PreservedInsect","MawBank"],"potions_floor_usage":[],"damage_taken":[{"damage":0.0,"enemies":"Cultist","floor":1.0,"turns":4.0},{"damage":0.0,"enemies":"2 Louse","floor":5.0,"turns":3.0},{"damage":28.0,"enemies":"Gremlin Nob","floor":7.0,"turns":5.0},{"damage":3.0,"enemies":"Jaw Worm","floor":10.0,"turns":2.0},{"damage":0.0,"enemies":"Blue Slaver","floor":11.0,"turns":3.0},{"damage":14.0,"enemies":"Lagavulin","floor":13.0,"turns":6.0},{"damage":0.0,"enemies":"Exordium Wildlife","floor":14.0,"turns":3.0},{"damage":0.0,"enemies":"Hexaghost","floor":16.0,"turns":8.0},{"damage":0.0,"enemies":"Chosen","floor":18.0,"turns":4.0},{"damage":11.0,"enemies":"Masked Bandits","floor":19.0,"turns":4.0},{"damage":0.0,"enemies":"Book of Stabbing","floor":24.0,"turns":5.0},{"damage":1.0,"enemies":"Gremlin Leader","floor":27.0,"turns":6.0},{"damage":0.0,"enemies":"Shell Parasite","floor":29.0,"turns":3.0},{"damage":0.0,"enemies":"Slavers","floor":30.0,"turns":3.0},{"damage":4.0,"enemies":"Collector","floor":33.0,"turns":4.0},{"damage":0.0,"enemies":"3 Darklings","floor":35.0,"turns":6.0},{"damage":1.0,"enemies":"Orb Walker","floor":36.0,"turns":3.0},{"damage":0.0,"enemies":"Transient","floor":38.0,"turns":5.0},{"damage":0.0,"enemies":"Reptomancer","floor":41.0,"turns":5.0},{"damage":30.0,"enemies":"Nemesis","floor":44.0,"turns":5.0},{"damage":1.0,"enemies":"Maw","floor":45.0,"turns":6.0},{"damage":5.0,"enemies":"Jaw Worm Horde","floor":46.0,"turns":3.0},{"damage":13.0,"enemies":"Transient","floor":47.0,"turns":5.0},{"damage":6,"enemies":"Giant Head","floor":48,"turns":8},{"damage":13,"enemies":"Donu and Deca","floor":50,"turns":8}],"seed_played":"4882968649646775755","potions_obtained":[{"floor":5.0,"key":"Swift Potion"},{"floor":7.0,"key":"Swift Potion"},{"floor":11.0,"key":"SkillPotion"},{"floor":13.0,"key":"Energy Potion"},{"floor":18.0,"key":"GamblersBrew"},{"floor":36.0,"key":"Explosive Potion"}],"is_trial":false,"path_per_floor":["M","$","?","?","M","R","E","R","T","M","M","?","E","M","R","B",null,"M","?","$","?","$","R","E","R","T","E","$","M","E","T","R","B",null,"M","M","$","M","?","R","E","R","T","E","M","M","M","E","R","B",null],"character_chosen":"THE_SILENT","items_purchased":["Deadly Poison","Catalyst","TwistedFunnel","Well Laid Plans","Leg Sweep"],"campfire_rested":0,"item_purchase_floors":[2,20,20,22,37],"current_hp_per_floor":[70,70,70,70,70,70,42,42,42,39,39,28,21,21,21,21,77,77,66,66,50,50,50,50,50,50,49,49,49,49,49,49,45,77,77,76,76,76,76,76,78,78,78,50,51,48,35,31,31,18],"gold":291,"neow_bonus":"RANDOM_COMMON_RELIC","is_prod":false,"is_daily":false,"chose_seed":false,"campfire_upgraded":8,"win_rate":0,"timestamp":1553802184,"path_taken":["M","$","?","?","M","R","E","R","T","M","?","?","E","M","R","BOSS","M","?","$","?","$","R","E","R","T","E","?","M","E","?","R","BOSS","M","M","$","M","?","R","E","R","T","E","M","?","M","E","R","BOSS"],"build_version":"2019-01-23","purchased_purges":3,"victory":true,"max_hp_per_floor":[70,70,70,70,70,70,70,70,70,70,70,70,77,77,77,77,77,77,77,77,77,77,77,77,77,77,77,77,77,77,77,77,77,77,77,77,77,77,77,77,79,79,79,81,83,85,85,87,87,87],"card_choices":[{"not_picked":["Poisoned Stab","Accuracy"],"picked":"Caltrops","floor":1.0},{"not_picked":["Sucker Punch","Deflect"],"picked":"Crippling Poison","floor":5.0},{"not_picked":["Dagger Spray","Eviscerate","Masterful Stab"],"picked":"SKIP","floor":7.0},{"not_picked":["Envenom","Quick Slash"],"picked":"Deadly Poison","floor":10.0},{"not_picked":["Slice","Quick Slash"],"picked":"Blur","floor":11.0},{"not_picked":["All Out Attack","Choke"],"picked":"Backstab","floor":13.0},{"not_picked":["Backflip","Sucker Punch","Deadly Poison"],"picked":"SKIP","floor":14.0},{"not_picked":["A Thousand Cuts","Doppelganger"],"picked":"Die Die Die","floor":16.0},{"not_picked":["Blade Dance","Deflect"],"picked":"Footwork+1","floor":18.0},{"not_picked":["Flechettes","Blur"],"picked":"PiercingWail","floor":19.0},{"not_picked":["Sucker Punch","Acrobatics","Bouncing Flask"],"picked":"SKIP","floor":24.0},{"not_picked":["Calculated Gamble","Distraction","Deflect"],"picked":"SKIP","floor":27.0},{"not_picked":["Slice","Terror","Concentrate+1"],"picked":"SKIP","floor":29.0},{"not_picked":["Calculated Gamble","Blur"],"picked":"Escape Plan","floor":30.0},{"not_picked":["Prepared+1","Cloak And Dagger","Dagger Throw+1"],"picked":"SKIP","floor":35.0},{"not_picked":["Choke","Deflect","Poisoned Stab"],"picked":"SKIP","floor":36.0},{"not_picked":["Outmaneuver","Flying Knee+1"],"picked":"Backflip+1","floor":38.0},{"not_picked":["Slice+1","Skewer+1","Underhanded Strike+1"],"picked":"Singing Bowl","floor":41.0},{"not_picked":["Setup+1","Dagger Spray","Blade Dance"],"picked":"Singing Bowl","floor":44.0},{"not_picked":["Dodge and Roll","Phantasmal Killer","Terror"],"picked":"Singing Bowl","floor":45.0},{"not_picked":["Quick Slash","Blur","Masterful Stab+1"],"picked":"Singing Bowl","floor":46.0},{"not_picked":["Riddle With Holes+1","Terror"],"picked":"Bane+1","floor":47},{"not_picked":["Accuracy+1","Outmaneuver+1","Dagger Spray"],"picked":"Singing Bowl","floor":48}],"player_experience":824196,"relics_obtained":[{"floor":7.0,"key":"Potion Belt"},{"floor":9.0,"key":"Ninja Scroll"},{"floor":13.0,"key":"Strawberry"},{"floor":19.0,"key":"Red Mask"},{"floor":21.0,"key":"Enchiridion"},{"floor":24.0,"key":"Orichalcum"},{"floor":24.0,"key":"Matryoshka"},{"floor":26.0,"key":"Smiling Mask"},{"floor":26.0,"key":"Gremlin Horn"},{"floor":27.0,"key":"Snake Skull"},{"floor":27.0,"key":"Dream Catcher"},{"floor":30.0,"key":"War Paint"},{"floor":30.0,"key":"FossilizedHelix"},{"floor":31.0,"key":"Ancient Tea Set"},{"floor":41.0,"key":"Dead Branch"},{"floor":41.0,"key":"Singing Bowl"},{"floor":43.0,"key":"Art of War"},{"floor":44.0,"key":"Omamori"},{"floor":44.0,"key":"Tough Bandages"},{"floor":48,"key":"PreservedInsect"},{"floor":48,"key":"MawBank"}],"event_choices":[{"cards_removed":["Strike_G"],"damage_healed":0.0,"max_hp_gain":0.0,"max_hp_loss":0.0,"gold_gain":0.0,"event_name":"The Cleric","player_choice":"Card Removal","floor":3.0,"gold_loss":50.0,"damage_taken":0.0},{"cards_removed":["Strike_G"],"damage_healed":0.0,"max_hp_gain":0.0,"max_hp_loss":0.0,"gold_gain":0.0,"event_name":"Purifier","player_choice":"Purged","floor":4.0,"gold_loss":0.0,"damage_taken":0.0},{"damage_healed":0.0,"max_hp_gain":0.0,"max_hp_loss":0.0,"gold_gain":75.0,"event_name":"World of Goop","player_choice":"Gather Gold","floor":12.0,"gold_loss":0.0,"damage_taken":11.0},{"damage_healed":0.0,"max_hp_gain":0.0,"max_hp_loss":0.0,"gold_gain":0.0,"event_name":"Masked Bandits","player_choice":"Fought Bandits","floor":19.0,"gold_loss":0.0,"damage_taken":0.0},{"damage_healed":0.0,"max_hp_gain":0.0,"max_hp_loss":0.0,"gold_gain":0.0,"event_name":"Cursed Tome","player_choice":"Obtained Book","floor":21.0,"gold_loss":0.0,"damage_taken":16.0},{"damage_healed":0.0,"max_hp_gain":0.0,"max_hp_loss":0.0,"gold_gain":0.0,"event_name":"SecretPortal","player_choice":"Ignored","floor":39.0,"gold_loss":0.0,"damage_taken":0.0}],"is_beta":false,"boss_relics":[{"not_picked":["Snecko Eye","White Beast Statue"],"picked":"Black Star"},{"not_picked":["Empty Cage","Lizard Tail"],"picked":"Cursed Key"}],"items_purged_floors":[20,28,37],"is_endless":false,"potions_floor_spawned":[5,7,11,13,18,27,36,38,44,46],"ascension_level":1}