{"gold_per_floor":[209,226,241,241,258,258,238,267,267,296,308,365,400,412,412,412],"floor_reached":16,"playtime":1137,"items_purged":[],"score":244,"play_id":"c026a313-b3f4-4eac-91b5-74f83308f07d","local_time":"20190718174336","is_ascension_mode":true,"campfire_choices":[{"data":"Sword Boomerang","floor":6,"key":"SMITH"},{"floor":15,"key":"REST"}],"neow_cost":"NONE","seed_source_timestamp":663405466764350,"circlet_count":0,"master_deck":["AscendersBane","Strike_R","Strike_R","Strike_R","Strike_R","Strike_R","Defend_R","Defend_R","Defend_R","Defend_R","Bash+1","Sword Boomerang+1","Pommel Strike","Thunderclap","Pommel Strike","Clothesline","Shrug It Off","Sever Soul","Hemokinesis"],"relics":["Burning Blood","Oddly Smooth Stone","Kunai","Ginger","Shuriken"],"potions_floor_usage":[8,8,13,16],"damage_taken":[{"damage":13,"enemies":"Jaw Worm","floor":1,"turns":6},{"damage":8,"enemies":"Small Slimes","floor":2,"turns":4},{"damage":1,"enemies":"Cultist","floor":3,"turns":3},{"damage":16,"enemies":"Looter","floor":5,"turns":4},{"damage":8,"enemies":"Gremlin Nob","floor":8,"turns":3},{"damage":43,"enemies":"3 Sentries","floor":10,"turns":8},{"damage":0,"enemies":"Large Slime","floor":11,"turns":6},{"damage":25,"enemies":"Lagavulin","floor":13,"turns":5},{"damage":17,"enemies":"Red Slaver","floor":14,"turns":4},{"damage":35,"enemies":"The Guardian","floor":16,"turns":9}],"seed_played":"6736485231617037378","potions_obtained":[{"floor":3,"key":"Dexterity Potion"},{"floor":5,"key":"BloodPotion"},{"floor":7,"key":"Fire Potion"},{"floor":8,"key":"Weak Potion"},{"floor":11,"key":"Poison Potion"}],"is_trial":false,"path_per_floor":["M","M","M","?","M","R","?","E","T","E","M","?","E","M","R","B"],"character_chosen":"IRONCLAD","items_purchased":[],"campfire_rested":1,"item_purchase_floors":[],"current_hp_per_floor":[61,59,64,64,54,54,54,70,70,33,39,39,20,9,31,0],"gold":412,"neow_bonus":"HUNDRED_GOLD","is_prod":false,"is_daily":false,"chose_seed":false,"campfire_upgraded":1,"win_rate":0,"timestamp":1563486216,"path_taken":["M","M","M","?","M","R","?","E","T","E","?","?","E","M","R","BOSS"],"build_version":"2019-07-17","purchased_purges":0,"victory":false,"max_hp_per_floor":[75,75,75,75,75,75,75,75,75,75,75,75,75,75,75,75],"card_choices":[{"not_picked":["Iron Wave","Havoc"],"picked":"Sword Boomerang","floor":1},{"not_picked":["Inflame","Blood for Blood"],"picked":"Pommel Strike","floor":2},{"not_picked":["Clash","True Grit"],"picked":"Thunderclap","floor":3},{"not_picked":["Sword Boomerang","Fire Breathing"],"picked":"Pommel Strike","floor":5},{"not_picked":["Barricade","Sever Soul"],"picked":"Clothesline","floor":8},{"not_picked":["Infernal Blade","Armaments"],"picked":"Shrug It Off","floor":10},{"not_picked":["Havoc","True Grit"],"picked":"Sever Soul","floor":11},{"not_picked":["Dark Embrace","Heavy Blade"],"picked":"Hemokinesis","floor":13},{"not_picked":["Heavy Blade","Havoc","Wild Strike"],"picked":"SKIP","floor":14}],"player_experience":2502967,"relics_obtained":[{"floor":8,"key":"Oddly Smooth Stone"},{"floor":9,"key":"Kunai"},{"floor":10,"key":"Ginger"},{"floor":13,"key":"Shuriken"}],"event_choices":[{"damage_healed":0,"gold_gain":0,"player_choice":"Grow","damage_taken":0,"max_hp_gain":0,"max_hp_loss":0,"event_name":"Living Wall","floor":4,"gold_loss":0,"cards_upgraded":["Bash"]},{"damage_healed":0,"gold_gain":0,"player_choice":"Bought 1 Potion","damage_taken":0,"max_hp_gain":0,"max_hp_loss":0,"event_name":"The Woman in Blue","floor":7,"gold_loss":0},{"damage_healed":0,"gold_gain":57,"player_choice":"Gained Gold","damage_taken":0,"max_hp_gain":0,"max_hp_loss":0,"event_name":"Golden Wing","floor":12,"gold_loss":0}],"is_beta":false,"boss_relics":[],"items_purged_floors":[],"is_endless":false,"potions_floor_spawned":[3,5,8,11],"killed_by":"The Guardian","ascension_level":20}