{"gold_per_floor":[110,127,127,52,67,67,85,85,85,104,104,122,47,58,58,154,154,170,140,140],"floor_reached":20,"playtime":1865,"items_purged":["Strike_R"],"score":168,"play_id":"3e331db0-7f26-4818-a8cd-c98471f6284c","local_time":"20190411181410","is_ascension_mode":false,"campfire_choices":[{"data":"Warcry","floor":6,"key":"SMITH"},{"data":"Evolve","floor":8,"key":"SMITH"},{"data":"Body Slam","floor":15,"key":"SMITH"}],"neow_cost":"NONE","seed_source_timestamp":31885083765069,"circlet_count":0,"master_deck":["Strike_R","Strike_R","Strike_R","Defend_R","Defend_R","Defend_R+1","Defend_R","Blood for Blood+1","Warcry+1","Evolve+1","Body Slam+1","Barricade"],"relics":["Burning Blood","Ginger","Lizard Tail"],"potions_floor_usage":[16,18,20],"damage_taken":[{"damage":7,"enemies":"2 Louse","floor":1,"turns":3},{"damage":3,"enemies":"Cultist","floor":2,"turns":5},{"damage":2,"enemies":"Small Slimes","floor":5,"turns":5},{"damage":5,"enemies":"Looter","floor":7,"turns":3},{"damage":20,"enemies":"Exordium Thugs","floor":10,"turns":6},{"damage":7,"enemies":"Large Slime","floor":12,"turns":7},{"damage":6,"enemies":"Red Slaver","floor":14,"turns":4},{"damage":34,"enemies":"Hexaghost","floor":16,"turns":12},{"damage":30,"enemies":"Spheric Guardian","floor":18,"turns":6},{"damage":38,"enemies":"2 Thieves","floor":19,"turns":5},{"damage":77,"enemies":"Snecko","floor":20,"turns":9}],"seed_played":"7137607913729893606","potions_obtained":[{"floor":2,"key":"Swift Potion"},{"floor":14,"key":"SkillPotion"},{"floor":16,"key":"EssenceOfSteel"},{"floor":19,"key":"FearPotion"}],"is_trial":false,"path_per_floor":["M","M","?","$","M","R","M","R","T","M","?","M","$","M","R","B",null,"M","M","M"],"character_chosen":"IRONCLAD","items_purchased":["Evolve"],"campfire_rested":0,"item_purchase_floors":[4],"current_hp_per_floor":[79,80,64,64,68,68,69,69,69,55,55,54,54,54,54,26,80,56,24,0],"gold":140,"neow_bonus":"TRANSFORM_CARD","is_prod":false,"is_daily":false,"chose_seed":false,"campfire_upgraded":3,"win_rate":0.0,"timestamp":1554999250,"path_taken":["M","M","?","$","M","R","M","R","T","M","?","M","$","M","R","BOSS","M","M","M"],"build_version":"2019-01-23","purchased_purges":1,"victory":false,"max_hp_per_floor":[80,80,80,80,80,80,80,80,80,80,80,80,80,80,80,80,80,80,80,80],"card_choices":[{"not_picked":["Clothesline","Thunderclap","Pommel Strike"],"picked":"SKIP","floor":1},{"not_picked":["Body Slam","Clash"],"picked":"Warcry","floor":2},{"not_picked":["Pommel Strike","Intimidate","Wild Strike"],"picked":"SKIP","floor":5},{"not_picked":["Headbutt","Thunderclap","Wild Strike"],"picked":"SKIP","floor":7},{"not_picked":["Heavy Blade","Thunderclap","True Grit"],"picked":"SKIP","floor":10},{"not_picked":["Disarm","Dual Wield"],"picked":"Body Slam","floor":12},{"not_picked":["True Grit","Disarm","Twin Strike"],"picked":"SKIP","floor":14},{"not_picked":["Immolate","Demon Form"],"picked":"Barricade","floor":16},{"not_picked":["Perfected Strike","Clothesline","Iron Wave"],"picked":"SKIP","floor":18},{"not_picked":["Clash","Headbutt","Heavy Blade"],"picked":"SKIP","floor":19}],"player_experience":41984,"relics_obtained":[{"floor":9,"key":"Ginger"}],"event_choices":[{"damage_healed":0,"gold_gain":0,"player_choice":"Entered Light","damage_taken":16,"max_hp_gain":0,"max_hp_loss":0,"event_name":"Shining Light","floor":3,"gold_loss":0,"cards_upgraded":["Blood for Blood","Defend_R"]},{"cards_removed":["Strike_R"],"damage_healed":0,"gold_gain":0,"player_choice":"Offered Basic","damage_taken":0,"max_hp_gain":0,"max_hp_loss":0,"event_name":"Bonfire Elementals","floor":11,"gold_loss":0}],"is_beta":false,"boss_relics":[{"not_picked":["Eternal Feather","Runic Pyramid"],"picked":"Lizard Tail"}],"items_purged_floors":[13],"is_endless":false,"potions_floor_spawned":[2,14,16,19],"killed_by":"Snecko","ascension_level":0}