{"gold_per_floor":[113,74,149,165,165,165,191,191,218,245,245,284,304,317,317,410,410,426,426,10,10],"floor_reached":21,"playtime":881,"items_purged":["Shame"],"score":429,"play_id":"4fca5df6-8eb4-44d8-a4f8-3d9ffc92344c","local_time":"20190725181220","is_ascension_mode":true,"campfire_choices":[{"data":"Terror","floor":6.0,"key":"SMITH"},{"data":"Infinite Blades","floor":8.0,"key":"SMITH"},{"floor":15,"key":"REST"}],"neow_cost":"NONE","seed_source_timestamp":747512733789,"circlet_count":0,"master_deck":["AscendersBane","Strike_G","Strike_G","Strike_G","Strike_G","Defend_G","Defend_G","Defend_G","Defend_G","Defend_G","Survivor","Neutralize","Terror+1","Infinite Blades","Infinite Blades+1","Bouncing Flask","Heel Hook","PiercingWail","Dagger Spray","Dash","Grand Finale","Decay","Decay","Decay","Acrobatics"],"special_seed":0,"relics":["Ring of the Snake","NeowsBlessing","Happy Flower","Smiling Mask","Letter Opener","Golden Idol","PreservedInsect","Calling Bell","Dream Catcher","Gremlin Horn","Incense Burner","Girya"],"potions_floor_usage":[14,16,16],"damage_taken":[{"damage":0.0,"enemies":"2 Louse","floor":1.0,"turns":1.0},{"damage":0.0,"enemies":"Small Slimes","floor":4.0,"turns":2.0},{"damage":0.0,"enemies":"Lagavulin","floor":7.0,"turns":1.0},{"damage":28.0,"enemies":"Gremlin Nob","floor":10.0,"turns":4.0},{"damage":17.0,"enemies":"Lagavulin","floor":12.0,"turns":6.0},{"damage":2.0,"enemies":"Jaw Worm","floor":13.0,"turns":4.0},{"damage":0,"enemies":"Exordium Thugs","floor":14,"turns":3},{"damage":17,"enemies":"Slime Boss","floor":16,"turns":9},{"damage":11,"enemies":"3 Byrds","floor":18,"turns":6},{"damage":36,"enemies":"Shell Parasite","floor":21,"turns":8}],"seed_played":"1290926874388292527","potions_obtained":[{"floor":1.0,"key":"Swift Potion"},{"floor":12.0,"key":"Fire Potion"},{"floor":13.0,"key":"AttackPotion"},{"floor":14,"key":"EssenceOfSteel"}],"is_trial":false,"path_per_floor":["M","$","?","M","?","R","E","R","T","E","?","E","M","M","R","B",null,"M","?","$","M"],"character_chosen":"THE_SILENT","items_purchased":["Infinite Blades","Girya","Acrobatics"],"campfire_rested":1,"item_purchase_floors":[2,20,20],"current_hp_per_floor":[59,59,48,48,48,48,48,48,48,20,20,3,1,1,19,2,46,35,35,35,0],"gold":10,"neow_bonus":"THREE_ENEMY_KILL","is_prod":false,"is_daily":false,"chose_seed":false,"campfire_upgraded":2,"win_rate":0,"timestamp":1564103540,"path_taken":["M","$","?","M","?","R","E","R","T","E","?","E","M","M","R","BOSS","M","?","$","M"],"build_version":"2019-07-17","purchased_purges":1,"victory":false,"max_hp_per_floor":[66,66,66,66,66,66,66,66,66,66,60,60,60,60,60,60,60,60,60,60,60],"card_choices":[{"not_picked":["Accuracy","Cloak And Dagger"],"picked":"Terror","floor":1.0},{"not_picked":["Slice","Underhanded Strike"],"picked":"Infinite Blades","floor":4.0},{"not_picked":["Bane","Flying Knee","Acrobatics"],"picked":"SKIP","floor":7.0},{"not_picked":["Blade Dance","Riddle With Holes"],"picked":"Heel Hook","floor":10.0},{"not_picked":["Dagger Spray","Quick Slash"],"picked":"PiercingWail","floor":12.0},{"not_picked":["Footwork","Underhanded Strike"],"picked":"Dagger Spray","floor":13.0},{"not_picked":["Blade Dance","Sucker Punch"],"picked":"Dash","floor":14},{"not_picked":["Glass Knife","Unload"],"picked":"Grand Finale","floor":16},{"not_picked":["PiercingWail","Poisoned Stab+1","Underhanded Strike"],"picked":"SKIP","floor":18}],"player_experience":676809,"relics_obtained":[{"floor":7.0,"key":"Happy Flower"},{"floor":9.0,"key":"Smiling Mask"},{"floor":10.0,"key":"Letter Opener"},{"floor":12.0,"key":"PreservedInsect"},{"floor":17,"key":"Dream Catcher"},{"floor":17,"key":"Gremlin Horn"},{"floor":17,"key":"Incense Burner"}],"event_choices":[{"damage_healed":0.0,"max_hp_gain":0.0,"max_hp_loss":0.0,"gold_gain":75.0,"event_name":"World of Goop","player_choice":"Gather Gold","floor":3.0,"gold_loss":0.0,"damage_taken":11.0},{"damage_healed":0.0,"max_hp_gain":0.0,"max_hp_loss":0.0,"gold_gain":0.0,"cards_transformed":["Strike_G"],"event_name":"Living Wall","player_choice":"Change","floor":5.0,"gold_loss":0.0,"damage_taken":0.0,"cards_obtained":["Bouncing Flask"]},{"damage_healed":0.0,"max_hp_gain":0.0,"max_hp_loss":6.0,"gold_gain":0.0,"event_name":"Golden Idol","player_choice":"Lose Max HP","floor":11.0,"gold_loss":0.0,"damage_taken":0.0,"relics_obtained":["Golden Idol"]},{"damage_healed":0,"gold_gain":0,"player_choice":"Cursed","damage_taken":0,"max_hp_gain":0,"max_hp_loss":0,"event_name":"Wheel of Change","floor":19,"gold_loss":0,"cards_obtained":["Decay"]}],"is_beta":false,"boss_relics":[{"not_picked":["Empty Cage","Runic Dome"],"picked":"Calling Bell"}],"items_purged_floors":[20],"is_endless":false,"potions_floor_spawned":[1,12,13,14],"killed_by":"Shell Parasite","ascension_level":19}