{"gold_per_floor":[113,125,125,142,160,160,185,197,197,197,211,223,246,256,256,361,361,374,361,361,361,66,66],"floor_reached":23,"playtime":2070,"items_purged":[],"score":220,"play_id":"fb321bec-6c7a-4058-a4b1-09f62fc85b0a","local_time":"20190507175616","is_ascension_mode":false,"campfire_choices":[{"data":"Armaments","floor":6,"key":"SMITH"},{"floor":10,"key":"RECALL"},{"data":"Uppercut","floor":15,"key":"SMITH"}],"neow_cost":"PERCENT_DAMAGE","seed_source_timestamp":206937938712956,"circlet_count":0,"master_deck":["Strike_R","Strike_R","Strike_R","Strike_R","Strike_R","Defend_R","Defend_R","Defend_R","Defend_R","Bash","Iron Wave","Rage","Armaments+1","Uppercut+1","Havoc","Double Tap","Rage","Warcry","Limit Break","Warcry","Evolve","Seeing Red"],"relics":["Burning Blood","Strawberry","Regal Pillow","Lizard Tail","Shuriken"],"potions_floor_usage":[7,14,18],"damage_taken":[{"damage":3,"enemies":"Small Slimes","floor":1,"turns":4},{"damage":5,"enemies":"Jaw Worm","floor":2,"turns":4},{"damage":1,"enemies":"Cultist","floor":4,"turns":3},{"damage":2,"enemies":"Gremlin Gang","floor":5,"turns":8},{"damage":23,"enemies":"Lagavulin","floor":7,"turns":9},{"damage":10,"enemies":"Looter","floor":8,"turns":3},{"damage":0,"enemies":"3 Louse","floor":11,"turns":4},{"damage":2,"enemies":"Lots of Slimes","floor":12,"turns":6},{"damage":4,"enemies":"Exordium Thugs","floor":14,"turns":5},{"damage":64,"enemies":"The Guardian","floor":16,"turns":14},{"damage":76,"enemies":"3 Byrds","floor":18,"turns":9},{"damage":28,"enemies":"2 Thieves","floor":19,"turns":4},{"damage":56,"enemies":"Colosseum Slavers","floor":21,"turns":8},{"damage":63,"enemies":"Slavers","floor":23,"turns":4}],"seed_played":"6912687124303084877","potions_obtained":[{"floor":2,"key":"Regen Potion"},{"floor":5,"key":"GamblersBrew"},{"floor":8,"key":"Poison Potion"},{"floor":11,"key":"Ancient Potion"}],"is_trial":false,"path_per_floor":["M","M","?","M","M","R","E","M","T","R","M","M","T","M","R","B",null,"M","M","?","?","$","E"],"character_chosen":"IRONCLAD","items_purchased":["Seeing Red","Shuriken"],"campfire_rested":0,"item_purchase_floors":[22,22],"current_hp_per_floor":[75,76,81,86,90,90,95,91,91,91,97,101,101,103,103,45,108,38,16,52,60,60,0],"gold":66,"neow_bonus":"TWENTY_PERCENT_HP_BONUS","is_prod":false,"is_daily":false,"chose_seed":false,"campfire_upgraded":2,"win_rate":0,"timestamp":1557244576,"path_taken":["M","M","?","M","M","R","E","M","T","R","M","M","?","M","R","BOSS","M","M","?","?","$","E"],"build_version":"2019-01-23","purchased_purges":0,"victory":false,"max_hp_per_floor":[96,96,101,101,101,101,108,108,108,108,108,108,108,108,108,108,108,108,108,108,108,108,108],"card_choices":[{"not_picked":["Flex","Sword Boomerang"],"picked":"Iron Wave","floor":1},{"not_picked":["Twin Strike","Armaments"],"picked":"Rage","floor":2},{"not_picked":["Cleave","Wild Strike"],"picked":"Armaments","floor":4},{"not_picked":["Thunderclap","Warcry"],"picked":"Uppercut","floor":5},{"not_picked":["Clothesline","Hemokinesis"],"picked":"Havoc","floor":7},{"not_picked":["Power Through","Clothesline"],"picked":"Double Tap","floor":8},{"not_picked":["Rampage","Flex","Clash"],"picked":"SKIP","floor":11},{"not_picked":["Clash","Pummel"],"picked":"Rage","floor":12},{"not_picked":["Perfected Strike","Anger"],"picked":"Warcry","floor":14},{"not_picked":["Double Tap","Berserk"],"picked":"Limit Break","floor":16},{"not_picked":["Pommel Strike","Cleave"],"picked":"Warcry","floor":18},{"not_picked":["Ghostly Armor","Perfected Strike"],"picked":"Evolve","floor":19}],"player_experience":221037,"relics_obtained":[{"floor":7,"key":"Strawberry"},{"floor":13,"key":"Regal Pillow"}],"event_choices":[{"damage_healed":0,"gold_gain":0,"player_choice":"Donut","damage_taken":0,"max_hp_gain":5,"max_hp_loss":0,"event_name":"Big Fish","floor":3,"gold_loss":0},{"damage_healed":36,"gold_gain":0,"player_choice":"Heal","damage_taken":0,"max_hp_gain":0,"max_hp_loss":0,"event_name":"The Library","floor":20,"gold_loss":0},{"damage_healed":0,"gold_gain":0,"player_choice":"Fight","damage_taken":0,"max_hp_gain":0,"max_hp_loss":0,"event_name":"Colosseum","floor":21,"gold_loss":0},{"damage_healed":0,"gold_gain":0,"player_choice":"Fled From Nobs","damage_taken":0,"max_hp_gain":0,"max_hp_loss":0,"event_name":"Colosseum","floor":21,"gold_loss":0}],"is_beta":false,"boss_relics":[{"not_picked":["Fusion Hammer","Snecko Eye"],"picked":"Lizard Tail"}],"items_purged_floors":[],"is_endless":false,"potions_floor_spawned":[2,5,8,11,12,21],"killed_by":"Slavers","ascension_level":0}