{"gold_per_floor":[119,119,144,144,158,198,198,241,294,294,294,309,353,77,77,77],"floor_reached":16,"playtime":804,"items_purged":["Strike_R"],"score":236,"play_id":"686ce5b8-b356-43a5-97a3-ea77441f137a","local_time":"20190726225949","is_ascension_mode":true,"campfire_choices":[{"data":"Havoc","floor":7.0,"key":"SMITH"},{"data":"Blood for Blood","floor":11.0,"key":"SMITH"},{"data":"Feel No Pain","floor":15,"key":"SMITH"}],"neow_cost":"NONE","seed_source_timestamp":704612888791212,"circlet_count":0,"master_deck":["AscendersBane","Strike_R","Strike_R","Strike_R","Defend_R+1","Defend_R","Defend_R+1","Defend_R","Bash+1","Thunderclap","Sever Soul","Sever Soul","Blood for Blood+1","Havoc+1","Feel No Pain+1","Sword Boomerang","Shrug It Off"],"special_seed":0,"relics":["Burning Blood","Golden Idol","Pear","Strawberry","War Paint","Lantern","Bag of Preparation"],"potions_floor_usage":[13,16],"damage_taken":[{"damage":7.0,"enemies":"2 Louse","floor":1.0,"turns":4.0},{"damage":6.0,"enemies":"Jaw Worm","floor":3.0,"turns":4.0},{"damage":1.0,"enemies":"Cultist","floor":5.0,"turns":3.0},{"damage":20.0,"enemies":"Gremlin Nob","floor":6.0,"turns":4.0},{"damage":30.0,"enemies":"3 Sentries","floor":8.0,"turns":8.0},{"damage":8.0,"enemies":"2 Fungi Beasts","floor":12.0,"turns":3.0},{"damage":8,"enemies":"Gremlin Nob","floor":13,"turns":3},{"damage":45,"enemies":"Slime Boss","floor":16,"turns":7}],"seed_played":"6671733075297701390","potions_obtained":[{"floor":3.0,"key":"Block Potion"},{"floor":5.0,"key":"Strength Potion"},{"floor":12.0,"key":"SteroidPotion"},{"floor":13,"key":"AttackPotion"}],"is_trial":false,"path_per_floor":["M","?","M","?","M","E","R","E","T","?","R","M","E","$","R","B"],"character_chosen":"IRONCLAD","items_purchased":["Shrug It Off","Bag of Preparation"],"campfire_rested":0,"item_purchase_floors":[14,14],"current_hp_per_floor":[67,67,67,67,68,64,64,47,47,47,47,45,43,43,43,0],"gold":77,"neow_bonus":"UPGRADE_CARD","is_prod":false,"is_daily":false,"chose_seed":false,"campfire_upgraded":3,"win_rate":0,"timestamp":1564196389,"path_taken":["M","?","M","?","?","E","R","E","T","?","R","M","E","$","R","BOSS"],"build_version":"2019-07-17","purchased_purges":1,"victory":false,"max_hp_per_floor":[75,68,68,68,68,78,78,85,85,85,85,85,85,85,85,85],"card_choices":[{"not_picked":["True Grit","Headbutt"],"picked":"Thunderclap","floor":1.0},{"not_picked":["Body Slam","Havoc"],"picked":"Sever Soul","floor":3.0},{"not_picked":["Spot Weakness","Shrug It Off"],"picked":"Blood for Blood","floor":5.0},{"not_picked":["Heavy Blade","Dark Embrace"],"picked":"Havoc","floor":6.0},{"not_picked":["Havoc","Flex"],"picked":"Feel No Pain","floor":8.0},{"not_picked":["Iron Wave","Warcry"],"picked":"Sword Boomerang","floor":12.0},{"not_picked":["Barricade","Heavy Blade","Sword Boomerang"],"picked":"SKIP","floor":13}],"player_experience":2518824,"relics_obtained":[{"floor":6.0,"key":"Pear"},{"floor":8.0,"key":"Strawberry"},{"floor":9.0,"key":"War Paint"},{"floor":13,"key":"Lantern"}],"event_choices":[{"damage_healed":0.0,"max_hp_gain":0.0,"max_hp_loss":7.0,"gold_gain":0.0,"event_name":"Golden Idol","player_choice":"Lose Max HP","floor":2.0,"gold_loss":0.0,"damage_taken":0.0,"relics_obtained":["Golden Idol"]},{"damage_healed":0.0,"max_hp_gain":0.0,"max_hp_loss":0.0,"gold_gain":0.0,"cards_transformed":["Strike_R"],"event_name":"Transmorgrifier","player_choice":"Transformed","floor":4.0,"gold_loss":0.0,"damage_taken":0.0,"cards_obtained":["Sever Soul"]},{"damage_healed":0.0,"max_hp_gain":0.0,"max_hp_loss":0.0,"gold_gain":0.0,"event_name":"Match and Keep!","player_choice":"0 cards matched","floor":10.0,"gold_loss":0.0,"damage_taken":0.0,"cards_obtained":[]}],"is_beta":false,"boss_relics":[],"items_purged_floors":[14],"is_endless":false,"potions_floor_spawned":[3,5,12,13],"killed_by":"Slime Boss","ascension_level":20}