{"gold_per_floor":[114,114,164,179,191,191,222,240,240,250,250],"floor_reached":11,"playtime":652,"items_purged":[],"score":150,"play_id":"3f35a63f-81ee-47b8-903f-40dde701cdec","local_time":"20190727114352","is_ascension_mode":true,"campfire_choices":[{"data":"Perfected Strike","floor":6,"key":"SMITH"}],"neow_cost":"NONE","seed_source_timestamp":750588543998915,"circlet_count":0,"master_deck":["AscendersBane","Strike_R","Strike_R","Strike_R","Strike_R","Strike_R","Defend_R","Defend_R","Defend_R","Defend_R","Bash+1","Perfected Strike+1","Hemokinesis","Clothesline","Pommel Strike"],"special_seed":0,"relics":["Burning Blood","Question Card","Ornamental Fan"],"potions_floor_usage":[11],"damage_taken":[{"damage":8.0,"enemies":"Small Slimes","floor":1.0,"turns":4.0},{"damage":1.0,"enemies":"Cultist","floor":4.0,"turns":3.0},{"damage":9,"enemies":"Jaw Worm","floor":5,"turns":3},{"damage":39,"enemies":"3 Sentries","floor":7,"turns":8},{"damage":11,"enemies":"Red Slaver","floor":8,"turns":3},{"damage":9,"enemies":"3 Louse","floor":10,"turns":3},{"damage":21,"enemies":"Gremlin Gang","floor":11,"turns":3}],"seed_played":"7425857971489813495","potions_obtained":[{"floor":5,"key":"SteroidPotion"},{"floor":8,"key":"SkillPotion"},{"floor":10,"key":"Poison Potion"}],"is_trial":false,"path_per_floor":["M","?","?","M","M","R","E","M","T","M","M"],"character_chosen":"IRONCLAD","items_purchased":[],"campfire_rested":0,"item_purchase_floors":[],"current_hp_per_floor":[66,66,59,64,61,61,28,23,23,20,0],"gold":250,"neow_bonus":"UPGRADE_CARD","is_prod":false,"is_daily":false,"chose_seed":false,"campfire_upgraded":1,"win_rate":0,"timestamp":1564242232,"path_taken":["M","?","?","M","M","R","E","M","T","?","M"],"build_version":"2019-07-17","purchased_purges":0,"victory":false,"max_hp_per_floor":[75,75,75,75,75,75,75,75,75,75,75],"card_choices":[{"not_picked":["Blood for Blood","Rage"],"picked":"Perfected Strike","floor":1.0},{"not_picked":["Whirlwind","Warcry","Intimidate"],"picked":"SKIP","floor":4.0},{"not_picked":["Body Slam","Dual Wield"],"picked":"Hemokinesis","floor":5},{"not_picked":["Pommel Strike","Iron Wave"],"picked":"Clothesline","floor":7},{"not_picked":["Shrug It Off","Blood for Blood","Pummel"],"picked":"Pommel Strike","floor":8},{"not_picked":["Pummel","Feel No Pain","Exhume","Burning Pact"],"picked":"SKIP","floor":10}],"player_experience":2519628,"relics_obtained":[{"floor":7,"key":"Question Card"},{"floor":9,"key":"Ornamental Fan"}],"event_choices":[{"damage_healed":0.0,"max_hp_gain":0.0,"max_hp_loss":0.0,"gold_gain":0.0,"event_name":"The Cleric","player_choice":"Leave","floor":2.0,"gold_loss":0.0,"damage_taken":0.0},{"damage_healed":0.0,"max_hp_gain":0.0,"max_hp_loss":0.0,"gold_gain":50.0,"event_name":"FaceTrader","player_choice":"Touch","floor":3.0,"gold_loss":0.0,"damage_taken":7.0}],"is_beta":false,"boss_relics":[],"items_purged_floors":[],"is_endless":false,"potions_floor_spawned":[5,8,10],"killed_by":"Gremlin Gang","ascension_level":20}