{"gold_per_floor":[213,225,225,100,114,114,128,157,157,167,187,187,262,277,277,382,382,397,297,309,408,408,408,428,428,482,499,499,531,180,197,197,294,294,312,40,55,0,20,20,39,14,38,58,58,58,77,91,91,91],"floor_reached":50,"playtime":1592,"items_purged":["Defend_B","Strike_B","Strike_B"],"score":468,"play_id":"b7d28db5-ea6e-483f-8ce7-fb5f059834fa","local_time":"20180805171515","is_ascension_mode":false,"campfire_choices":[{"data":"Zap","floor":6.0,"key":"SMITH"},{"data":"White Noise","floor":12.0,"key":"SMITH"},{"floor":15.0,"key":"REST"},{"data":"Ball Lightning","floor":23.0,"key":"SMITH"},{"data":"Cold Snap","floor":25.0,"key":"SMITH"},{"floor":28.0,"key":"REST"},{"floor":32.0,"key":"REST"},{"data":"Loop","floor":40.0,"key":"SMITH"},{"floor":45.0,"key":"REST"},{"floor":49,"key":"REST"}],"neow_cost":"NONE","seed_source_timestamp":2870217159540,"circlet_count":0,"master_deck":["Strike_B","Defend_B","Defend_B","Zap+1","Dualcast","Coolheaded","Conserve Battery","Ball Lightning+1","White Noise+1","Cold Snap+1","Echo Form","Loop","Sunder","Rainbow","Loop+1","Leap","Madness","Madness"],"special_seed":0,"relics":["Cracked Core","Regal Pillow","Letter Opener","Sozu","Centennial Puzzle","Mango","Bag of Preparation","Eternal Feather","Toolbox","Red Mask","Dream Catcher"],"potions_floor_usage":[50,50],"damage_taken":[{"damage":9.0,"enemies":"2 Louse","floor":1.0,"turns":2.0},{"damage":4.0,"enemies":"Jaw Worm","floor":2.0,"turns":3.0},{"damage":0.0,"enemies":"Cultist","floor":5.0,"turns":4.0},{"damage":6.0,"enemies":"Red Slaver","floor":7.0,"turns":3.0},{"damage":9.0,"enemies":"3 Sentries","floor":8.0,"turns":7.0},{"damage":5.0,"enemies":"Blue Slaver","floor":10.0,"turns":2.0},{"damage":0.0,"enemies":"Large Slime","floor":11.0,"turns":4.0},{"damage":2.0,"enemies":"3 Louse","floor":14.0,"turns":2.0},{"damage":55.0,"enemies":"Hexaghost","floor":16.0,"turns":11.0},{"damage":1.0,"enemies":"Spheric Guardian","floor":18.0,"turns":4.0},{"damage":1.0,"enemies":"Chosen","floor":20.0,"turns":6.0},{"damage":34.0,"enemies":"Slaver and Parasite","floor":24.0,"turns":5.0},{"damage":11.0,"enemies":"3 Cultists","floor":27.0,"turns":4.0},{"damage":44.0,"enemies":"Slavers","floor":29.0,"turns":5.0},{"damage":8.0,"enemies":"Snecko","floor":31.0,"turns":3.0},{"damage":36.0,"enemies":"Automaton","floor":33.0,"turns":8.0},{"damage":9.0,"enemies":"Orb Walker","floor":35.0,"turns":3.0},{"damage":20.0,"enemies":"Flame Bruiser 1 Orb","floor":37.0,"turns":5.0},{"damage":14.0,"enemies":"Sphere and 2 Shapes","floor":39.0,"turns":5.0},{"damage":26.0,"enemies":"Maw","floor":41.0,"turns":7.0},{"damage":23.0,"enemies":"Spire Growth","floor":44.0,"turns":5.0},{"damage":9.0,"enemies":"Transient","floor":47.0,"turns":5.0},{"damage":10,"enemies":"4 Shapes","floor":48,"turns":6},{"damage":83,"enemies":"Time Eater","floor":50,"turns":7}],"seed_played":"-1607704091448167617","potions_obtained":[{"floor":2.0,"key":"FocusPotion"},{"floor":7.0,"key":"AttackPotion"},{"floor":10.0,"key":"Explosive Potion"}],"is_trial":false,"path_per_floor":["M","M","?","$","M","R","M","E","T","M","M","R","?","M","R","B",null,"M","$","M","?","?","R","M","R","T","M","R","E","$","M","R","B",null,"M","$","M","?","M","R","M","$","T","M","R","?","M","M","R"],"character_chosen":"DEFECT","items_purchased":["Conserve Battery","Loop","Bag of Preparation","Toolbox","Loop","Leap"],"campfire_rested":5,"item_purchase_floors":[4,30,30,36,36,42],"current_hp_per_floor":[66,62,55,55,55,55,49,40,40,35,35,35,24,29,66,11,75,74,74,73,73,73,73,39,39,39,28,65,35,35,27,68,32,89,80,80,60,60,50,59,33,33,33,10,60,49,40,30,80,0],"gold":91,"neow_bonus":"HUNDRED_GOLD","is_prod":false,"is_daily":false,"chose_seed":false,"campfire_upgraded":5,"win_rate":0,"timestamp":1533478515,"path_taken":["M","M","?","$","M","R","M","E","T","M","?","R","?","M","R","BOSS","M","$","M","?","?","R","M","R","T","M","R","E","$","M","R","BOSS","M","$","M","?","M","R","M","$","T","M","R","?","M","M","R","BOSS"],"build_version":"2018-08-02","purchased_purges":3,"victory":false,"max_hp_per_floor":[75,75,75,75,75,75,75,75,75,75,75,75,75,75,75,75,75,75,75,75,75,75,75,75,75,75,75,75,89,89,89,89,89,89,89,89,89,89,89,89,89,89,89,89,89,89,89,89,89,89],"card_choices":[{"not_picked":["Compile Driver","Gash"],"picked":"Coolheaded","floor":1.0},{"not_picked":["Aggregate","Steam","Rebound"],"picked":"SKIP","floor":2.0},{"not_picked":["Conserve Battery","Skim","Leap"],"picked":"SKIP","floor":5.0},{"not_picked":["Streamline","Rainbow"],"picked":"Ball Lightning","floor":7.0},{"not_picked":["Rip and Tear","Barrage"],"picked":"White Noise","floor":8.0},{"not_picked":["Streamline","Reinforced Body","Gash"],"picked":"SKIP","floor":10.0},{"not_picked":["BootSequence","Leap"],"picked":"Cold Snap","floor":11.0},{"not_picked":["Beam Cell","Hyperbeam","Stack"],"picked":"SKIP","floor":14.0},{"not_picked":["Creative AI","Fission"],"picked":"Echo Form","floor":16.0},{"not_picked":["Coolheaded","Beam Cell+1","Rebound"],"picked":"SKIP","floor":18.0},{"not_picked":["Leap","Beam Cell","Heatsinks"],"picked":"SKIP","floor":20.0},{"not_picked":["Beam Cell+1","Aggregate","Heatsinks+1"],"picked":"SKIP","floor":24.0},{"not_picked":["Go for the Eyes","Beam Cell","Compile Driver+1"],"picked":"SKIP","floor":27.0},{"not_picked":["Aggregate","Meteor Strike","Fusion"],"picked":"SKIP","floor":29.0},{"not_picked":["Static Discharge","Rebound"],"picked":"Sunder","floor":31.0},{"not_picked":["Meteor Strike","Buffer"],"picked":"Rainbow","floor":33.0},{"not_picked":["Streamline+1","Reprogram+1","Ball Lightning"],"picked":"SKIP","floor":35.0},{"not_picked":["Stack+1","Doom and Gloom","Aggregate+1"],"picked":"SKIP","floor":37.0},{"not_picked":["Rebound","Sweeping Beam+1","Cold Snap+1"],"picked":"SKIP","floor":39.0},{"not_picked":["Sweeping Beam+1","Tempest+1","Sunder"],"picked":"SKIP","floor":41.0},{"not_picked":["Compile Driver+1","Steam+1","Cold Snap"],"picked":"SKIP","floor":44.0},{"not_picked":["Steam+1","Blizzard","Beam Cell"],"picked":"SKIP","floor":47.0},{"not_picked":["Redo+1","Coolheaded","Recycle"],"picked":"SKIP","floor":48}],"player_experience":409233,"relics_obtained":[{"floor":8.0,"key":"Regal Pillow"},{"floor":9.0,"key":"Letter Opener"},{"floor":26.0,"key":"Centennial Puzzle"},{"floor":29.0,"key":"Mango"},{"floor":43.0,"key":"Dream Catcher"}],"event_choices":[{"event_name":"Golden Wing","player_choice":"Card Removal","floor":3.0,"damage_taken":0.0},{"event_name":"World of Goop","player_choice":"Gather Gold","floor":13.0,"damage_taken":0.0},{"event_name":"Nest","player_choice":"Stole From Cult","floor":21.0,"damage_taken":0.0},{"event_name":"Purifier","player_choice":"One Purge","floor":22.0,"damage_taken":0.0},{"event_name":"Tomb of Lord Red Mask","player_choice":"Paid","floor":38.0,"damage_taken":0.0},{"event_name":"Winding Halls","player_choice":"Embrace Madness","floor":46.0,"damage_taken":0.0}],"is_beta":false,"boss_relics":[{"not_picked":["Velvet Choker","Inserter"],"picked":"Sozu"},{"not_picked":["Tiny House","Coffee Dripper"],"picked":"Eternal Feather"}],"items_purged_floors":[4,19,30],"is_endless":false,"potions_floor_spawned":[2,7,10,14,18,24,27,33,35,41,44],"killed_by":"Time Eater","ascension_level":0}