{"gold_per_floor":[117,117,22,39,39,69,69,97,120,138,151,167,167,202,202,301,301,318,336,261,261,272,272,298,310,310,310,327,359,359,393,393,490,490,504,504,504,183,196,229,229,246,246,279,292,320,338,354,354,354,354,354,185,212,212],"floor_reached":55,"playtime":2160,"items_purged":["Strike_R","Strike_R"],"score":930,"play_id":"d7f3596d-8243-4a34-82b4-248fda15643d","local_time":"20190701225921","is_ascension_mode":true,"campfire_choices":[{"data":"Cleave","floor":7.0,"key":"SMITH"},{"data":"Bash","floor":13.0,"key":"SMITH"},{"data":"Disarm","floor":15.0,"key":"SMITH"},{"floor":23.0,"key":"RECALL"},{"floor":32.0,"key":"REST"},{"floor":41.0,"key":"REST"},{"floor":49.0,"key":"REST"},{"floor":52.0,"key":"REST"}],"neow_cost":"NONE","seed_source_timestamp":36673425036285,"circlet_count":0,"master_deck":["Strike_R","Strike_R+1","Defend_R","Defend_R+1","Defend_R+1","Defend_R","Bash+1","Pommel Strike+1","Metallicize","Warcry","Disarm+1","Cleave+1","Immolate","Reaper","Inflame+1","Shrug It Off","Clothesline+1","Armaments","Demon Form","Flame Barrier","Armaments+1","Double Tap","Flame Barrier+1","Uppercut+1","Offering","Heavy Blade+1","Metallicize+1"],"special_seed":0,"relics":["Burning Blood","NeowsBlessing","CultistMask","Bronze Scales","PreservedInsect","Red Skull","Pear","Fusion Hammer","Bag of Preparation","Oddly Smooth Stone","Champion Belt","Strawberry","Orrery","Frozen Egg 2","Mercury Hourglass","War Paint","Bottled Lightning","Whetstone"],"potions_floor_usage":[55,55],"damage_taken":[{"damage":0.0,"enemies":"Cultist","floor":1.0,"turns":1.0},{"damage":0.0,"enemies":"Jaw Worm","floor":4.0,"turns":1.0},{"damage":0.0,"enemies":"Lagavulin","floor":6.0,"turns":1.0},{"damage":32.0,"enemies":"3 Sentries","floor":8.0,"turns":5.0},{"damage":0.0,"enemies":"2 Louse","floor":10.0,"turns":2.0},{"damage":16.0,"enemies":"Gremlin Gang","floor":11.0,"turns":4.0},{"damage":5.0,"enemies":"Looter","floor":12.0,"turns":3.0},{"damage":13.0,"enemies":"Lagavulin","floor":14.0,"turns":6.0},{"damage":23.0,"enemies":"The Guardian","floor":16.0,"turns":10.0},{"damage":16.0,"enemies":"Spheric Guardian","floor":18.0,"turns":4.0},{"damage":0.0,"enemies":"Chosen","floor":19.0,"turns":3.0},{"damage":19.0,"enemies":"Snake Plant","floor":22.0,"turns":3.0},{"damage":25.0,"enemies":"Book of Stabbing","floor":24.0,"turns":5.0},{"damage":27.0,"enemies":"Sentry and Sphere","floor":25.0,"turns":4.0},{"damage":12.0,"enemies":"3 Cultists","floor":28.0,"turns":4.0},{"damage":0.0,"enemies":"Gremlin Leader","floor":29.0,"turns":6.0},{"damage":7.0,"enemies":"Book of Stabbing","floor":31.0,"turns":5.0},{"damage":63.0,"enemies":"Automaton","floor":33.0,"turns":11.0},{"damage":14.0,"enemies":"3 Darklings","floor":35.0,"turns":7.0},{"damage":2.0,"enemies":"3 Shapes","floor":39.0,"turns":4.0},{"damage":28.0,"enemies":"Giant Head","floor":40.0,"turns":8.0},{"damage":21.0,"enemies":"Writhing Mass","floor":42.0,"turns":8.0},{"damage":30.0,"enemies":"Reptomancer","floor":44.0,"turns":7.0},{"damage":36.0,"enemies":"Maw","floor":45.0,"turns":9.0},{"damage":7.0,"enemies":"Nemesis","floor":46.0,"turns":13.0},{"damage":34.0,"enemies":"Spire Growth","floor":47.0,"turns":5.0},{"damage":41.0,"enemies":"Transient","floor":48.0,"turns":5.0},{"damage":52.0,"enemies":"Awakened One","floor":50.0,"turns":15.0},{"damage":66.0,"enemies":"Shield and Spear","floor":54.0,"turns":6.0},{"damage":46,"enemies":"The Heart","floor":55,"turns":5}],"seed_played":"-3561214082083984280","potions_obtained":[{"floor":4.0,"key":"Strength Potion"},{"floor":8.0,"key":"PowerPotion"},{"floor":12.0,"key":"FearPotion"},{"floor":16.0,"key":"FairyPotion"},{"floor":29.0,"key":"PowerPotion"},{"floor":44.0,"key":"PowerPotion"}],"is_trial":false,"path_per_floor":["M","?","$","M","?","E","R","E","T","M","M","M","R","E","R","B",null,"M","M","?","?","M","R","E","M","T","?","M","E","?","E","R","B",null,"M","?","?","$","M","E","R","M","T","E","M","E","M","M","R","B",null,"R","$","E","B"],"character_chosen":"IRONCLAD","items_purchased":["Metallicize","Warcry","Frozen Egg 2","Metallicize+1"],"campfire_rested":4,"item_purchase_floors":[3,3,38,53],"current_hp_per_floor":[80,80,80,80,80,80,80,54,54,60,50,51,51,54,54,37,90,80,86,86,86,73,73,64,47,47,47,65,71,71,77,97,40,97,96,96,96,96,97,97,97,82,82,82,52,77,49,26,55,29,97,97,97,46,0],"gold":212,"neow_bonus":"THREE_ENEMY_KILL","is_prod":false,"is_daily":false,"chose_seed":false,"campfire_upgraded":3,"win_rate":0,"timestamp":1562011161,"path_taken":["M","?","$","M","?","E","R","E","T","M","?","M","R","E","R","BOSS","M","?","?","?","M","R","E","?","T","?","M","E","?","E","R","BOSS","M","?","?","$","M","E","R","M","T","E","?","E","M","M","R","BOSS","R","$","E","BOSS"],"build_version":"2019-01-23","purchased_purges":2,"victory":false,"max_hp_per_floor":[80,80,80,80,80,80,80,80,80,80,80,80,80,90,90,90,90,90,90,90,90,90,90,90,90,90,90,90,90,90,97,97,97,97,97,97,97,97,97,97,97,97,97,97,97,97,97,97,97,97,97,97,97,97,97],"card_choices":[{"not_picked":["Blood for Blood","Twin Strike"],"picked":"Pommel Strike","floor":1.0},{"not_picked":["Carnage","Rage"],"picked":"Disarm","floor":4.0},{"not_picked":["Thunderclap","Heavy Blade"],"picked":"Cleave","floor":6.0},{"not_picked":["Whirlwind","Pummel","Sword Boomerang"],"picked":"SKIP","floor":8.0},{"not_picked":["Clothesline","Thunderclap","Whirlwind"],"picked":"SKIP","floor":10.0},{"not_picked":["Thunderclap","Heavy Blade","Pommel Strike"],"picked":"SKIP","floor":11.0},{"not_picked":["Burning Pact","Cleave"],"picked":"Headbutt","floor":12.0},{"not_picked":["Uppercut","Clothesline"],"picked":"Immolate","floor":14.0},{"not_picked":["Juggernaut","Immolate"],"picked":"Reaper","floor":16.0},{"not_picked":["Ghostly Armor","Headbutt+1"],"picked":"Inflame+1","floor":18.0},{"not_picked":["Warcry","Twin Strike","Flex"],"picked":"SKIP","floor":19.0},{"not_picked":["Havoc+1","Infernal Blade"],"picked":"Shrug It Off","floor":22.0},{"not_picked":["Shrug It Off","Flex+1"],"picked":"Clothesline+1","floor":24.0},{"not_picked":["Thunderclap+1","Blood for Blood","Immolate"],"picked":"SKIP","floor":25.0},{"not_picked":["Dropkick","Cleave","Clothesline"],"picked":"SKIP","floor":28.0},{"not_picked":["Rupture","Impervious"],"picked":"Demon Form","floor":29.0},{"not_picked":["Thunderclap","Shrug It Off+1"],"picked":"Flame Barrier","floor":31.0},{"not_picked":["Power Through","Sword Boomerang"],"picked":"Armaments","floor":34.0},{"not_picked":["Cleave","Feel No Pain"],"picked":"Double Tap","floor":34.0},{"not_picked":["Flex","True Grit","Rage+1"],"picked":"SKIP","floor":35.0},{"not_picked":["Impervious","Havoc"],"picked":"Flame Barrier+1","floor":39.0},{"not_picked":["Carnage","Anger+1","Ghostly Armor+1"],"picked":"SKIP","floor":40.0},{"not_picked":["Fire Breathing+1","Sword Boomerang+1","Feel No Pain+1"],"picked":"SKIP","floor":42.0},{"not_picked":["Heavy Blade+1","Wild Strike"],"picked":"Uppercut+1","floor":44.0},{"not_picked":["Perfected Strike+1","Clash+1","Anger"],"picked":"SKIP","floor":45.0},{"not_picked":["Dropkick+1","Rupture+1"],"picked":"Offering","floor":46.0},{"not_picked":["Clash","Perfected Strike","Combust+1"],"picked":"SKIP","floor":47.0},{"not_picked":["Iron Wave+1","Heavy Blade+1","Sword Boomerang+1"],"picked":"SKIP","floor":48.0},{"not_picked":["Iron Wave+1","Sword Boomerang+1"],"picked":"Heavy Blade+1","floor":48.0},{"not_picked":["Thunderclap","Havoc+1","Flame Barrier"],"picked":"SKIP","floor":54.0}],"player_experience":1036548,"relics_obtained":[{"floor":6.0,"key":"Bronze Scales"},{"floor":8.0,"key":"PreservedInsect"},{"floor":9.0,"key":"Red Skull"},{"floor":14.0,"key":"Pear"},{"floor":24.0,"key":"Bag of Preparation"},{"floor":26.0,"key":"Oddly Smooth Stone"},{"floor":29.0,"key":"Champion Belt"},{"floor":31.0,"key":"Strawberry"},{"floor":40.0,"key":"Mercury Hourglass"},{"floor":44.0,"key":"War Paint"},{"floor":46.0,"key":"Bottled Lightning"},{"floor":54.0,"key":"Whetstone"}],"event_choices":[{"damage_healed":0.0,"max_hp_gain":0.0,"max_hp_loss":0.0,"gold_gain":0.0,"event_name":"The Cleric","player_choice":"Leave","floor":2.0,"gold_loss":0.0,"damage_taken":0.0},{"damage_healed":0.0,"max_hp_gain":0.0,"max_hp_loss":0.0,"gold_gain":0.0,"event_name":"FaceTrader","player_choice":"Trade","floor":5.0,"gold_loss":0.0,"damage_taken":0.0,"relics_obtained":["CultistMask"]},{"cards_removed":["Strike_R"],"damage_healed":0.0,"max_hp_gain":0.0,"max_hp_loss":0.0,"gold_gain":0.0,"event_name":"Beggar","player_choice":"Gave Gold","floor":20.0,"gold_loss":75.0,"damage_taken":0.0},{"damage_healed":0.0,"max_hp_gain":0.0,"max_hp_loss":0.0,"gold_gain":0.0,"event_name":"The Woman in Blue","player_choice":"Bought 0 Potions","floor":21.0,"gold_loss":0.0,"damage_taken":0.0},{"damage_healed":0.0,"max_hp_gain":0.0,"max_hp_loss":0.0,"gold_gain":0.0,"event_name":"The Library","player_choice":"Read","floor":27.0,"gold_loss":0.0,"damage_taken":0.0,"cards_obtained":["Armaments"]},{"damage_healed":0.0,"max_hp_gain":0.0,"max_hp_loss":0.0,"gold_gain":0.0,"event_name":"NoteForYourself","player_choice":"Ignored","floor":30.0,"gold_loss":0.0,"damage_taken":0.0},{"cards_removed":["Headbutt"],"damage_healed":0.0,"max_hp_gain":0.0,"max_hp_loss":0.0,"gold_gain":0.0,"event_name":"Falling","player_choice":"Removed Attack","floor":36.0,"gold_loss":0.0,"damage_taken":0.0},{"damage_healed":0.0,"max_hp_gain":0.0,"max_hp_loss":0.0,"gold_gain":0.0,"event_name":"Accursed Blacksmith","player_choice":"Forge","floor":37.0,"gold_loss":0.0,"damage_taken":0.0,"cards_upgraded":["Armaments"]}],"is_beta":false,"boss_relics":[{"not_picked":["Eternal Feather","Mark of Pain"],"picked":"Fusion Hammer"},{"not_picked":["Cursed Key","Lizard Tail"],"picked":"Orrery"}],"items_purged_floors":[38,53],"is_endless":false,"potions_floor_spawned":[4,8,12,14,16,18,22,29,31,35,40,44,45],"killed_by":"The Heart","ascension_level":1}