{"gold_per_floor":[119,74,74,37,37,37,53,68,123,123,136,170,170,181,181,283,283,298,8,24,24,38,38,54,54,80,80,80,27,27,56,56,56],"floor_reached":33,"playtime":1416,"items_purged":["Strike_G"],"score":420,"play_id":"5c8c86ff-1a1b-4210-9688-d3a4fcdb5134","local_time":"20190104144621","is_ascension_mode":true,"campfire_choices":[{"data":"Neutralize","floor":6,"key":"SMITH"},{"data":"Deadly Poison","floor":10,"key":"SMITH"},{"data":"Caltrops","floor":13,"key":"SMITH"},{"data":"Backflip","floor":15,"key":"SMITH"},{"floor":23,"key":"REST"},{"floor":27,"key":"REST"},{"data":"Footwork","floor":30,"key":"SMITH"},{"data":"Envenom","floor":32,"key":"SMITH"}],"neow_cost":"NONE","seed_source_timestamp":4524177228718,"circlet_count":0,"master_deck":["AscendersBane","Defend_G+1","Defend_G+1","Defend_G+1","Defend_G+1","Defend_G+1","Strike_G+1","Strike_G+1","Strike_G+1","Survivor","Neutralize+1","Endless Agony","Caltrops+1","Deadly Poison+1","Backstab+1","Backflip+1","Blur","Backstab","Flying Knee","Sucker Punch","Envenom+1","Leg Sweep","Well Laid Plans","Footwork+1","PiercingWail"],"relics":["Ring of the Snake","Tiny Chest","Regal Pillow","Black Star","Anchor","Art of War","Darkstone Periapt","Pear"],"potions_floor_usage":[12,22,22,31,33,33],"damage_taken":[{"damage":0,"enemies":"Small Slimes","floor":1,"turns":4},{"damage":0,"enemies":"Jaw Worm","floor":7,"turns":3},{"damage":0,"enemies":"Cultist","floor":8,"turns":3},{"damage":1,"enemies":"Lots of Slimes","floor":11,"turns":6},{"damage":5,"enemies":"Gremlin Nob","floor":12,"turns":3},{"damage":0,"enemies":"Blue Slaver","floor":14,"turns":3},{"damage":53,"enemies":"Slime Boss","floor":16,"turns":16},{"damage":6,"enemies":"Shell Parasite","floor":18,"turns":5},{"damage":17,"enemies":"Chosen","floor":20,"turns":6},{"damage":12,"enemies":"Snecko","floor":22,"turns":7},{"damage":6,"enemies":"Shelled Parasite and Fungi","floor":24,"turns":7},{"damage":37,"enemies":"Gremlin Leader","floor":31,"turns":12},{"damage":52,"enemies":"Automaton","floor":33,"turns":8}],"seed_played":"8749656221227920254","potions_obtained":[{"floor":1,"key":"AttackPotion"},{"floor":11,"key":"Swift Potion"},{"floor":12,"key":"FearPotion"},{"floor":14,"key":"GamblersBrew"},{"floor":18,"key":"Fire Potion"},{"floor":24,"key":"Fire Potion"},{"floor":31,"key":"Explosive Potion"}],"is_trial":false,"path_per_floor":["M","$","?","$","?","R","M","M","T","R","M","E","R","M","R","B",null,"M","$","M","?","M","R","M","?","T","R","?","$","R","E","R","B"],"character_chosen":"THE_SILENT","items_purchased":["Deadly Poison","Backstab","Well Laid Plans","Anchor","PiercingWail"],"campfire_rested":2,"item_purchase_floors":[2,4,19,19,29],"current_hp_per_floor":[63,63,63,63,63,63,63,63,63,63,62,57,57,57,57,4,54,48,48,31,18,6,43,37,37,37,74,74,74,74,47,47,0],"gold":56,"neow_bonus":"TRANSFORM_CARD","is_prod":false,"is_daily":false,"chose_seed":false,"campfire_upgraded":6,"win_rate":0,"timestamp":1546602381,"path_taken":["M","$","?","$","?","R","?","M","T","R","M","E","R","M","R","BOSS","M","$","?","?","M","R","M","?","T","R","?","?","R","E","R","BOSS"],"build_version":"2019-01-03v3","purchased_purges":1,"victory":false,"max_hp_per_floor":[70,70,70,70,70,70,70,70,70,70,70,70,70,70,70,70,70,70,70,70,75,75,75,75,75,75,75,75,75,75,85,85,85],"card_choices":[{"not_picked":["Concentrate","Catalyst"],"picked":"Caltrops","floor":1},{"not_picked":["Quick Slash","Choke"],"picked":"Backflip","floor":7},{"not_picked":["Outmaneuver","Flying Knee"],"picked":"Blur","floor":8},{"not_picked":["Underhanded Strike","Predator"],"picked":"Backstab","floor":11},{"not_picked":["Flying Knee","Outmaneuver","Underhanded Strike"],"picked":"SKIP","floor":12},{"not_picked":["Outmaneuver","Underhanded Strike"],"picked":"Flying Knee","floor":12},{"not_picked":["Outmaneuver","Accuracy"],"picked":"Sucker Punch","floor":14},{"not_picked":["Doppelganger","Glass Knife"],"picked":"Envenom","floor":16},{"not_picked":["Finisher+1","Cloak And Dagger"],"picked":"Leg Sweep","floor":18},{"not_picked":["Terror+1","Setup"],"picked":"Footwork","floor":20},{"not_picked":["Cloak And Dagger","Slice","Infinite Blades"],"picked":"SKIP","floor":22},{"not_picked":["Dagger Spray","Well Laid Plans","Flechettes"],"picked":"SKIP","floor":24},{"not_picked":["Deadly Poison","Prepared","Bane+1"],"picked":"SKIP","floor":31}],"player_experience":650848,"relics_obtained":[{"floor":9,"key":"Tiny Chest"},{"floor":12,"key":"Regal Pillow"},{"floor":26,"key":"Art of War"},{"floor":31,"key":"Darkstone Periapt"},{"floor":31,"key":"Pear"}],"event_choices":[{"damage_healed":0,"gold_gain":0,"player_choice":"Ignored","damage_taken":0,"max_hp_gain":0,"max_hp_loss":0,"event_name":"Golden Idol","floor":3,"gold_loss":0},{"damage_healed":0,"gold_gain":0,"player_choice":"Upgraded","damage_taken":0,"max_hp_gain":0,"max_hp_loss":0,"event_name":"Upgrade Shrine","floor":5,"gold_loss":0,"cards_upgraded":["Backstab"]},{"damage_healed":0,"gold_gain":0,"player_choice":"Shed Blood","damage_taken":18,"max_hp_gain":5,"max_hp_loss":0,"event_name":"Forgotten Altar","floor":21,"gold_loss":0},{"damage_healed":0,"gold_gain":0,"player_choice":"Ignored","damage_taken":0,"max_hp_gain":0,"max_hp_loss":0,"event_name":"The Mausoleum","floor":25,"gold_loss":0},{"damage_healed":0,"gold_gain":0,"player_choice":"Simplicity","damage_taken":0,"max_hp_gain":0,"max_hp_loss":0,"event_name":"Back to Basics","floor":28,"gold_loss":0,"cards_upgraded":["Defend_G","Defend_G","Defend_G","Defend_G","Defend_G","Strike_G","Strike_G","Strike_G"]}],"is_beta":false,"boss_relics":[{"not_picked":["Calling Bell","Coffee Dripper"],"picked":"Black Star"}],"items_purged_floors":[19],"is_endless":false,"potions_floor_spawned":[1,11,12,14,18,24,31],"killed_by":"Automaton","ascension_level":10}