{"gold_per_floor":[116,116,132,144,157,157,168,118,118,37,37,37,70,70,70,173,173,185,185,185],"floor_reached":20,"playtime":958,"items_purged":[],"score":241,"play_id":"b76ead1e-6b82-4066-a5b4-42fdf5f74b09","local_time":"20190103025638","is_ascension_mode":true,"campfire_choices":[{"data":"Skewer","floor":6,"key":"SMITH"},{"floor":12,"key":"REST"},{"data":"Noxious Fumes","floor":15,"key":"SMITH"}],"neow_cost":"NONE","seed_source_timestamp":50043466242561,"circlet_count":0,"master_deck":["Defend_G","Defend_G","Defend_G","Defend_G","Defend_G","Strike_G","Strike_G","Strike_G","Strike_G","Strike_G","Survivor","Neutralize","Parasite","Skewer+1","Crippling Poison","Sucker Punch","Noxious Fumes+1","Deflect","Night Terror"],"relics":["Calling Bell","Potion Belt","Ornamental Fan","Calipers","Mummified Hand","Matryoshka","Lantern","Pen Nib","Eternal Feather"],"potions_floor_usage":[13,19,19,19,20],"damage_taken":[{"damage":10,"enemies":"Jaw Worm","floor":1,"turns":6},{"damage":10,"enemies":"Cultist","floor":3,"turns":5},{"damage":5,"enemies":"2 Louse","floor":4,"turns":3},{"damage":0,"enemies":"2 Fungi Beasts","floor":5,"turns":3},{"damage":3,"enemies":"Looter","floor":7,"turns":4},{"damage":14,"enemies":"3 Sentries","floor":13,"turns":7},{"damage":34,"enemies":"The Guardian","floor":16,"turns":11},{"damage":43,"enemies":"Chosen","floor":18,"turns":7},{"damage":18,"enemies":"Colosseum Slavers","floor":19,"turns":8},{"damage":20,"enemies":"3 Byrds","floor":20,"turns":4}],"seed_played":"1953042625295427033","potions_obtained":[{"floor":3,"key":"GhostInAJar"},{"floor":4,"key":"Regen Potion"},{"floor":5,"key":"SkillPotion"},{"floor":13,"key":"Regen Potion"},{"floor":18,"key":"Fire Potion"}],"is_trial":false,"path_per_floor":["M","?","M","M","M","R","M","?","T","$","?","R","E","?","R","B",null,"M","?","M"],"character_chosen":"THE_SILENT","items_purchased":["Noxious Fumes"],"campfire_rested":1,"item_purchase_floors":[10],"current_hp_per_floor":[53,53,43,38,38,38,35,35,35,35,35,56,57,45,45,11,55,12,9,0],"gold":185,"neow_bonus":"BOSS_RELIC","is_prod":false,"is_daily":false,"chose_seed":false,"campfire_upgraded":2,"win_rate":0,"timestamp":1546473398,"path_taken":["M","?","M","?","M","R","M","?","T","$","?","R","E","?","R","BOSS","M","?","M"],"build_version":"2018-12-20","purchased_purges":0,"victory":false,"max_hp_per_floor":[70,70,70,70,70,70,70,70,70,70,70,70,70,70,70,70,70,70,70,70],"card_choices":[{"not_picked":["Backflip","Prepared"],"picked":"Skewer","floor":1},{"not_picked":["Choke","Dagger Throw","Bane"],"picked":"SKIP","floor":3},{"not_picked":["Dodge and Roll","Dagger Throw"],"picked":"Crippling Poison","floor":4},{"not_picked":["Distraction","Concentrate","Masterful Stab"],"picked":"SKIP","floor":5},{"not_picked":["Underhanded Strike","Storm of Steel"],"picked":"Sucker Punch","floor":7},{"not_picked":["Prepared","PiercingWail"],"picked":"Deflect","floor":13},{"not_picked":["Die Die Die","Burst"],"picked":"Night Terror","floor":16},{"not_picked":["Sucker Punch","Flying Knee+1","Underhanded Strike+1"],"picked":"SKIP","floor":18}],"player_experience":643359,"relics_obtained":[{"floor":0,"key":"Potion Belt"},{"floor":0,"key":"Ornamental Fan"},{"floor":0,"key":"Calipers"},{"floor":9,"key":"Mummified Hand"},{"floor":13,"key":"Lantern"}],"event_choices":[{"cards_removed":["Shame"],"damage_healed":0,"gold_gain":0,"player_choice":"Purged","damage_taken":0,"max_hp_gain":0,"max_hp_loss":0,"event_name":"Purifier","floor":2,"gold_loss":0},{"cards_removed":["Writhe"],"damage_healed":0,"gold_gain":0,"player_choice":"Card Removal","damage_taken":0,"max_hp_gain":0,"max_hp_loss":0,"event_name":"The Cleric","floor":8,"gold_loss":50},{"damage_healed":0,"gold_gain":0,"player_choice":"Searched \u00271\u0027 times","damage_taken":0,"relics_obtained":["Matryoshka"],"max_hp_gain":0,"max_hp_loss":0,"event_name":"Dead Adventurer","floor":11,"gold_loss":0},{"damage_healed":0,"gold_gain":0,"player_choice":"Success","damage_taken":12,"relics_obtained":["Pen Nib"],"max_hp_gain":0,"max_hp_loss":0,"event_name":"Scrap Ooze","floor":14,"gold_loss":0},{"damage_healed":0,"gold_gain":0,"player_choice":"Fight","damage_taken":0,"max_hp_gain":0,"max_hp_loss":0,"event_name":"Colosseum","floor":19,"gold_loss":0},{"damage_healed":0,"gold_gain":0,"player_choice":"Fled From Nobs","damage_taken":0,"max_hp_gain":0,"max_hp_loss":0,"event_name":"Colosseum","floor":19,"gold_loss":0}],"is_beta":false,"boss_relics":[{"not_picked":["Black Star","Runic Dome"],"picked":"Eternal Feather"}],"items_purged_floors":[],"is_endless":false,"potions_floor_spawned":[3,4,5,13,18,19],"killed_by":"3 Byrds","ascension_level":8}