{"gold_per_floor":[117,129,129,48,48,48,67,67,67,67,99,28,28,59,59,161,161,175,195,212,222,237,237,237,237,237,254,254,254,74,74,74,169,169,188,288,388,400,418,418,437,437,492,133,165,114,126],"floor_reached":47,"playtime":2619,"items_purged":["Strike_R"],"score":738,"play_id":"909c0219-6a2a-4151-b551-5499bbc2fc52","local_time":"20190602180148","is_ascension_mode":true,"campfire_choices":[{"data":"Immolate","floor":6.0,"key":"SMITH"},{"data":"Armaments","floor":10.0,"key":"SMITH"},{"data":"Inflame","floor":15.0,"key":"SMITH"},{"data":"Double Tap","floor":23.0,"key":"SMITH"},{"data":"Bandage Up","floor":25.0,"key":"SMITH"},{"floor":29.0,"key":"REST"},{"data":"Metallicize","floor":32.0,"key":"SMITH"},{"data":"Limit Break","floor":40.0,"key":"SMITH"},{"data":"True Grit","floor":42.0,"key":"SMITH"}],"neow_cost":"NONE","seed_source_timestamp":348228854308856,"circlet_count":0,"master_deck":["AscendersBane","Bash","Rampage","Headbutt","Carnage","Bandage Up+1","Immolate+1","Armaments+1","Berserk+1","Inflame+1","Offering","Double Tap+1","Rage","Power Through","Shrug It Off","Ghostly Armor","Shrug It Off","Offering","Seeing Red","Metallicize+1","Limit Break+1","Shrug It Off","Offering","Infernal Blade","Combust","Evolve","Wild Strike","Iron Wave","True Grit+1","Shockwave","Reckless Charge","Feel No Pain","Bandage Up+1","Rage+1"],"special_seed":0,"relics":["Burning Blood","Pear","Lantern","Sundial","Sozu","Mercury Hourglass","Pandora\u0027s Box","Pocketwatch","Ancient Tea Set","DollysMirror","Blue Candle","MawBank"],"potions_floor_usage":[],"damage_taken":[{"damage":12.0,"enemies":"2 Louse","floor":1.0,"turns":3.0},{"damage":13.0,"enemies":"Jaw Worm","floor":2.0,"turns":4.0},{"damage":0.0,"enemies":"Small Slimes","floor":7.0,"turns":1.0},{"damage":30.0,"enemies":"Lagavulin","floor":11.0,"turns":6.0},{"damage":25.0,"enemies":"3 Sentries","floor":14.0,"turns":3.0},{"damage":45.0,"enemies":"The Guardian","floor":16.0,"turns":8.0},{"damage":11.0,"enemies":"Spheric Guardian","floor":18.0,"turns":3.0},{"damage":42.0,"enemies":"3 Byrds","floor":19.0,"turns":5.0},{"damage":12.0,"enemies":"Cultist and Chosen","floor":20.0,"turns":3.0},{"damage":6.0,"enemies":"3 Cultists","floor":21.0,"turns":3.0},{"damage":4.0,"enemies":"Snake Plant","floor":22.0,"turns":2.0},{"damage":15.0,"enemies":"Centurion and Healer","floor":27.0,"turns":6.0},{"damage":65.0,"enemies":"Automaton","floor":33.0,"turns":11.0},{"damage":30.0,"enemies":"3 Darklings","floor":35.0,"turns":4.0},{"damage":17.0,"enemies":"Mind Bloom Boss Battle","floor":36.0,"turns":9.0},{"damage":1.0,"enemies":"3 Shapes","floor":38.0,"turns":3.0},{"damage":22.0,"enemies":"Jaw Worm Horde","floor":39.0,"turns":2.0},{"damage":6.0,"enemies":"Sphere and 2 Shapes","floor":41.0,"turns":4.0},{"damage":42.0,"enemies":"Nemesis","floor":45.0,"turns":9.0},{"damage":38,"enemies":"Maw","floor":47,"turns":4}],"seed_played":"5506934433780529022","potions_obtained":[{"floor":7.0,"key":"SteroidPotion"},{"floor":11.0,"key":"BloodPotion"}],"is_trial":false,"path_per_floor":["M","M","?","$","?","R","M","?","T","R","E","$","?","E","R","B",null,"M","M","M","M","M","R","?","R","T","M","?","R","$","?","R","B",null,"M","?","?","M","M","R","M","R","T","$","E","?","M"],"character_chosen":"IRONCLAD","items_purchased":["Bandage Up","Inflame","Seeing Red","Metallicize","Reckless Charge","Feel No Pain","DollysMirror"],"campfire_rested":1,"item_purchase_floors":[4,12,30,30,44,44,44],"current_hp_per_floor":[66,59,52,52,52,52,62,62,72,72,52,52,52,46,46,13,71,70,38,36,40,42,42,42,42,42,39,39,66,66,66,66,13,71,53,48,48,59,43,43,49,49,49,49,25,25,0],"gold":126,"neow_bonus":"THREE_CARDS","is_prod":false,"is_daily":false,"chose_seed":false,"campfire_upgraded":8,"win_rate":0,"timestamp":1559491308,"path_taken":["M","M","?","$","?","R","M","?","T","R","E","?","?","E","R","BOSS","M","?","M","M","M","R","?","R","T","M","?","R","$","?","R","BOSS","M","?","?","?","?","R","M","R","T","$","E","?","M"],"build_version":"2019-01-23","purchased_purges":1,"victory":false,"max_hp_per_floor":[80,80,80,80,80,80,80,80,90,90,90,90,90,90,90,90,90,90,90,90,90,90,90,90,90,90,90,90,90,90,90,90,90,90,90,90,90,90,90,90,90,90,90,90,90,90,90],"card_choices":[{"not_picked":["Iron Wave","Perfected Strike"],"picked":"Rampage","floor":0.0},{"not_picked":["Armaments","Iron Wave"],"picked":"Headbutt","floor":1.0},{"not_picked":["Warcry","Pommel Strike"],"picked":"Carnage","floor":2.0},{"not_picked":["Body Slam","Perfected Strike"],"picked":"Armaments","floor":7.0},{"not_picked":["Infernal Blade","Pummel"],"picked":"Berserk","floor":11.0},{"not_picked":["Flex","Dropkick"],"picked":"Offering","floor":14.0},{"not_picked":["Impervious","Fiend Fire"],"picked":"Double Tap","floor":16.0},{"not_picked":["Iron Wave","Hemokinesis"],"picked":"Rage","floor":18.0},{"not_picked":["Heavy Blade","Warcry"],"picked":"Power Through","floor":19.0},{"not_picked":["Uppercut","Armaments"],"picked":"Shrug It Off","floor":20.0},{"not_picked":["Armaments","Reckless Charge"],"picked":"Ghostly Armor","floor":21.0},{"not_picked":["Infernal Blade","Anger"],"picked":"Shrug It Off","floor":22.0},{"not_picked":["Clash","Sever Soul"],"picked":"Offering","floor":27.0},{"not_picked":["Dark Embrace","Juggernaut"],"picked":"Limit Break","floor":33.0},{"not_picked":["Heavy Blade","Sentinel","Carnage"],"picked":"SKIP","floor":35.0},{"not_picked":["Body Slam","Warcry"],"picked":"Iron Wave","floor":36.0},{"not_picked":["Anger","Warcry"],"picked":"True Grit","floor":38.0},{"not_picked":["Pummel","Rage"],"picked":"Shockwave","floor":39.0},{"not_picked":["Sword Boomerang","Armaments","Pommel Strike+1"],"picked":"SKIP","floor":41.0},{"not_picked":["Combust","Rampage"],"picked":"Rage+1","floor":45.0}],"player_experience":357064,"relics_obtained":[{"floor":9.0,"key":"Pear"},{"floor":11.0,"key":"Lantern"},{"floor":14.0,"key":"Sundial"},{"floor":26.0,"key":"Mercury Hourglass"},{"floor":36.0,"key":"Pocketwatch"},{"floor":43.0,"key":"Ancient Tea Set"},{"floor":45.0,"key":"Blue Candle"}],"event_choices":[{"cards_removed":["Strike_R"],"damage_healed":0.0,"max_hp_gain":0.0,"max_hp_loss":0.0,"gold_gain":0.0,"event_name":"Golden Wing","player_choice":"Card Removal","floor":3.0,"gold_loss":0.0,"damage_taken":7.0},{"damage_healed":0.0,"max_hp_gain":0.0,"max_hp_loss":0.0,"gold_gain":0.0,"cards_transformed":["Defend_R"],"event_name":"Living Wall","player_choice":"Change","floor":5.0,"gold_loss":0.0,"damage_taken":0.0,"cards_obtained":["Immolate"]},{"damage_healed":0.0,"max_hp_gain":0.0,"max_hp_loss":0.0,"gold_gain":0.0,"event_name":"Liars Game","player_choice":"Ignored","floor":8.0,"gold_loss":0.0,"damage_taken":0.0},{"damage_healed":0.0,"max_hp_gain":0.0,"max_hp_loss":0.0,"gold_gain":0.0,"event_name":"Accursed Blacksmith","player_choice":"Forge","floor":13.0,"gold_loss":0.0,"damage_taken":0.0,"cards_upgraded":["Berserk"]},{"damage_healed":0.0,"max_hp_gain":0.0,"max_hp_loss":0.0,"gold_gain":0.0,"event_name":"Cursed Tome","player_choice":"Ignored","floor":24.0,"gold_loss":0.0,"damage_taken":0.0},{"damage_healed":0.0,"max_hp_gain":0.0,"max_hp_loss":0.0,"gold_gain":0.0,"event_name":"Ghosts","player_choice":"Ignored","floor":28.0,"gold_loss":0.0,"damage_taken":0.0},{"damage_healed":0.0,"max_hp_gain":0.0,"max_hp_loss":0.0,"gold_gain":0.0,"event_name":"MindBloom","player_choice":"Fight","floor":36.0,"gold_loss":0.0,"damage_taken":0.0},{"damage_healed":0.0,"max_hp_gain":0.0,"max_hp_loss":0.0,"gold_gain":100.0,"event_name":"Golden Shrine","player_choice":"Pray","floor":37.0,"gold_loss":0.0,"damage_taken":0.0},{"damage_healed":0.0,"max_hp_gain":0.0,"max_hp_loss":0.0,"gold_gain":0.0,"event_name":"WeMeetAgain","player_choice":"Paid Gold","floor":46.0,"gold_loss":51.0,"damage_taken":0.0,"relics_obtained":["MawBank"]}],"is_beta":false,"boss_relics":[{"not_picked":["Runic Cube","Philosopher\u0027s Stone"],"picked":"Sozu"},{"not_picked":["Cursed Key","Runic Pyramid"],"picked":"Pandora\u0027s Box"}],"items_purged_floors":[30],"is_endless":false,"potions_floor_spawned":[7,11,19,27,33,41],"killed_by":"Maw","ascension_level":12}