{"gold_per_floor":[115,115,125,140,65,65,65,65,65,91,110,10,35,48,48,48],"floor_reached":16,"playtime":757,"items_purged":["Strike_R","Injury"],"score":130,"play_id":"bf7ea13d-85c2-4aca-97ed-5fb7f6c60092","local_time":"20181119194023","is_ascension_mode":true,"campfire_choices":[{"data":"Dark Embrace","floor":6,"key":"SMITH"},{"floor":15,"key":"REST"}],"neow_cost":"NONE","seed_source_timestamp":20280142591342,"circlet_count":0,"master_deck":["Strike_R","Strike_R","Strike_R","Defend_R","Defend_R","Defend_R","Bash","Intimidate","Flex","Dark Embrace+1","Corruption","Rupture","Rage"],"relics":["Cursed Key","Omamori","Mercury Hourglass","Bag of Marbles","Odd Mushroom"],"potions_floor_usage":[10,10,16],"damage_taken":[{"damage":0,"enemies":"2 Louse","floor":1,"turns":2},{"damage":0,"enemies":"Cultist","floor":3,"turns":3},{"damage":4,"enemies":"Jaw Worm","floor":4,"turns":2},{"damage":37,"enemies":"3 Sentries","floor":10,"turns":5},{"damage":7,"enemies":"Looter","floor":11,"turns":3},{"damage":6,"enemies":"The Mushroom Lair","floor":13,"turns":4},{"damage":2,"enemies":"2 Fungi Beasts","floor":14,"turns":4},{"damage":43,"enemies":"The Guardian","floor":16,"turns":7}],"seed_played":"5542339021299517316","potions_obtained":[{"floor":1,"key":"BloodPotion"},{"floor":3,"key":"Poison Potion"},{"floor":14,"key":"Swift Potion"}],"is_trial":false,"path_per_floor":["M","?","M","M","$","R","?","T","T","E","M","$","?","M","R","B"],"character_chosen":"IRONCLAD","items_purchased":[],"campfire_rested":1,"item_purchase_floors":[],"current_hp_per_floor":[72,72,72,68,68,68,61,61,61,32,25,25,19,17,41,0],"gold":48,"neow_bonus":"BOSS_RELIC","is_prod":false,"is_daily":false,"chose_seed":false,"campfire_upgraded":1,"win_rate":0,"timestamp":1542685223,"path_taken":["M","?","M","?","$","R","?","?","T","E","M","$","?","M","R","BOSS"],"build_version":"2018-11-15","purchased_purges":2,"victory":false,"max_hp_per_floor":[80,80,80,80,80,80,80,80,80,80,80,80,80,80,80,80],"card_choices":[{"not_picked":["Heavy Blade","Perfected Strike"],"picked":"Intimidate","floor":1},{"not_picked":["Wild Strike","Sword Boomerang","Perfected Strike"],"picked":"SKIP","floor":3},{"not_picked":["Flex","Sword Boomerang"],"picked":"Dark Embrace","floor":4},{"not_picked":["Ghostly Armor","Twin Strike"],"picked":"Corruption","floor":10},{"not_picked":["Hemokinesis","Anger"],"picked":"Rupture","floor":11},{"not_picked":["Spot Weakness","Battle Trance"],"picked":"Rage","floor":14}],"player_experience":444788,"relics_obtained":[{"floor":8,"key":"Omamori"},{"floor":9,"key":"Mercury Hourglass"},{"floor":10,"key":"Bag of Marbles"},{"floor":13,"key":"Odd Mushroom"}],"event_choices":[{"damage_healed":0,"gold_gain":0,"cards_transformed":["Strike_R"],"player_choice":"Transformed","damage_taken":0,"max_hp_gain":0,"max_hp_loss":0,"event_name":"Transmorgrifier","floor":2,"gold_loss":0,"cards_obtained":["Flex"]},{"cards_removed":["Defend_R"],"damage_healed":0,"gold_gain":0,"player_choice":"Card Removal","damage_taken":7,"max_hp_gain":0,"max_hp_loss":0,"event_name":"Golden Wing","floor":7,"gold_loss":0},{"damage_healed":0,"gold_gain":0,"player_choice":"Fought Mushrooms","damage_taken":0,"max_hp_gain":0,"max_hp_loss":0,"event_name":"Mushrooms","floor":13,"gold_loss":0}],"is_beta":false,"boss_relics":[],"items_purged_floors":[5,12],"is_endless":false,"potions_floor_spawned":[1,3,14],"killed_by":"The Guardian","ascension_level":6}