{"gold_per_floor":[114,132,150,1,1,1,34,34,34,34,49,69,120,134,134,229,229,239,259,80,98,116,116,149,149,204,231,248,259,134,149,149,246,246,256,276,126,137,137,137,156,156,156,210,210,229,239,0,0,0],"floor_reached":51,"playtime":3899,"items_purged":["Strike_G","Strike_G","Strike_G","Noxious Fumes"],"score":643,"play_id":"5d12784f-7ebf-4226-adeb-0166aa9a41f4","local_time":"20190228233028","is_ascension_mode":false,"campfire_choices":[{"data":"Cloak And Dagger","floor":6,"key":"SMITH"},{"data":"Cloak And Dagger","floor":8,"key":"SMITH"},{"data":"Footwork","floor":15,"key":"SMITH"},{"data":"Accuracy","floor":23,"key":"SMITH"},{"data":"Blade Dance","floor":25,"key":"SMITH"},{"floor":32,"key":"REST"},{"data":"Terror","floor":40,"key":"SMITH"},{"floor":42,"key":"REST"},{"floor":49,"key":"REST"}],"neow_cost":"NONE","seed_source_timestamp":45490833205242,"circlet_count":0,"master_deck":["Survivor","Neutralize","Infinite Blades","Cloak And Dagger+1","Blur","Cloak And Dagger+1","Flying Knee","All Out Attack","Footwork+1","After Image","Blade Dance+1","Accuracy+1","Blade Dance+1","Envenom","Prepared","Glass Knife","Reflex","Noxious Fumes","Unload","Grand Finale","Terror+1","Backflip+1"],"relics":["Ring of the Snake","Sundial","Question Card","War Paint","WristBlade","Bag of Marbles","Bronze Scales","Girya","Pandora\u0027s Box","StoneCalendar","The Specimen","Red Mask"],"potions_floor_usage":[7,24,33,38,41,50,50,50,50,50,50],"damage_taken":[{"damage":0,"enemies":"Cultist","floor":1,"turns":4},{"damage":2,"enemies":"Small Slimes","floor":2,"turns":5},{"damage":0,"enemies":"Jaw Worm","floor":3,"turns":5},{"damage":10,"enemies":"Gremlin Nob","floor":7,"turns":5},{"damage":0,"enemies":"Exordium Thugs","floor":11,"turns":6},{"damage":0,"enemies":"Blue Slaver","floor":12,"turns":4},{"damage":0,"enemies":"Looter","floor":14,"turns":3},{"damage":35,"enemies":"The Guardian","floor":16,"turns":14},{"damage":0,"enemies":"Spheric Guardian","floor":18,"turns":4},{"damage":0,"enemies":"Chosen","floor":19,"turns":4},{"damage":1,"enemies":"Shelled Parasite and Fungi","floor":21,"turns":7},{"damage":0,"enemies":"Sentry and Sphere","floor":22,"turns":5},{"damage":5,"enemies":"Book of Stabbing","floor":24,"turns":6},{"damage":6,"enemies":"Gremlin Leader","floor":27,"turns":5},{"damage":1,"enemies":"3 Cultists","floor":28,"turns":4},{"damage":4,"enemies":"Chosen and Byrds","floor":29,"turns":6},{"damage":15,"enemies":"Snecko","floor":31,"turns":3},{"damage":17,"enemies":"Champ","floor":33,"turns":8},{"damage":14,"enemies":"3 Darklings","floor":35,"turns":4},{"damage":14,"enemies":"Orb Walker","floor":36,"turns":3},{"damage":10,"enemies":"3 Darklings","floor":38,"turns":5},{"damage":18,"enemies":"Maw","floor":41,"turns":6},{"damage":25,"enemies":"2 Orb Walkers","floor":44,"turns":4},{"damage":12,"enemies":"Writhing Mass","floor":46,"turns":5},{"damage":32,"enemies":"3 Darklings","floor":47,"turns":6},{"damage":43,"enemies":"Donu and Deca","floor":50,"turns":6}],"seed_played":"8484698090051029024","potions_obtained":[{"floor":1,"key":"PowerPotion"},{"floor":12,"key":"SpeedPotion"},{"floor":16,"key":"PowerPotion"},{"floor":18,"key":"SpeedPotion"},{"floor":22,"key":"Energy Potion"},{"floor":24,"key":"Dexterity Potion"},{"floor":33,"key":"FearPotion"},{"floor":38,"key":"AttackPotion"},{"floor":44,"key":"Regen Potion"},{"floor":47,"key":"EntropicBrew"}],"is_trial":false,"path_per_floor":["M","M","M","$","?","R","E","R","T","?","M","M","T","M","R","B",null,"M","M","$","M","M","R","E","R","T","E","M","M","$","M","R","B",null,"M","M","$","M","$","R","M","R","T","?","?","M","M","?","R","B",null],"character_chosen":"THE_SILENT","items_purchased":["Cloak And Dagger","Flying Knee","Accuracy"],"campfire_rested":3,"item_purchase_floors":[4,4,20],"current_hp_per_floor":[77,75,75,75,75,75,65,65,65,65,65,65,65,65,65,30,77,77,77,77,76,76,76,71,71,71,65,64,60,60,45,68,51,77,63,49,49,39,39,39,21,44,44,19,67,55,23,23,43,15],"gold":0,"neow_bonus":"TEN_PERCENT_HP_BONUS","is_prod":false,"is_daily":false,"chose_seed":false,"campfire_upgraded":6,"win_rate":0,"timestamp":1551393028,"path_taken":["M","M","M","$","?","R","E","R","T","?","M","?","?","M","R","BOSS","M","M","$","M","M","R","E","R","T","E","M","M","$","M","R","BOSS","M","M","$","M","$","R","M","R","T","?","?","M","M","?","R","BOSS"],"build_version":"2019-01-23","purchased_purges":4,"victory":true,"max_hp_per_floor":[77,77,77,77,77,77,77,77,77,77,77,77,77,77,77,77,77,77,77,77,77,77,77,77,77,77,77,77,77,77,77,77,77,77,77,77,77,77,77,77,77,77,77,77,67,67,67,67,67,67],"card_choices":[{"not_picked":["Setup","Underhanded Strike"],"picked":"Infinite Blades","floor":1},{"not_picked":["Expertise","Deflect"],"picked":"Cloak And Dagger","floor":2},{"not_picked":["Riddle With Holes","Choke"],"picked":"Blur","floor":3},{"not_picked":["Deflect","Underhanded Strike","Poisoned Stab"],"picked":"SKIP","floor":7},{"not_picked":["Expertise","Noxious Fumes","Prepared"],"picked":"All Out Attack","floor":11},{"not_picked":["Bane","Slice","Predator","Dash"],"picked":"SKIP","floor":12},{"not_picked":["Infinite Blades","Cloak And Dagger","Sucker Punch"],"picked":"Footwork","floor":14},{"not_picked":["Storm of Steel","Tools of the Trade","Burst"],"picked":"After Image","floor":16},{"not_picked":["Quick Slash","Distraction+1","Deflect"],"picked":"Blade Dance","floor":18},{"not_picked":["Backstab","Dagger Spray+1","Outmaneuver","Deflect+1"],"picked":"SKIP","floor":19},{"not_picked":["Underhanded Strike","Bouncing Flask","Outmaneuver"],"picked":"Blade Dance+1","floor":21},{"not_picked":["Bane","Escape Plan","Acrobatics","Flying Knee"],"picked":"SKIP","floor":22},{"not_picked":["Sucker Punch+1","Blade Dance","Catalyst","Tactician+1"],"picked":"SKIP","floor":24},{"not_picked":["Phantasmal Killer","Expertise","Blade Dance+1","Calculated Gamble"],"picked":"SKIP","floor":27},{"not_picked":["Quick Slash","Sucker Punch","Dodge and Roll","Outmaneuver"],"picked":"SKIP","floor":28},{"not_picked":["Quick Slash","Crippling Poison","Catalyst","Calculated Gamble"],"picked":"SKIP","floor":29},{"not_picked":["Deflect+1","Choke","Dash","Distraction"],"picked":"SKIP","floor":31},{"not_picked":["Malaise","Corpse Explosion","Wraith Form v2"],"picked":"Envenom","floor":33},{"not_picked":["Slice+1","Dagger Spray+1","Predator","Calculated Gamble+1"],"picked":"SKIP","floor":35},{"not_picked":["Prepared","Tactician","Deflect+1","Reflex+1"],"picked":"SKIP","floor":36},{"not_picked":["Expertise","Noxious Fumes","Dagger Spray"],"picked":"Terror","floor":38},{"not_picked":["Expertise+1","Deflect","Blade Dance+1"],"picked":"Backflip+1","floor":41},{"not_picked":["Dagger Throw+1","Flying Knee+1","Terror","Masterful Stab+1"],"picked":"SKIP","floor":46},{"not_picked":["Sucker Punch","Tactician+1","Night Terror","Outmaneuver+1"],"picked":"SKIP","floor":47}],"player_experience":360822,"relics_obtained":[{"floor":7,"key":"Sundial"},{"floor":9,"key":"Question Card"},{"floor":13,"key":"War Paint"},{"floor":24,"key":"Bag of Marbles"},{"floor":26,"key":"Bronze Scales"},{"floor":27,"key":"Girya"},{"floor":43,"key":"StoneCalendar"},{"floor":44,"key":"The Specimen"}],"event_choices":[{"damage_healed":0,"gold_gain":0,"player_choice":"Ignored","damage_taken":0,"max_hp_gain":0,"max_hp_loss":0,"event_name":"Liars Game","floor":5,"gold_loss":0},{"damage_healed":0,"gold_gain":0,"player_choice":"Leave","damage_taken":0,"max_hp_gain":0,"max_hp_loss":0,"event_name":"The Cleric","floor":10,"gold_loss":0},{"damage_healed":0,"gold_gain":0,"player_choice":"Fight","damage_taken":0,"max_hp_gain":0,"max_hp_loss":0,"event_name":"Mysterious Sphere","floor":44,"gold_loss":0},{"damage_healed":67,"gold_gain":0,"player_choice":"Heal","damage_taken":0,"max_hp_gain":0,"max_hp_loss":10,"event_name":"The Moai Head","floor":45,"gold_loss":0},{"damage_healed":0,"gold_gain":0,"player_choice":"Paid","damage_taken":0,"relics_obtained":["Red Mask"],"max_hp_gain":0,"max_hp_loss":0,"event_name":"Tomb of Lord Red Mask","floor":48,"gold_loss":239}],"is_beta":false,"boss_relics":[{"not_picked":["Cursed Key","Tiny House"],"picked":"WristBlade"},{"not_picked":["Calling Bell","Orrery"],"picked":"Pandora\u0027s Box"}],"items_purged_floors":[4,20,30,37],"is_endless":false,"potions_floor_spawned":[1,12,16,18,19,22,24,31,33,35,38,44,47],"ascension_level":0}