{"gold_per_floor":[119,44,55,70,84,84,119,132,182,213,288,288,288,313,313,408,408,420,45,60,75,75,407,407,435,514,514,613,640,690,710,710,807,807,822,822,845,863,863,888,888,918,964,964,990,340,352,366,366,366,366,366,142,171,171],"floor_reached":56,"playtime":2666,"items_purged":["Strike_G","Defend_G","Choke","Slice"],"score":1826,"play_id":"d695f798-3907-4b52-b675-aee78ecc27c5","local_time":"20190310175017","is_ascension_mode":true,"campfire_choices":[{"data":"Cloak And Dagger","floor":6.0,"key":"SMITH"},{"floor":13.0,"key":"REST"},{"data":"Cloak And Dagger","floor":15.0,"key":"SMITH"},{"data":"Dash","floor":24.0,"key":"SMITH"},{"data":"Dash","floor":27.0,"key":"SMITH"},{"data":"Blade Dance","floor":32.0,"key":"SMITH"},{"data":"Burst","floor":41.0,"key":"SMITH"},{"data":"Accuracy","floor":44.0,"key":"SMITH"},{"floor":49.0,"key":"RECALL"},{"data":"Neutralize","floor":52.0,"key":"SMITH"}],"neow_cost":"NONE","seed_source_timestamp":0,"circlet_count":0,"master_deck":["Survivor","Neutralize+1","Dash+1","Flying Knee","Dash+1","Cloak And Dagger+1","Cloak And Dagger+1","Corpse Explosion+1","Backflip","Footwork","Blade Dance+1","Leg Sweep+1","PiercingWail+1","Backstab+1","Adrenaline","Calculated Gamble","Tactician","Dash+1","Burst+1","Riddle With Holes","Infinite Blades+1","Noxious Fumes+1","Cloak And Dagger+1","Dash+1","Accuracy+1","Infinite Blades+1","Footwork","Cloak And Dagger+1","Noxious Fumes"],"special_seed":0,"relics":["Ring of the Snake","Meat on the Bone","Boot","Kunai","Potion Belt","Sozu","Ninja Scroll","Old Coin","War Paint","Tiny Chest","Lantern","Pandora\u0027s Box","Bronze Scales","Shuriken","Bag of Preparation","Paper Crane","Letter Opener","DollysMirror","Whetstone"],"potions_floor_usage":[55,55,55],"damage_taken":[{"damage":0.0,"enemies":"Cultist","floor":1.0,"turns":3.0},{"damage":2.0,"enemies":"Small Slimes","floor":3.0,"turns":3.0},{"damage":2.0,"enemies":"Jaw Worm","floor":4.0,"turns":4.0},{"damage":12.0,"enemies":"Large Slime","floor":5.0,"turns":10.0},{"damage":30.0,"enemies":"Lagavulin","floor":7.0,"turns":9.0},{"damage":0.0,"enemies":"Red Slaver","floor":8.0,"turns":4.0},{"damage":18.0,"enemies":"Gremlin Nob","floor":10.0,"turns":4.0},{"damage":1.0,"enemies":"3 Sentries","floor":14.0,"turns":10.0},{"damage":25.0,"enemies":"Slime Boss","floor":16.0,"turns":15.0},{"damage":5.0,"enemies":"Spheric Guardian","floor":18.0,"turns":4.0},{"damage":8.0,"enemies":"2 Thieves","floor":20.0,"turns":2.0},{"damage":1.0,"enemies":"Snake Plant","floor":21.0,"turns":4.0},{"damage":0.0,"enemies":"Book of Stabbing","floor":23.0,"turns":6.0},{"damage":8.0,"enemies":"Slavers","floor":25.0,"turns":10.0},{"damage":5.0,"enemies":"Gremlin Leader","floor":29.0,"turns":9.0},{"damage":0.0,"enemies":"Shelled Parasite and Fungi","floor":31.0,"turns":5.0},{"damage":0.0,"enemies":"Collector","floor":33.0,"turns":13.0},{"damage":0.0,"enemies":"3 Darklings","floor":35.0,"turns":4.0},{"damage":0.0,"enemies":"Orb Walker","floor":38.0,"turns":3.0},{"damage":0.0,"enemies":"Reptomancer","floor":40.0,"turns":6.0},{"damage":0.0,"enemies":"Giant Head","floor":42.0,"turns":9.0},{"damage":5.0,"enemies":"Reptomancer","floor":45.0,"turns":6.0},{"damage":0.0,"enemies":"Jaw Worm Horde","floor":47.0,"turns":3.0},{"damage":3.0,"enemies":"3 Darklings","floor":48.0,"turns":3.0},{"damage":15.0,"enemies":"Donu and Deca","floor":50.0,"turns":7.0},{"damage":9.0,"enemies":"Shield and Spear","floor":54.0,"turns":8.0},{"damage":40,"enemies":"The Heart","floor":55,"turns":9}],"seed_played":"-2047735740451879309","potions_obtained":[{"floor":1.0,"key":"GamblersBrew"},{"floor":5.0,"key":"SmokeBomb"},{"floor":10.0,"key":"Block Potion"},{"floor":14.0,"key":"LiquidBronze"},{"floor":16.0,"key":"Energy Potion"}],"is_trial":false,"path_per_floor":["M","$","M","M","M","R","E","M","T","E","?","?","R","E","R","B",null,"M","$","M","M","?","E","R","E","T","R","?","E","?","M","R","B",null,"M","?","T","M","?","E","R","E","T","R","E","$","M","M","R","B",null,"R","$","E","B",null],"character_chosen":"THE_SILENT","items_purchased":["Ninja Scroll","Footwork","Footwork","Letter Opener","DollysMirror","Noxious Fumes"],"campfire_rested":1,"item_purchase_floors":[19,19,46,46,46,53],"current_hp_per_floor":[70,70,68,66,54,54,24,36,36,30,19,19,40,39,39,26,59,54,54,46,45,45,45,45,37,37,37,37,44,44,44,44,44,64,64,64,64,64,64,64,64,64,64,64,59,59,59,56,56,41,63,63,63,54,26],"gold":171,"neow_bonus":"THREE_CARDS","is_prod":false,"is_daily":false,"chose_seed":false,"campfire_upgraded":8,"win_rate":0,"timestamp":1552229417,"path_taken":["M","$","M","M","M","R","E","M","T","E","?","?","R","E","R","BOSS","M","$","M","M","?","E","R","E","T","R","?","E","?","?","R","BOSS","M","?","?","M","?","E","R","E","T","R","E","$","?","?","R","BOSS","R","$","E","BOSS"],"build_version":"2019-01-23","purchased_purges":4,"victory":true,"max_hp_per_floor":[70,70,70,70,70,70,70,70,70,70,70,70,70,70,70,70,70,70,70,70,70,70,70,70,70,70,70,70,70,70,70,70,70,70,70,70,70,70,70,70,70,70,70,70,70,70,70,70,70,70,70,70,70,70,70],"card_choices":[{"not_picked":["Crippling Poison","Caltrops"],"picked":"Dash","floor":0.0},{"not_picked":["Calculated Gamble","Prepared"],"picked":"Flying Knee","floor":1.0},{"not_picked":["Blade Dance","Predator"],"picked":"Dash","floor":3.0},{"not_picked":["Acrobatics","Poisoned Stab"],"picked":"Cloak And Dagger","floor":4.0},{"not_picked":["Bane","Slice"],"picked":"Cloak And Dagger","floor":5.0},{"not_picked":["Dagger Spray","Predator"],"picked":"Caltrops","floor":7.0},{"not_picked":["Deflect","Dagger Spray","Quick Slash"],"picked":"SKIP","floor":8.0},{"not_picked":["Sucker Punch","Endless Agony","Eviscerate"],"picked":"SKIP","floor":10.0},{"not_picked":["Envenom","Underhanded Strike","Malaise"],"picked":"SKIP","floor":14.0},{"not_picked":["Night Terror","Tools of the Trade"],"picked":"Corpse Explosion","floor":16.0},{"not_picked":["Sucker Punch","Deadly Poison"],"picked":"Backflip","floor":18.0},{"not_picked":["Outmaneuver","Riddle With Holes","Bane"],"picked":"SKIP","floor":20.0},{"not_picked":["Calculated Gamble","Prepared"],"picked":"Blade Dance","floor":21.0},{"not_picked":["Distraction","Poisoned Stab"],"picked":"PiercingWail+1","floor":23.0},{"not_picked":["Underhanded Strike","Phantasmal Killer","Deadly Poison+1"],"picked":"SKIP","floor":25.0},{"not_picked":["All Out Attack","Quick Slash+1","Bane+1"],"picked":"SKIP","floor":29.0},{"not_picked":["Calculated Gamble+1","Outmaneuver"],"picked":"Backstab","floor":31.0},{"not_picked":["Corpse Explosion","Glass Knife"],"picked":"Adrenaline","floor":33.0},{"not_picked":["Acrobatics+1","Bane+1"],"picked":"Infinite Blades+1","floor":35.0},{"not_picked":["Choke","Accuracy"],"picked":"Noxious Fumes+1","floor":38.0},{"not_picked":["Acrobatics+1","Dagger Throw+1"],"picked":"Dash+1","floor":40.0},{"not_picked":["Backstab","Envenom"],"picked":"Accuracy","floor":42.0},{"not_picked":["Acrobatics+1","Corpse Explosion"],"picked":"Infinite Blades+1","floor":45.0},{"not_picked":["Outmaneuver","Dagger Throw","Tactician+1"],"picked":"SKIP","floor":47.0},{"not_picked":["Reflex+1","Concentrate","Quick Slash"],"picked":"SKIP","floor":48.0},{"not_picked":["Slice+1","Flying Knee+1","Dagger Spray"],"picked":"SKIP","floor":54.0}],"player_experience":785892,"relics_obtained":[{"floor":7.0,"key":"Meat on the Bone"},{"floor":9.0,"key":"Boot"},{"floor":10.0,"key":"Kunai"},{"floor":14.0,"key":"Potion Belt"},{"floor":23.0,"key":"Old Coin"},{"floor":25.0,"key":"War Paint"},{"floor":26.0,"key":"Tiny Chest"},{"floor":29.0,"key":"Lantern"},{"floor":40.0,"key":"Bronze Scales"},{"floor":42.0,"key":"Shuriken"},{"floor":43.0,"key":"Bag of Preparation"},{"floor":45.0,"key":"Paper Crane"},{"floor":54.0,"key":"Whetstone"}],"event_choices":[{"damage_healed":0.0,"max_hp_gain":0.0,"max_hp_loss":0.0,"gold_gain":75.0,"event_name":"World of Goop","player_choice":"Gather Gold","floor":11.0,"gold_loss":0.0,"damage_taken":11.0},{"cards_removed":["Strike_G"],"damage_healed":0.0,"max_hp_gain":0.0,"max_hp_loss":0.0,"gold_gain":0.0,"event_name":"Wheel of Change","player_choice":"Card Removal","floor":12.0,"gold_loss":0.0,"damage_taken":0.0},{"damage_healed":0.0,"max_hp_gain":0.0,"max_hp_loss":0.0,"gold_gain":0.0,"event_name":"The Library","player_choice":"Read","floor":22.0,"gold_loss":0.0,"damage_taken":0.0,"cards_obtained":["Leg Sweep"]},{"damage_healed":0.0,"max_hp_gain":0.0,"max_hp_loss":0.0,"gold_gain":99.0,"event_name":"Nest","player_choice":"Stole From Cult","floor":28.0,"gold_loss":0.0,"damage_taken":0.0},{"damage_healed":0.0,"max_hp_gain":0.0,"max_hp_loss":0.0,"gold_gain":100.0,"event_name":"The Joust","player_choice":"Bet on Murderer","floor":30.0,"gold_loss":50.0,"damage_taken":0.0},{"cards_removed":["Caltrops"],"damage_healed":0.0,"max_hp_gain":0.0,"max_hp_loss":0.0,"gold_gain":0.0,"event_name":"Falling","player_choice":"Removed Power","floor":36.0,"gold_loss":0.0,"damage_taken":0.0},{"damage_healed":0.0,"max_hp_gain":0.0,"max_hp_loss":0.0,"gold_gain":0.0,"event_name":"Duplicator","player_choice":"Copied","floor":39.0,"gold_loss":0.0,"damage_taken":0.0,"cards_obtained":["Cloak And Dagger"]}],"is_beta":false,"boss_relics":[{"not_picked":["Lizard Tail","Eternal Feather"],"picked":"Sozu"},{"not_picked":["White Beast Statue","Fusion Hammer"],"picked":"Pandora\u0027s Box"}],"items_purged_floors":[2,19,46,53],"is_endless":false,"potions_floor_spawned":[1,5,10,14,16,25,33,38,47],"ascension_level":5}