{"gold_per_floor":[213,229,229,128,138,163,163,193,193,193,193,210,210,228,228,323,323,336,195,195,195,181,181,211,211,235,235,253,268,288,315,315,413,413,424,334,16,32,45,45,71,71,71,71,71,104,104,118,118,118],"floor_reached":51,"playtime":2375,"items_purged":["Strike_B","Defend_B","Strike_B"],"score":954,"play_id":"df136848-f9e9-40b1-b20f-9d45b9321494","local_time":"20190107194355","is_ascension_mode":true,"campfire_choices":[{"data":"Capacitor","floor":7.0,"key":"SMITH"},{"data":"Coolheaded","floor":10.0,"key":"SMITH"},{"data":"Defragment","floor":13.0,"key":"SMITH"},{"data":"Defragment","floor":23.0,"key":"SMITH"},{"data":"Cold Snap","floor":25.0,"key":"SMITH"},{"data":"Force Field","floor":27.0,"key":"SMITH"},{"data":"Capacitor","floor":32.0,"key":"SMITH"},{"data":"Biased Cognition","floor":40,"key":"SMITH"},{"data":"Glacier","floor":42,"key":"SMITH"},{"data":"Consume","floor":45,"key":"SMITH"},{"data":"Thunder Strike","floor":47,"key":"SMITH"},{"data":"Recycle","floor":49,"key":"SMITH"}],"neow_cost":"NONE","seed_source_timestamp":26277167823386,"circlet_count":0,"master_deck":["Defend_B+1","Defend_B+1","Zap+1","Dualcast+1","Cold Snap","Capacitor+1","Ball Lightning+1","Coolheaded+1","Self Repair","Force Field+1","Defragment+1","Recycle+1","Thunder Strike+1","Core Surge","Defragment+1","White Noise","Glacier+1","Crystallizer+1","Cold Snap+1","Barrage+1","Capacitor+1","Biased Cognition+1","Barrage+1","Defragment+1","Rip and Tear","Hologram+1","Consume+1","Glacier+1","Heatsinks+1"],"special_seed":0,"relics":["Cracked Core","Cables","Blue Doll","Carrot","Orrery","Happy Flower","Potion Belt","Matryoshka","Honey Jar","DollysMirror","Simple Rune","PreservedInsect","ReplayTheSpireMod:Ninjato","Gremlin Food"],"potions_floor_usage":[50,50,50,50,50,50],"damage_taken":[{"damage":6.0,"enemies":"2 Louse","floor":1.0,"turns":2.0},{"damage":0.0,"enemies":"Cultist","floor":2.0,"turns":3.0},{"damage":5.0,"enemies":"Jaw Worm","floor":5.0,"turns":3.0},{"damage":22.0,"enemies":"3 Sentries","floor":6.0,"turns":8.0},{"damage":18.0,"enemies":"Gremlin Nob","floor":8.0,"turns":4.0},{"damage":4.0,"enemies":"Red Slaver","floor":12.0,"turns":2.0},{"damage":4.0,"enemies":"Exordium Wildlife","floor":14.0,"turns":3.0},{"damage":7.0,"enemies":"Fading Forest","floor":16.0,"turns":11.0},{"damage":0.0,"enemies":"Spheric Guardian","floor":18.0,"turns":3.0},{"damage":0.0,"enemies":"2 Thieves","floor":22.0,"turns":4.0},{"damage":22.0,"enemies":"Slavers","floor":24.0,"turns":6.0},{"damage":9.0,"enemies":"Snake Plant","floor":28.0,"turns":5.0},{"damage":4.0,"enemies":"Chosen and Byrds","floor":29.0,"turns":7.0},{"damage":2.0,"enemies":"Cultist and Chosen","floor":30.0,"turns":7.0},{"damage":6.0,"enemies":"Book of Stabbing","floor":31.0,"turns":7.0},{"damage":18.0,"enemies":"Champ","floor":33.0,"turns":8.0},{"damage":2.0,"enemies":"3 Shapes","floor":35.0,"turns":5.0},{"damage":9,"enemies":"Orb Walker","floor":38,"turns":4},{"damage":13,"enemies":"3 Darklings","floor":39,"turns":5},{"damage":0,"enemies":"Nemesis","floor":41,"turns":5},{"damage":0,"enemies":"Reptomancer","floor":46,"turns":6},{"damage":0,"enemies":"Transient","floor":48,"turns":5},{"damage":11,"enemies":"Awakened One","floor":50,"turns":12}],"seed_played":"-396404266095911463","potions_obtained":[{"floor":6.0,"key":"Explosive Potion"},{"floor":8.0,"key":"Toxic Potion"},{"floor":12.0,"key":"SkillPotion"},{"floor":22.0,"key":"EssenceOfSteel"},{"floor":24.0,"key":"SneckoOil"},{"floor":29.0,"key":"AttackPotion"},{"floor":39,"key":"Weak Potion"},{"floor":41,"key":"Elixir"},{"floor":46,"key":"Elixir"}],"is_trial":false,"path_per_floor":["M","M","?","$","M","E","R","E","T","R","?","M","R","M","R","B",null,"M","$","?","?","M","R","E","R","T","R","M","M","M","E","R","B",null,"M","?","$","M","M","R","E","R","T","$","R","E","R","M","R","B",null],"character_chosen":"DEFECT","items_purchased":["Ball Lightning","Crystallizer+1","DollysMirror"],"campfire_rested":0,"item_purchase_floors":[4,19,37],"current_hp_per_floor":[69,69,69,69,64,42,42,31,31,31,31,27,27,30,30,52,75,75,75,75,75,75,75,60,60,60,60,58,61,66,67,67,56,75,75,75,75,73,67,67,74,74,74,74,74,74,74,75,75,64],"gold":118,"neow_bonus":"HUNDRED_GOLD","is_prod":false,"is_daily":false,"chose_seed":false,"campfire_upgraded":12,"win_rate":0,"timestamp":1546879435,"path_taken":["M","M","?","$","?","E","R","E","T","R","?","M","R","M","R","BOSS","M","$","?","?","?","R","E","R","T","R","M","M","M","E","R","BOSS","M","?","$","M","?","R","E","R","T","$","R","E","R","M","R","BOSS"],"build_version":"2019-01-03v4","purchased_purges":3,"victory":true,"max_hp_per_floor":[75,75,75,75,75,75,75,75,75,75,75,75,75,75,75,75,75,75,75,75,75,75,75,75,75,75,75,75,75,75,75,75,75,75,75,75,75,75,75,75,75,75,75,75,75,75,75,75,75,75],"card_choices":[{"not_picked":["Gash","Compile Driver"],"picked":"Cold Snap","floor":1.0},{"not_picked":["Turbo","Loop"],"picked":"Capacitor","floor":2.0},{"not_picked":["Doom and Gloom","Barrage"],"picked":"Coolheaded","floor":5.0},{"not_picked":["Ball Lightning","Redo"],"picked":"Self Repair","floor":6.0},{"not_picked":["Turbo","Skim"],"picked":"Force Field","floor":8.0},{"not_picked":["Barrage","Leap"],"picked":"Defragment","floor":12.0},{"not_picked":["BasicCrystalCard","Time Bomb"],"picked":"Recycle","floor":14.0},{"not_picked":["Thunder Strike","Hyperbeam"],"picked":"Core Surge","floor":16.0},{"not_picked":["Stack","Steam"],"picked":"Defragment","floor":17.0},{"not_picked":["Cold Snap","Compile Driver"],"picked":"White Noise","floor":17.0},{"not_picked":["Leap","Go for the Eyes"],"picked":"Glacier","floor":17.0},{"not_picked":["Streamline","Leap","Sweeping Beam"],"picked":"SKIP","floor":18.0},{"not_picked":["Force Field+1","Sweeping Beam","Streamline"],"picked":"SKIP","floor":22.0},{"not_picked":["Coolheaded+1","Double Energy"],"picked":"Barrage+1","floor":24.0},{"not_picked":["ReplayTheSpireMod:GoodbyeWorld","BasicCrystalCard"],"picked":"Capacitor","floor":28.0},{"not_picked":["BasicCrystalCard","Sweeping Beam","Leap"],"picked":"SKIP","floor":29.0},{"not_picked":["Coolheaded","Redo","Stack"],"picked":"SKIP","floor":30.0},{"not_picked":["Core Surge","ReplayTheSpireMod:Repulse","Lockon+1"],"picked":"SKIP","floor":31.0},{"not_picked":["Machine Learning","ReplayTheSpireMod:Omega Cannon"],"picked":"Biased Cognition","floor":33.0},{"not_picked":["ReplayGash","Leap+1","Redo"],"picked":"Barrage+1","floor":35.0},{"not_picked":["Cold Snap","Go for the Eyes","Fission"],"picked":"Rip and Tear","floor":38},{"not_picked":["ReplaySolidLightProjector","Stack","Chaos"],"picked":"Hologram+1","floor":39},{"not_picked":["Cold Snap","Ball Lightning","Storm"],"picked":"Consume","floor":41},{"not_picked":["Redo+1","Tempest+1","Leap"],"picked":"Glacier+1","floor":46},{"not_picked":["Storm+1","Turbo","Rebound"],"picked":"Heatsinks+1","floor":48}],"player_experience":660696,"relics_obtained":[{"floor":6.0,"key":"Cables"},{"floor":8.0,"key":"Blue Doll"},{"floor":9.0,"key":"Carrot"},{"floor":24.0,"key":"Happy Flower"},{"floor":26.0,"key":"Potion Belt"},{"floor":31.0,"key":"Matryoshka"},{"floor":41,"key":"Simple Rune"},{"floor":43,"key":"PreservedInsect"},{"floor":43,"key":"ReplayTheSpireMod:Ninjato"},{"floor":46,"key":"Gremlin Food"}],"event_choices":[{"damage_healed":0.0,"max_hp_gain":0.0,"max_hp_loss":0.0,"gold_gain":0.0,"event_name":"Accursed Blacksmith","player_choice":"Forge","floor":3.0,"gold_loss":0.0,"damage_taken":0.0,"cards_upgraded":["Zap"]},{"damage_healed":0.0,"max_hp_gain":0.0,"max_hp_loss":0.0,"gold_gain":0.0,"event_name":"Upgrade Shrine","player_choice":"Upgraded","floor":11.0,"gold_loss":0.0,"damage_taken":0.0,"cards_upgraded":["Ball Lightning"]},{"damage_healed":0.0,"max_hp_gain":0.0,"max_hp_loss":0.0,"gold_gain":0.0,"event_name":"Vampires","player_choice":"Ignored","floor":20.0,"gold_loss":0.0,"damage_taken":0.0},{"damage_healed":0.0,"max_hp_gain":0.0,"max_hp_loss":0.0,"gold_gain":0.0,"cards_transformed":["Strike_B"],"event_name":"Transmorgrifier","player_choice":"Transformed","floor":21.0,"gold_loss":0.0,"damage_taken":0.0,"cards_obtained":["Cold Snap"]},{"cards_removed":["Defend_B"],"damage_healed":0,"gold_gain":0,"player_choice":"Upgrade and Remove","damage_taken":0,"max_hp_gain":0,"max_hp_loss":0,"event_name":"Designer","floor":36,"gold_loss":90,"cards_upgraded":["Dualcast"]}],"is_beta":false,"boss_relics":[{"not_picked":["Empty Cage","Painkiller Herb"],"picked":"Orrery"},{"not_picked":["ReplayTheSpireMod:Onyx Gauntlets","Replay:Drink Me"],"picked":"Honey Jar"}],"items_purged_floors":[4,19,37],"is_endless":false,"potions_floor_spawned":[6,8,12,22,24,29,39,41,46],"ascension_level":4}