{"gold_per_floor":[219,219,239,0,18,81,81,94,118,134,134,160,160,160,160,233,283,293,313,59,83,99,99,110,140,140,152,152,165,165,200,200,277,277,289,139,139,155,4,4,38,38,38,51,69,69,79,104,104,104],"floor_reached":51,"playtime":2181,"items_purged":["Strike_R","Strike_R","Strike_R"],"score":1358,"play_id":"b96de9fb-ddcb-4043-8b4a-73278d6cb844","local_time":"20181222181937","is_ascension_mode":true,"campfire_choices":[{"floor":7.0,"key":"REST"},{"data":"True Grit","floor":11.0,"key":"SMITH"},{"floor":13.0,"key":"REST"},{"data":"Corruption","floor":15.0,"key":"SMITH"},{"floor":23.0,"key":"REST"},{"floor":28.0,"key":"REST"},{"data":"Shockwave","floor":30.0,"key":"SMITH"},{"data":"Spot Weakness","floor":32.0,"key":"SMITH"},{"floor":40.0,"key":"REST"},{"data":"Armaments","floor":42.0,"key":"SMITH"},{"data":"Limit Break","floor":46.0,"key":"SMITH"},{"floor":49.0,"key":"REST"}],"neow_cost":"NONE","seed_source_timestamp":0,"circlet_count":0,"master_deck":["AscendersBane","Strike_R+1","Defend_R","Defend_R","Defend_R","Defend_R+1","Bash","Sword Boomerang+1","Cleave","Reaper","True Grit+1","Corruption+1","Pommel Strike","Impervious","Shrug It Off","Iron Wave","Disarm+1","Battle Trance","Spot Weakness+1","Feel No Pain+1","Shockwave+1","Metallicize+1","Disarm","Armaments+1","Fire Breathing","Shrug It Off","Battle Trance","Blood for Blood","Shrug It Off","Limit Break+1","Clothesline+1","Iron Wave+1","Offering"],"special_seed":0,"relics":["Burning Blood","Bronze Scales","Tiny Chest","Strawberry","Red Skull","Tiny House","Regal Pillow","Ancient Tea Set","War Paint","Prayer Wheel","Turnip","Cursed Key","Bag of Preparation","Bottled Lightning"],"potions_floor_usage":[50,50],"damage_taken":[{"damage":21.0,"enemies":"Jaw Worm","floor":1.0,"turns":5.0},{"damage":1.0,"enemies":"Cultist","floor":3.0,"turns":3.0},{"damage":7.0,"enemies":"2 Louse","floor":5.0,"turns":3.0},{"damage":25.0,"enemies":"3 Sentries","floor":6.0,"turns":5.0},{"damage":22.0,"enemies":"Lots of Slimes","floor":8.0,"turns":3.0},{"damage":8.0,"enemies":"3 Louse","floor":10.0,"turns":4.0},{"damage":32.0,"enemies":"Gremlin Nob","floor":12.0,"turns":4.0},{"damage":48.0,"enemies":"The Guardian","floor":16.0,"turns":12.0},{"damage":26.0,"enemies":"Shell Parasite","floor":18.0,"turns":6.0},{"damage":22.0,"enemies":"Spheric Guardian","floor":19.0,"turns":5.0},{"damage":13.0,"enemies":"Snecko","floor":22.0,"turns":7.0},{"damage":32.0,"enemies":"Centurion and Healer","floor":24.0,"turns":9.0},{"damage":50.0,"enemies":"Gremlin Leader","floor":25.0,"turns":7.0},{"damage":12.0,"enemies":"Snake Plant","floor":27.0,"turns":4.0},{"damage":1.0,"enemies":"Snecko","floor":29.0,"turns":6.0},{"damage":24.0,"enemies":"Slavers","floor":31.0,"turns":4.0},{"damage":52.0,"enemies":"Champ","floor":33.0,"turns":12.0},{"damage":41.0,"enemies":"3 Shapes","floor":35.0,"turns":7.0},{"damage":2.0,"enemies":"Orb Walker","floor":38.0,"turns":3.0},{"damage":33.0,"enemies":"Giant Head","floor":41.0,"turns":9.0},{"damage":43.0,"enemies":"4 Shapes","floor":44.0,"turns":12.0},{"damage":18.0,"enemies":"Writhing Mass","floor":45.0,"turns":9.0},{"damage":25.0,"enemies":"Spire Growth","floor":47.0,"turns":8.0},{"damage":17.0,"enemies":"Nemesis","floor":48.0,"turns":5.0},{"damage":60,"enemies":"Donu and Deca","floor":50,"turns":10}],"seed_played":"-8415371147576598408","potions_obtained":[{"floor":3.0,"key":"Fire Potion"},{"floor":8.0,"key":"Ancient Potion"},{"floor":12.0,"key":"EssenceOfSteel"},{"floor":27.0,"key":"Energy Potion"}],"is_trial":false,"path_per_floor":["M","?","M","$","M","E","R","M","T","M","R","E","R","?","R","B",null,"M","M","$","T","M","R","M","E","T","M","R","M","R","E","R","B",null,"M","$","?","M","$","R","E","R","T","M","M","R","M","E","R","B",null],"character_chosen":"IRONCLAD","items_purchased":["Bronze Scales","Battle Trance","Regal Pillow","Armaments","Shrug It Off"],"campfire_rested":6,"item_purchase_floors":[4,20,20,36,39],"current_hp_per_floor":[53,53,58,58,57,38,60,56,63,64,64,38,62,62,62,30,74,60,44,44,44,40,81,62,39,39,38,79,87,87,69,69,32,73,44,44,39,43,43,84,68,68,68,57,57,57,74,63,87,66],"gold":104,"neow_bonus":"HUNDRED_GOLD","is_prod":false,"is_daily":false,"chose_seed":false,"campfire_upgraded":6,"win_rate":0,"timestamp":1545491977,"path_taken":["M","?","M","$","?","E","R","M","T","M","R","E","R","?","R","BOSS","M","M","$","?","M","R","M","E","T","M","R","M","R","E","R","BOSS","M","$","?","M","$","R","E","R","T","?","?","R","M","E","R","BOSS"],"build_version":"2018-12-20","purchased_purges":3,"victory":true,"max_hp_per_floor":[75,75,75,75,75,75,75,75,82,82,82,82,82,82,82,82,87,87,87,87,87,87,87,87,87,87,87,87,87,87,87,87,87,87,87,87,87,87,87,87,87,87,87,87,87,87,87,87,87,87],"card_choices":[{"not_picked":["Reckless Charge","Warcry"],"picked":"Sword Boomerang","floor":1.0},{"not_picked":["Rampage","Fire Breathing"],"picked":"Cleave","floor":3.0},{"not_picked":["Body Slam","Second Wind","Cleave"],"picked":"SKIP","floor":5.0},{"not_picked":["Barricade","Bloodletting"],"picked":"Reaper","floor":6.0},{"not_picked":["Havoc","Pommel Strike"],"picked":"True Grit","floor":8.0},{"not_picked":["Seeing Red","Pommel Strike"],"picked":"Corruption","floor":10.0},{"not_picked":["Body Slam","Twin Strike"],"picked":"Pommel Strike","floor":12.0},{"not_picked":["Dark Embrace","Offering"],"picked":"Impervious","floor":16.0},{"not_picked":["True Grit","Pummel"],"picked":"Shrug It Off","floor":17.0},{"not_picked":["Sword Boomerang","Perfected Strike+1"],"picked":"Iron Wave","floor":18.0},{"not_picked":["Feel No Pain","True Grit"],"picked":"Disarm","floor":19.0},{"not_picked":["Bloodletting","True Grit"],"picked":"Spot Weakness","floor":22.0},{"not_picked":["Hemokinesis","Twin Strike","Rage"],"picked":"SKIP","floor":24.0},{"not_picked":["Headbutt","Warcry"],"picked":"Feel No Pain+1","floor":25.0},{"not_picked":["Feed","Disarm"],"picked":"Shockwave","floor":27.0},{"not_picked":["Warcry","Spot Weakness"],"picked":"Metallicize+1","floor":27.0},{"not_picked":["Armaments","Heavy Blade","Havoc"],"picked":"SKIP","floor":29.0},{"not_picked":["Double Tap","Combust+1","Headbutt"],"picked":"SKIP","floor":29.0},{"not_picked":["Heavy Blade","True Grit","Cleave+1"],"picked":"SKIP","floor":31.0},{"not_picked":["Heavy Blade","Wild Strike"],"picked":"Disarm","floor":35.0},{"not_picked":["Pummel","Wild Strike+1","Iron Wave"],"picked":"SKIP","floor":35.0},{"not_picked":["Wild Strike","Heavy Blade"],"picked":"Fire Breathing","floor":38.0},{"not_picked":["Rage","Havoc","Perfected Strike"],"picked":"SKIP","floor":38.0},{"not_picked":["Bludgeon","Reckless Charge"],"picked":"Battle Trance","floor":41.0},{"not_picked":["True Grit","Dropkick"],"picked":"Blood for Blood","floor":44.0},{"not_picked":["Thunderclap+1","Flex","Hemokinesis+1"],"picked":"SKIP","floor":44.0},{"not_picked":["Heavy Blade","Pommel Strike"],"picked":"Shrug It Off","floor":45.0},{"not_picked":["Anger","Entrench+1"],"picked":"Limit Break","floor":45.0},{"not_picked":["Headbutt","Pommel Strike"],"picked":"Clothesline+1","floor":47.0},{"not_picked":["Bloodletting","Dropkick"],"picked":"Iron Wave+1","floor":47.0},{"not_picked":["Feed","Iron Wave+1","Offering"],"picked":"SKIP","floor":48.0},{"not_picked":["Feed","Iron Wave+1"],"picked":"Offering","floor":48.0}],"player_experience":603616,"relics_obtained":[{"floor":6.0,"key":"Tiny Chest"},{"floor":9.0,"key":"Strawberry"},{"floor":12.0,"key":"Red Skull"},{"floor":21.0,"key":"Ancient Tea Set"},{"floor":25.0,"key":"War Paint"},{"floor":26.0,"key":"Prayer Wheel"},{"floor":31.0,"key":"Turnip"},{"floor":41.0,"key":"Bag of Preparation"},{"floor":48.0,"key":"Bottled Lightning"}],"event_choices":[{"damage_healed":0.0,"max_hp_gain":0.0,"max_hp_loss":0.0,"gold_gain":0.0,"event_name":"Accursed Blacksmith","player_choice":"Forge","floor":2.0,"gold_loss":0.0,"damage_taken":0.0,"cards_upgraded":["Sword Boomerang"]},{"cards_removed":["Strike_R"],"damage_healed":0.0,"max_hp_gain":0.0,"max_hp_loss":0.0,"gold_gain":0.0,"event_name":"Purifier","player_choice":"Purged","floor":14.0,"gold_loss":0.0,"damage_taken":0.0},{"damage_healed":0.0,"max_hp_gain":0.0,"max_hp_loss":0.0,"gold_gain":0.0,"event_name":"The Woman in Blue","player_choice":"Bought 0 Potions","floor":37.0,"gold_loss":0.0,"damage_taken":0.0}],"is_beta":false,"boss_relics":[{"not_picked":["Coffee Dripper","Runic Dome"],"picked":"Tiny House"},{"not_picked":["Eternal Feather","Fusion Hammer"],"picked":"Cursed Key"}],"items_purged_floors":[4,36,39],"is_endless":false,"potions_floor_spawned":[3,8,12,18,24,27,29,33,38,44,45],"ascension_level":17}