{"gold_per_floor":[119,119,140,165,242,283,307,343,370,370,394,427,400,424,424,543,543,558,558,65,78,98,98,137,137,137,137,156,156,156,187,187,187],"floor_reached":33,"playtime":2248,"items_purged":["Strike_G+1"],"score":429,"play_id":"8a530082-7284-4a7b-8214-aed60b647220","local_time":"20190630005448","is_ascension_mode":true,"campfire_choices":[{"data":"Noxious Fumes","floor":10,"key":"SMITH"},{"data":"Sucker Punch","floor":15,"key":"SMITH"},{"data":"Die Die Die","floor":23,"key":"SMITH"},{"floor":27,"key":"REST"},{"floor":32,"key":"REST"}],"neow_cost":"NONE","seed_source_timestamp":527887177600,"circlet_count":0,"master_deck":["Defend_G+1","Defend_G+1","Defend_G+1","Defend_G+1","Defend_G+1","Strike_G+1","Strike_G+1","Strike_G+1","Strike_G+1","Survivor+1","Neutralize","Deadly Poison","Backstab","Quick Slash","Well Laid Plans","Dagger Spray","Noxious Fumes+1","Dodge and Roll","Sucker Punch+1","Deadly Poison","Die Die Die+1","Deflect+1","Burst","Cloak And Dagger+1","Dagger Spray+1","Corpse Explosion","Catalyst","Predator+1","Crippling Poison+1","Calculated Gamble"],"relics":["Ring of the Serpent","Bloody Idol","Mercury Hourglass","War Paint","Pen Nib","Dream Catcher","Ornamental Fan","Shuriken","MutagenicStrength","Juzu Bracelet"],"potions_floor_usage":[6,8,8,21,28,28,31],"damage_taken":[{"damage":0,"enemies":"2 Louse","floor":1,"turns":4},{"damage":0,"enemies":"Small Slimes","floor":3,"turns":4},{"damage":0,"enemies":"Cultist","floor":4,"turns":3},{"damage":15,"enemies":"Gremlin Nob","floor":6,"turns":4},{"damage":0,"enemies":"2 Fungi Beasts","floor":7,"turns":3},{"damage":6,"enemies":"Lagavulin","floor":8,"turns":5},{"damage":0,"enemies":"Large Slime","floor":11,"turns":4},{"damage":23,"enemies":"Gremlin Nob","floor":12,"turns":4},{"damage":0,"enemies":"Blue Slaver","floor":14,"turns":2},{"damage":17,"enemies":"Hexaghost","floor":16,"turns":8},{"damage":3,"enemies":"Chosen","floor":18,"turns":4},{"damage":14,"enemies":"3 Byrds","floor":21,"turns":4},{"damage":0,"enemies":"3 Cultists","floor":22,"turns":4},{"damage":23,"enemies":"Book of Stabbing","floor":24,"turns":5},{"damage":12,"enemies":"Snake Plant","floor":28,"turns":2},{"damage":0,"enemies":"Gremlin Leader","floor":31,"turns":3},{"damage":63,"enemies":"Collector","floor":33,"turns":6}],"seed_played":"6529243031327202320","potions_obtained":[{"floor":3,"key":"Block Potion"},{"floor":4,"key":"PowerPotion"},{"floor":6,"key":"Dexterity Potion"},{"floor":8,"key":"Energy Potion"},{"floor":14,"key":"Energy Potion"},{"floor":18,"key":"Fire Potion"},{"floor":22,"key":"FearPotion"},{"floor":28,"key":"SteroidPotion"},{"floor":31,"key":"GamblersBrew"}],"is_trial":false,"path_per_floor":["M","?","M","M","?","E","M","E","T","R","M","E","?","M","R","B",null,"M","?","$","M","M","R","E","?","T","R","M","?","?","E","R","B"],"character_chosen":"THE_SILENT","items_purchased":["Ornamental Fan","Burst"],"campfire_rested":2,"item_purchase_floors":[20,20],"current_hp_per_floor":[70,70,70,70,70,55,55,49,49,49,49,26,26,26,26,9,56,53,53,53,39,39,39,16,16,16,37,25,25,25,30,51,0],"gold":187,"neow_bonus":"TEN_PERCENT_HP_BONUS","is_prod":false,"is_daily":false,"chose_seed":false,"campfire_upgraded":3,"win_rate":0,"timestamp":1561870488,"path_taken":["M","?","M","M","?","E","M","E","T","R","M","E","?","M","R","BOSS","M","?","$","M","M","R","E","?","T","R","M","?","?","E","R","BOSS"],"build_version":"2019-01-23","purchased_purges":1,"victory":false,"max_hp_per_floor":[77,71,71,71,71,71,71,71,71,71,71,71,71,71,71,71,71,71,71,71,71,71,71,71,71,71,71,71,71,71,71,71,71],"card_choices":[{"not_picked":["Infinite Blades","Cloak And Dagger"],"picked":"Deadly Poison","floor":1},{"not_picked":["Bouncing Flask","Heel Hook"],"picked":"Backstab","floor":3},{"not_picked":["Accuracy","All Out Attack"],"picked":"Quick Slash","floor":4},{"not_picked":["Blur","Reflex"],"picked":"Well Laid Plans","floor":6},{"not_picked":["Leg Sweep","Prepared"],"picked":"Dagger Spray","floor":7},{"not_picked":["Slice","Outmaneuver"],"picked":"Noxious Fumes","floor":8},{"not_picked":["Prepared","Bane"],"picked":"Dodge and Roll","floor":11},{"not_picked":["Infinite Blades","Dagger Throw"],"picked":"Sucker Punch","floor":12},{"not_picked":["Quick Slash","Phantasmal Killer"],"picked":"Deadly Poison","floor":14},{"not_picked":["Envenom","Adrenaline"],"picked":"Die Die Die","floor":16},{"not_picked":["Escape Plan","Choke"],"picked":"Deflect+1","floor":18},{"not_picked":["All Out Attack","Tactician"],"picked":"Cloak And Dagger+1","floor":21},{"not_picked":["Quick Slash","Acrobatics+1"],"picked":"Dagger Spray+1","floor":22},{"not_picked":["Bane","Underhanded Strike"],"picked":"Corpse Explosion","floor":24},{"not_picked":["Caltrops","PiercingWail"],"picked":"Catalyst","floor":27},{"not_picked":["Calculated Gamble","Bane"],"picked":"Predator+1","floor":28},{"not_picked":["Dash","Dagger Throw"],"picked":"Crippling Poison+1","floor":31},{"not_picked":["Blade Dance","Eviscerate+1"],"picked":"Calculated Gamble","floor":32}],"player_experience":436965,"relics_obtained":[{"floor":6,"key":"Mercury Hourglass"},{"floor":8,"key":"War Paint"},{"floor":9,"key":"Pen Nib"},{"floor":12,"key":"Dream Catcher"},{"floor":24,"key":"Shuriken"},{"floor":31,"key":"Juzu Bracelet"}],"event_choices":[{"damage_healed":0,"gold_gain":0,"player_choice":"Lose Max HP","damage_taken":0,"relics_obtained":["Golden Idol"],"max_hp_gain":0,"max_hp_loss":6,"event_name":"Golden Idol","floor":2,"gold_loss":0},{"damage_healed":0,"gold_gain":77,"player_choice":"Gained Gold","damage_taken":0,"max_hp_gain":0,"max_hp_loss":0,"event_name":"Golden Wing","floor":5,"gold_loss":0},{"damage_healed":0,"gold_gain":0,"player_choice":"Left Gold","damage_taken":0,"max_hp_gain":0,"max_hp_loss":0,"event_name":"World of Goop","floor":13,"gold_loss":27},{"damage_healed":0,"gold_gain":0,"player_choice":"Simplicity","damage_taken":0,"max_hp_gain":0,"max_hp_loss":0,"event_name":"Back to Basics","floor":19,"gold_loss":0,"cards_upgraded":["Defend_G","Defend_G","Defend_G","Defend_G","Strike_G","Strike_G","Strike_G","Strike_G","Strike_G"]},{"damage_healed":0,"gold_gain":0,"player_choice":"Inject Mutagens","damage_taken":0,"relics_obtained":["MutagenicStrength"],"max_hp_gain":0,"max_hp_loss":0,"event_name":"Drug Dealer","floor":25,"gold_loss":0},{"damage_healed":0,"gold_gain":0,"player_choice":"Gave Idol","damage_taken":0,"relics_obtained":["Bloody Idol"],"max_hp_gain":0,"max_hp_loss":0,"event_name":"Forgotten Altar","floor":29,"relics_lost":["Golden Idol"],"gold_loss":0},{"damage_healed":0,"gold_gain":0,"player_choice":"Ignored","damage_taken":0,"max_hp_gain":0,"max_hp_loss":0,"event_name":"Vampires","floor":30,"gold_loss":0}],"is_beta":false,"boss_relics":[{"not_picked":["Eternal Feather","Snecko Eye"],"picked":"Ring of the Serpent"}],"items_purged_floors":[20],"is_endless":false,"potions_floor_spawned":[3,4,6,8,14,18,22,28,31],"killed_by":"Collector","ascension_level":6}