{"gold_per_floor":[110,136,14,24,40,68,87,87,110,136,147,166,166,166,166,261,291,308,323,343,343,253,96,96,131,131,156,156,181,209,234,246,258],"floor_reached":33,"playtime":2960,"items_purged":["Strike_R"],"score":437,"play_id":"082be143-c50e-49b8-84b4-1436a6fd5a27","local_time":"20190807214252","is_ascension_mode":true,"campfire_choices":[{"data":"Inflame","floor":8,"key":"SMITH"},{"data":"Armaments","floor":13,"key":"SMITH"},{"data":"Rage","floor":15,"key":"SMITH"},{"data":"Reaper","floor":24,"key":"SMITH"},{"floor":28,"key":"REST"},{"data":"Uppercut","floor":32,"key":"SMITH"}],"neow_cost":"NONE","seed_source_timestamp":1992905402182000,"circlet_count":0,"master_deck":["Strike_R","Strike_R","Strike_R","Defend_R","Defend_R","Defend_R","Defend_R","Bash","Rage+1","Inflame+1","True Grit","Perfected Strike","Cleave","Pommel Strike+1","Intimidate","Sentinel","Armaments+1","Bloodletting","Reaper+1","Writhe","Clumsy","Regret","Heavy Blade","Clothesline","Evolve","Uppercut+1","Wild Strike+1","Shrug It Off","Power Through+1","Shrug It Off","Havoc+1"],"relics":["Burning Blood","Pen Nib","Bronze Scales","Orichalcum","Strawberry","Calling Bell","Tiny Chest","Pantograph","Thread and Needle","Vajra","Self Forming Clay","Smiling Mask","MawBank"],"potions_floor_usage":[16,16,16,29],"damage_taken":[{"damage":6,"enemies":"Cultist","floor":1,"turns":3},{"damage":7,"enemies":"Jaw Worm","floor":4,"turns":3},{"damage":1,"enemies":"2 Louse","floor":5,"turns":2},{"damage":21,"enemies":"3 Sentries","floor":6,"turns":8},{"damage":21,"enemies":"Large Slime","floor":7,"turns":5},{"damage":37,"enemies":"Lagavulin","floor":10,"turns":6},{"damage":16,"enemies":"Exordium Thugs","floor":11,"turns":3},{"damage":1,"enemies":"Exordium Wildlife","floor":12,"turns":3},{"damage":20,"enemies":"The Guardian","floor":16,"turns":12},{"damage":15,"enemies":"3 Byrds","floor":18,"turns":3},{"damage":5,"enemies":"Chosen","floor":19,"turns":4},{"damage":69,"enemies":"3 Cultists","floor":20,"turns":6},{"damage":52,"enemies":"Slavers","floor":25,"turns":5},{"damage":56,"enemies":"Gremlin Leader","floor":27,"turns":7},{"damage":30,"enemies":"Slavers","floor":29,"turns":3},{"damage":29,"enemies":"Centurion and Healer","floor":30,"turns":6},{"damage":14,"enemies":"Snake Plant","floor":31,"turns":3},{"damage":81,"enemies":"Automaton","floor":33,"turns":6}],"seed_played":"6766651882538422917","potions_obtained":[{"floor":6,"key":"GamblersBrew"},{"floor":7,"key":"SteroidPotion"},{"floor":12,"key":"Swift Potion"},{"floor":16,"key":"Strength Potion"},{"floor":18,"key":"SpeedPotion"},{"floor":25,"key":"Strength Potion"}],"is_trial":false,"path_per_floor":["M","T","$","M","M","E","M","R","T","E","M","M","R","?","R","B",null,"M","M","M","?","?","$","R","E","T","E","R","E","M","M","R","B"],"character_chosen":"IRONCLAD","items_purchased":["Inflame","True Grit","Uppercut"],"campfire_rested":1,"item_purchase_floors":[3,3,23],"current_hp_per_floor":[80,80,80,79,84,69,54,54,54,30,20,25,25,25,25,11,74,72,73,31,62,62,62,62,33,33,11,39,80,57,49,49,0],"gold":258,"neow_bonus":"TEN_PERCENT_HP_BONUS","is_prod":false,"is_daily":false,"chose_seed":false,"campfire_upgraded":5,"win_rate":0,"timestamp":1565228572,"path_taken":["M","?","$","M","M","E","M","R","T","E","M","M","R","?","R","BOSS","M","M","M","?","?","$","R","E","T","E","R","E","?","M","R","BOSS"],"build_version":"2019-07-17","purchased_purges":1,"victory":false,"max_hp_per_floor":[88,88,88,88,88,88,88,88,88,95,95,95,95,95,95,95,95,95,95,95,95,95,95,95,95,95,95,95,95,95,95,95,95],"card_choices":[{"not_picked":["Warcry","Blood for Blood"],"picked":"Rage","floor":1},{"not_picked":["Combust","Rupture"],"picked":"Perfected Strike","floor":4},{"not_picked":["Iron Wave","Sword Boomerang"],"picked":"Cleave","floor":5},{"not_picked":["Exhume","Flex"],"picked":"Pommel Strike","floor":6},{"not_picked":["Thunderclap","Seeing Red"],"picked":"Intimidate","floor":7},{"not_picked":["Havoc","Cleave"],"picked":"Sentinel","floor":10},{"not_picked":["Bloodletting","Body Slam"],"picked":"Armaments","floor":11},{"not_picked":["Iron Wave","Body Slam"],"picked":"Bloodletting","floor":12},{"not_picked":["Dark Embrace","Brutality"],"picked":"Reaper","floor":16},{"not_picked":["Thunderclap","Ghostly Armor+1"],"picked":"Heavy Blade","floor":18},{"not_picked":["Pommel Strike","Carnage"],"picked":"Clothesline","floor":19},{"not_picked":["Armaments","Reckless Charge"],"picked":"Evolve","floor":20},{"not_picked":["Havoc","Intimidate+1"],"picked":"Wild Strike+1","floor":25},{"not_picked":["Sentinel+1","Flex"],"picked":"Shrug It Off","floor":27},{"not_picked":["Evolve","Sword Boomerang"],"picked":"Power Through+1","floor":29},{"not_picked":["Thunderclap+1","Rupture"],"picked":"Shrug It Off","floor":30},{"not_picked":["Iron Wave","Bloodletting"],"picked":"Havoc+1","floor":31}],"player_experience":544207,"relics_obtained":[{"floor":2,"key":"Pen Nib"},{"floor":6,"key":"Bronze Scales"},{"floor":9,"key":"Orichalcum"},{"floor":10,"key":"Strawberry"},{"floor":17,"key":"Tiny Chest"},{"floor":17,"key":"Pantograph"},{"floor":17,"key":"Thread and Needle"},{"floor":25,"key":"Vajra"},{"floor":26,"key":"Self Forming Clay"},{"floor":27,"key":"Smiling Mask"},{"floor":29,"key":"MawBank"}],"event_choices":[{"damage_healed":0,"gold_gain":0,"player_choice":"Ignored","damage_taken":0,"max_hp_gain":0,"max_hp_loss":0,"event_name":"Golden Idol","floor":14,"gold_loss":0},{"damage_healed":31,"gold_gain":0,"player_choice":"Heal","damage_taken":0,"max_hp_gain":0,"max_hp_loss":0,"event_name":"The Library","floor":21,"gold_loss":0},{"cards_removed":["Strike_R"],"damage_healed":0,"gold_gain":0,"player_choice":"Upgrade and Remove","damage_taken":0,"max_hp_gain":0,"max_hp_loss":0,"event_name":"Designer","floor":22,"gold_loss":90,"cards_upgraded":["Pommel Strike"]}],"is_beta":false,"boss_relics":[{"not_picked":["Astrolabe","Fusion Hammer"],"picked":"Calling Bell"}],"items_purged_floors":[23],"is_endless":false,"potions_floor_spawned":[6,7,12,16,18,25,27],"killed_by":"Automaton","ascension_level":6}