{"gold_per_floor":[112,124,137,137,38,65,82,93,93,125,125,140,150,150,150,246,246,257,267,278,35,10,44,44,54,107,126,126],"floor_reached":28,"playtime":1985,"items_purged":["Normality"],"score":329,"play_id":"32958111-d835-48bb-92a4-4a52927bfec5","local_time":"20180729071322","is_ascension_mode":false,"campfire_choices":[{"data":"Buffer","floor":11,"key":"SMITH"},{"data":"White Noise","floor":15,"key":"SMITH"},{"data":"Capacitor","floor":24,"key":"SMITH"}],"neow_cost":"CURSE","seed_source_timestamp":106393589127334,"circlet_count":0,"master_deck":["Strike_B","Strike_B","Strike_B","Defend_B","Defend_B","Zap","Dualcast","Injury","Buffer+1","Hello World","BootSequence","White Noise","Chill","Coolheaded","Gash","Doom and Gloom","White Noise+1","Gash","Amplify","Gash","Seek","All For One","Clumsy","Parasite","Doubt","Undo+1","Gash","Fusion","Gash","Capacitor+1","Redo","Streamline+1","Blizzard","Genetic Algorithm"],"relics":["Cracked Core","Gremlin Horn","Sundial","Bottled Lightning","Darkstone Periapt","Calling Bell","Potion Belt","Ornamental Fan","Ginger","Happy Flower","Du-Vu Doll","Dream Catcher"],"potions_floor_usage":[16,16,16,20,27,28],"damage_taken":[{"damage":9,"enemies":"Jaw Worm","floor":1,"turns":4},{"damage":5,"enemies":"Cultist","floor":2,"turns":4},{"damage":0,"enemies":"Small Slimes","floor":3,"turns":4},{"damage":1,"enemies":"Lagavulin","floor":6,"turns":10},{"damage":0,"enemies":"2 Fungi Beasts","floor":7,"turns":4},{"damage":19,"enemies":"Gremlin Gang","floor":8,"turns":3},{"damage":0,"enemies":"3 Sentries","floor":10,"turns":3},{"damage":0,"enemies":"Red Slaver","floor":12,"turns":4},{"damage":0,"enemies":"2 Fungi Beasts","floor":13,"turns":3},{"damage":21,"enemies":"The Guardian","floor":16,"turns":8},{"damage":33,"enemies":"3 Byrds","floor":18,"turns":7},{"damage":0,"enemies":"Shell Parasite","floor":19,"turns":6},{"damage":10,"enemies":"Sentry and Sphere","floor":20,"turns":4},{"damage":16,"enemies":"Gremlin Leader","floor":23,"turns":5},{"damage":6,"enemies":"Centurion and Healer","floor":25,"turns":4},{"damage":26,"enemies":"Snake Plant","floor":27,"turns":5},{"damage":8,"enemies":"Book of Stabbing","floor":28,"turns":1}],"seed_played":"3839657291808066519","potions_obtained":[{"floor":1,"key":"Strength Potion"},{"floor":3,"key":"FocusPotion"},{"floor":6,"key":"EssenceOfSteel"},{"floor":16,"key":"GamblersBrew"},{"floor":19,"key":"Explosive Potion"},{"floor":25,"key":"FearPotion"}],"is_trial":false,"path_per_floor":["M","M","M","?","$","E","M","M","T","E","R","M","M","?","R","B",null,"M","M","M","$","$","E","R","M","T","M"],"character_chosen":"DEFECT","items_purchased":["Coolheaded","Gash","Capacitor","Happy Flower","Redo"],"campfire_rested":0,"item_purchase_floors":[5,21,21,21,22],"current_hp_per_floor":[66,61,68,68,68,67,67,48,48,48,48,55,55,55,55,34,93,60,60,50,50,50,34,34,28,28,2,0],"gold":126,"neow_bonus":"TRANSFORM_TWO_CARDS","is_prod":false,"is_daily":false,"chose_seed":false,"campfire_upgraded":3,"win_rate":0.0,"timestamp":1532841202,"path_taken":["M","M","M","?","$","E","M","?","T","E","R","M","M","?","R","BOSS","M","?","M","?","$","E","R","M","T","M","E"],"build_version":"2018-07-26","purchased_purges":1,"victory":false,"max_hp_per_floor":[75,75,75,75,75,75,75,75,75,75,75,75,75,75,75,75,93,93,93,93,93,93,93,93,93,93,93,93],"card_choices":[{"not_picked":["Ball Lightning","Hologram"],"picked":"BootSequence","floor":1},{"not_picked":["Stack","Rebound"],"picked":"White Noise","floor":2},{"not_picked":["Reprogram","Storm"],"picked":"Chill","floor":3},{"not_picked":["Steam","Sweeping Beam"],"picked":"Gash","floor":6},{"not_picked":["Stack","Gash"],"picked":"Doom and Gloom","floor":7},{"not_picked":["Melter","Stack"],"picked":"White Noise","floor":8},{"not_picked":["Glacier","Rebound"],"picked":"Gash","floor":10},{"not_picked":["Steam","Sweeping Beam"],"picked":"Amplify","floor":12},{"not_picked":["Barrage","Reprogram"],"picked":"Gash","floor":13},{"not_picked":["Rainbow","Multi-Cast"],"picked":"All For One","floor":16},{"not_picked":["Coolheaded+1","Double Energy"],"picked":"Undo+1","floor":18},{"not_picked":["Beam Cell+1","Barrage"],"picked":"Gash","floor":19},{"not_picked":["Chaos","Go for the Eyes"],"picked":"Fusion","floor":20},{"not_picked":["Rebound","Darkness"],"picked":"Streamline+1","floor":23},{"not_picked":["Coolheaded","Stack"],"picked":"Blizzard","floor":25},{"not_picked":["Buffer","Barrage+1"],"picked":"Genetic Algorithm","floor":27}],"player_experience":84011,"relics_obtained":[{"floor":6,"key":"Sundial"},{"floor":9,"key":"Bottled Lightning"},{"floor":10,"key":"Darkstone Periapt"},{"floor":17,"key":"Potion Belt"},{"floor":17,"key":"Ornamental Fan"},{"floor":17,"key":"Ginger"},{"floor":23,"key":"Du-Vu Doll"},{"floor":26,"key":"Dream Catcher"}],"event_choices":[{"event_name":"Accursed Blacksmith","player_choice":"Rummage","floor":4,"damage_taken":0},{"event_name":"Living Wall","player_choice":"Change","floor":14,"damage_taken":0}],"is_beta":false,"boss_relics":[{"not_picked":["Busted Crown","Runic Pyramid"],"picked":"Calling Bell"}],"items_purged_floors":[5],"is_endless":false,"potions_floor_spawned":[1,3,6,16,19,25],"killed_by":"Book of Stabbing","ascension_level":0}