{"gold_per_floor":[119,129,79,93,93,134,134,149,149,165,165,53,69,83,83,202,202,217,236,261,284,309,309,323,341,368,393,393,416,416,434,434,434],"floor_reached":33,"playtime":4042,"items_purged":["Strike_R"],"score":259,"play_id":"29862ed5-d9c2-4833-aab8-3376fbdcfdc3","local_time":"20190803225100","is_ascension_mode":false,"campfire_choices":[{"floor":7,"key":"REST"},{"floor":15,"key":"REST"},{"floor":23,"key":"REST"},{"data":"Combust","floor":28,"key":"SMITH"},{"data":"1","floor":30,"key":"LIFT"},{"data":"2","floor":32,"key":"LIFT"}],"neow_cost":"NONE","seed_source_timestamp":187306533117800,"circlet_count":0,"master_deck":["Strike_R","Strike_R","Strike_R","Defend_R","Defend_R","Defend_R","Defend_R","Bash+1","Dual Wield","Dropkick","Battle Trance","Infernal Blade","Heavy Blade","Warcry","Discovery","Sword Boomerang","Rampage","Combust+1","Clash","Feed","Metallicize","Headbutt+1","Pommel Strike","Bludgeon","Anger","Cleave","Anger","Clothesline+1","Twin Strike+1","Flame Barrier+1"],"relics":["Burning Blood","Golden Idol","Girya","Torii","Velvet Choker","Pen Nib"],"potions_floor_usage":[16,22,33,33],"damage_taken":[{"damage":0,"enemies":"2 Louse","floor":1,"turns":3},{"damage":20,"enemies":"Jaw Worm","floor":2,"turns":4},{"damage":0,"enemies":"Small Slimes","floor":4,"turns":5},{"damage":37,"enemies":"Gremlin Nob","floor":6,"turns":5},{"damage":46,"enemies":"Gremlin Gang","floor":8,"turns":5},{"damage":6,"enemies":"Lots of Slimes","floor":10,"turns":4},{"damage":8,"enemies":"3 Louse","floor":13,"turns":3},{"damage":2,"enemies":"Exordium Thugs","floor":14,"turns":4},{"damage":23,"enemies":"Slime Boss","floor":16,"turns":7},{"damage":15,"enemies":"3 Byrds","floor":18,"turns":4},{"damage":3,"enemies":"Chosen","floor":19,"turns":4},{"damage":28,"enemies":"Snecko","floor":20,"turns":4},{"damage":25,"enemies":"Centurion and Healer","floor":21,"turns":5},{"damage":20,"enemies":"Cultist and Chosen","floor":22,"turns":6},{"damage":11,"enemies":"Snecko","floor":24,"turns":3},{"damage":17,"enemies":"Centurion and Healer","floor":25,"turns":5},{"damage":9,"enemies":"3 Cultists","floor":27,"turns":4},{"damage":3,"enemies":"Snake Plant","floor":29,"turns":2},{"damage":20,"enemies":"Snecko","floor":31,"turns":4},{"damage":44,"enemies":"Collector","floor":33,"turns":3}],"seed_played":"8998597418197961500","potions_obtained":[{"floor":4,"key":"Dexterity Potion"},{"floor":10,"key":"Dexterity Potion"},{"floor":13,"key":"Block Potion"},{"floor":14,"key":"Explosive Potion"},{"floor":18,"key":"Poison Potion"},{"floor":21,"key":"FairyPotion"},{"floor":22,"key":"Fruit Juice"},{"floor":27,"key":"Strength Potion"}],"is_trial":false,"path_per_floor":["M","M","?","M","?","E","R","M","T","M","?","$","M","M","R","B",null,"M","M","M","M","M","R","M","M","T","M","R","M","R","M","R","B"],"character_chosen":"IRONCLAD","items_purchased":["Rampage"],"campfire_rested":3,"item_purchase_floors":[12],"current_hp_per_floor":[80,66,66,72,72,41,63,23,23,23,23,23,21,25,47,30,74,68,74,55,36,27,53,48,37,37,37,37,40,40,26,26,0],"gold":434,"neow_bonus":"UPGRADE_CARD","is_prod":false,"is_daily":false,"chose_seed":false,"campfire_upgraded":1,"win_rate":0.0,"timestamp":1564869060,"path_taken":["M","M","?","M","?","E","R","?","T","M","?","$","M","M","R","BOSS","M","M","M","M","?","R","M","?","T","M","R","?","R","M","R","BOSS"],"build_version":"2019-07-17","purchased_purges":1,"victory":false,"max_hp_per_floor":[80,80,80,80,74,74,74,74,74,74,74,74,74,74,74,74,74,77,80,83,83,88,88,88,88,88,91,91,91,91,91,91,91],"card_choices":[{"not_picked":["Armaments","Flex"],"picked":"Dual Wield","floor":1},{"not_picked":["Hemokinesis","Ghostly Armor"],"picked":"Dropkick","floor":2},{"not_picked":["Clothesline","True Grit"],"picked":"Battle Trance","floor":4},{"not_picked":["Cleave","Battle Trance"],"picked":"Infernal Blade","floor":6},{"not_picked":["Shrug It Off","Body Slam"],"picked":"Heavy Blade","floor":8},{"not_picked":["Clothesline","Reckless Charge"],"picked":"Warcry","floor":10},{"not_picked":["Whirlwind","Blood for Blood"],"picked":"Combust","floor":13},{"not_picked":["Headbutt","Flex"],"picked":"Clash","floor":14},{"not_picked":["Fiend Fire","Impervious"],"picked":"Feed","floor":16},{"not_picked":["Heavy Blade","Warcry"],"picked":"Metallicize","floor":18},{"not_picked":["Armaments","Perfected Strike"],"picked":"Headbutt+1","floor":19},{"not_picked":["Perfected Strike","Heavy Blade"],"picked":"Pommel Strike","floor":20},{"not_picked":["Clothesline","Power Through"],"picked":"Bludgeon","floor":21},{"not_picked":["Flex","Searing Blow"],"picked":"Anger","floor":22},{"not_picked":["Brutality","Feel No Pain"],"picked":"Cleave","floor":24},{"not_picked":["True Grit+1","Disarm"],"picked":"Anger","floor":25},{"not_picked":["Headbutt","True Grit+1"],"picked":"Clothesline+1","floor":27},{"not_picked":["True Grit+1","Armaments+1"],"picked":"Twin Strike+1","floor":29},{"not_picked":["Corruption","Anger"],"picked":"Flame Barrier+1","floor":31}],"player_experience":14440,"relics_obtained":[{"floor":6,"key":"Girya"},{"floor":9,"key":"Torii"},{"floor":26,"key":"Pen Nib"}],"event_choices":[{"cards_removed":["Strike_R"],"damage_healed":0,"gold_gain":0,"player_choice":"Card Removal","damage_taken":0,"max_hp_gain":0,"max_hp_loss":0,"event_name":"The Cleric","floor":3,"gold_loss":50},{"damage_healed":0,"gold_gain":0,"player_choice":"Lose Max HP","damage_taken":0,"relics_obtained":["Golden Idol"],"max_hp_gain":0,"max_hp_loss":6,"event_name":"Golden Idol","floor":5,"gold_loss":0},{"damage_healed":0,"gold_gain":0,"player_choice":"2 cards matched","damage_taken":0,"max_hp_gain":0,"max_hp_loss":0,"event_name":"Match and Keep!","floor":11,"gold_loss":0,"cards_obtained":["Discovery","Sword Boomerang"]},{"damage_healed":0,"gold_gain":0,"player_choice":"2 cards matched","damage_taken":0,"max_hp_gain":0,"max_hp_loss":0,"event_name":"Match and Keep!","floor":11,"gold_loss":0,"cards_obtained":["Discovery","Sword Boomerang"]}],"is_beta":false,"boss_relics":[{"not_picked":["Ectoplasm","Lizard Tail"],"picked":"Velvet Choker"}],"items_purged_floors":[12],"is_endless":false,"potions_floor_spawned":[4,10,13,14,18,21,22,27],"killed_by":"Collector","ascension_level":0}