{"gold_per_floor":[118,43,143,4,18,44,44,69,69,95,111,111],"floor_reached":12,"playtime":392,"items_purged":["Defend_G","Strike_G"],"score":194,"play_id":"e09cad37-0597-4a9c-956a-0d27307f08a5","local_time":"20190716225355","is_ascension_mode":true,"campfire_choices":[{"data":"Leg Sweep","floor":7.0,"key":"SMITH"}],"neow_cost":"NONE","seed_source_timestamp":10298564222511,"circlet_count":0,"master_deck":["AscendersBane","Strike_G","Strike_G","Strike_G","Strike_G","Defend_G","Defend_G","Defend_G","Defend_G","Survivor","Neutralize","Acrobatics","Leg Sweep+1","Predator","Heel Hook","Backflip"],"special_seed":0,"relics":["Ring of the Snake","NeowsBlessing","Ornamental Fan","Paper Crane","Sundial","Ninja Scroll"],"potions_floor_usage":[],"damage_taken":[{"damage":0.0,"enemies":"Jaw Worm","floor":1.0,"turns":1.0},{"damage":0.0,"enemies":"Cultist","floor":5.0,"turns":1.0},{"damage":0.0,"enemies":"Gremlin Nob","floor":6.0,"turns":1.0},{"damage":24.0,"enemies":"Lagavulin","floor":8.0,"turns":8.0},{"damage":24.0,"enemies":"Gremlin Nob","floor":10.0,"turns":4.0},{"damage":0.0,"enemies":"2 Louse","floor":11.0,"turns":2.0},{"damage":18,"enemies":"3 Sentries","floor":12,"turns":8}],"seed_played":"2555910032321764830","potions_obtained":[{"floor":5.0,"key":"FearPotion"},{"floor":6.0,"key":"AttackPotion"},{"floor":8.0,"key":"FearPotion"}],"is_trial":false,"path_per_floor":["M","$","?","$","M","E","R","E","T","E","M","E"],"character_chosen":"THE_SILENT","items_purchased":["Leg Sweep"],"campfire_rested":0,"item_purchase_floors":[4],"current_hp_per_floor":[63,63,63,63,63,63,63,39,39,15,15,0],"gold":111,"neow_bonus":"THREE_ENEMY_KILL","is_prod":false,"is_daily":false,"chose_seed":false,"campfire_upgraded":1,"win_rate":0,"timestamp":1563342835,"path_taken":["M","$","?","?","M","E","R","E","T","E","?","E"],"build_version":"2019-07-05","purchased_purges":2,"victory":false,"max_hp_per_floor":[70,70,70,70,70,70,70,70,70,70,70,70],"card_choices":[{"not_picked":["Deflect","Setup"],"picked":"Acrobatics","floor":1.0},{"not_picked":["Sucker Punch","Accuracy","Quick Slash"],"picked":"SKIP","floor":5.0},{"not_picked":["PiercingWail","Sucker Punch","Dodge and Roll"],"picked":"SKIP","floor":6.0},{"not_picked":["PiercingWail","Deadly Poison"],"picked":"Predator","floor":8.0},{"not_picked":["Footwork","Accuracy"],"picked":"Heel Hook","floor":10.0},{"not_picked":["Concentrate","Dagger Spray"],"picked":"Backflip","floor":11.0}],"player_experience":607943,"relics_obtained":[{"floor":6.0,"key":"Ornamental Fan"},{"floor":8.0,"key":"Paper Crane"},{"floor":9.0,"key":"Sundial"},{"floor":10.0,"key":"Ninja Scroll"}],"event_choices":[{"damage_healed":0.0,"max_hp_gain":0.0,"max_hp_loss":0.0,"gold_gain":100.0,"event_name":"Golden Shrine","player_choice":"Pray","floor":3.0,"gold_loss":0.0,"damage_taken":0.0}],"is_beta":false,"boss_relics":[],"items_purged_floors":[2,4],"is_endless":false,"potions_floor_spawned":[5,6,8],"killed_by":"3 Sentries","ascension_level":12}