{"gold_per_floor":[117,72,72,90,15,48,48,67,67,67,84,96,246,246,246,318,318,337,387,398,411,55,55],"floor_reached":23,"playtime":1270,"items_purged":["Strike_G","Doubt"],"score":421,"play_id":"aad4679f-3e38-4de8-b1c0-2b8b663e3c5c","local_time":"20190727122733","is_ascension_mode":true,"campfire_choices":[{"data":"Noxious Fumes","floor":7.0,"key":"SMITH"},{"data":"Neutralize","floor":15.0,"key":"SMITH"}],"neow_cost":"NONE","seed_source_timestamp":979229995645,"circlet_count":0,"master_deck":["AscendersBane","Strike_G","Strike_G","Strike_G","Defend_G","Defend_G","Defend_G","Defend_G","Defend_G","Survivor","Neutralize+1","All Out Attack","Noxious Fumes+1","Leg Sweep","Grand Finale","Blur","Predator","Dagger Throw","A Thousand Cuts","Crippling Poison+1","Dash","Envenom","Sadistic Nature","Well Laid Plans"],"special_seed":0,"relics":["Ring of the Snake","NeowsBlessing","FaceOfCleric","Mummified Hand","Darkstone Periapt","Singing Bowl","Sozu"],"potions_floor_usage":[23,23],"damage_taken":[{"damage":0.0,"enemies":"Jaw Worm","floor":1.0,"turns":1.0},{"damage":0.0,"enemies":"Cultist","floor":4.0,"turns":1.0},{"damage":0.0,"enemies":"Lagavulin","floor":6.0,"turns":1.0},{"damage":0.0,"enemies":"2 Louse","floor":8.0,"turns":2.0},{"damage":0.0,"enemies":"2 Fungi Beasts","floor":11.0,"turns":3.0},{"damage":1.0,"enemies":"Large Slime","floor":12.0,"turns":3.0},{"damage":46.0,"enemies":"The Guardian","floor":16.0,"turns":12.0},{"damage":28.0,"enemies":"Chosen","floor":18.0,"turns":6.0},{"damage":14.0,"enemies":"2 Thieves","floor":20.0,"turns":4.0},{"damage":5.0,"enemies":"3 Cultists","floor":21.0,"turns":4.0},{"damage":25,"enemies":"Slavers","floor":23,"turns":4}],"seed_played":"-840269024734754423","potions_obtained":[{"floor":4.0,"key":"SteroidPotion"},{"floor":8.0,"key":"Dexterity Potion"},{"floor":11.0,"key":"SpeedPotion"},{"floor":12.0,"key":"Explosive Potion"}],"is_trial":false,"path_per_floor":["M","$","?","M","$","E","R","M","T","?","M","M","?","?","R","B",null,"M","?","M","M","$","E"],"character_chosen":"THE_SILENT","items_purchased":["Noxious Fumes","Sadistic Nature","Well Laid Plans"],"campfire_rested":0,"item_purchase_floors":[2,22,22],"current_hp_per_floor":[59,59,59,60,60,61,61,62,62,62,63,63,69,64,64,19,63,36,36,23,19,19,0],"gold":55,"neow_bonus":"THREE_ENEMY_KILL","is_prod":false,"is_daily":false,"chose_seed":false,"campfire_upgraded":2,"win_rate":0,"timestamp":1564255653,"path_taken":["M","$","?","?","$","E","R","M","T","?","M","M","?","?","R","BOSS","M","?","?","M","$","E"],"build_version":"2019-07-17","purchased_purges":2,"victory":false,"max_hp_per_floor":[66,66,66,67,67,68,68,69,69,69,70,71,77,77,77,78,78,79,79,80,81,81,81],"card_choices":[{"not_picked":["PiercingWail","Flying Knee"],"picked":"All Out Attack","floor":1.0},{"not_picked":["PiercingWail","Tactician"],"picked":"Leg Sweep","floor":4.0},{"not_picked":["Riddle With Holes","Dagger Throw"],"picked":"Grand Finale","floor":6.0},{"not_picked":["Quick Slash","Deflect"],"picked":"Blur","floor":8.0},{"not_picked":["Quick Slash","Deflect"],"picked":"Predator","floor":11.0},{"not_picked":["Slice","PiercingWail"],"picked":"Dagger Throw","floor":12.0},{"not_picked":["Die Die Die","Envenom"],"picked":"A Thousand Cuts","floor":16.0},{"not_picked":["Flying Knee","Slice"],"picked":"Crippling Poison+1","floor":18.0},{"not_picked":["Tactician","Poisoned Stab+1"],"picked":"Dash","floor":20.0},{"not_picked":["Backflip","Dagger Throw"],"picked":"Envenom","floor":21.0}],"player_experience":681488,"relics_obtained":[{"floor":6.0,"key":"Mummified Hand"},{"floor":9.0,"key":"Darkstone Periapt"}],"event_choices":[{"damage_healed":0.0,"max_hp_gain":0.0,"max_hp_loss":0.0,"gold_gain":0.0,"event_name":"FaceTrader","player_choice":"Trade","floor":3.0,"gold_loss":0.0,"damage_taken":0.0,"relics_obtained":["FaceOfCleric"]},{"cards_removed":["Strike_G"],"damage_healed":0.0,"max_hp_gain":0.0,"max_hp_loss":0.0,"gold_gain":0.0,"event_name":"Living Wall","player_choice":"Forget","floor":10.0,"gold_loss":0.0,"damage_taken":0.0},{"damage_healed":0.0,"max_hp_gain":0.0,"max_hp_loss":0.0,"gold_gain":150.0,"event_name":"Liars Game","player_choice":"AGREE","floor":13.0,"gold_loss":0.0,"damage_taken":0.0,"cards_obtained":["Doubt"]},{"damage_healed":0.0,"max_hp_gain":0.0,"max_hp_loss":0.0,"gold_gain":0.0,"event_name":"Scrap Ooze","player_choice":"Success","floor":14.0,"gold_loss":0.0,"damage_taken":5.0,"relics_obtained":["Singing Bowl"]},{"damage_healed":0.0,"max_hp_gain":0.0,"max_hp_loss":0.0,"gold_gain":100.0,"event_name":"The Joust","player_choice":"Bet on Murderer","floor":19.0,"gold_loss":50.0,"damage_taken":0.0}],"is_beta":false,"boss_relics":[{"not_picked":["Philosopher\u0027s Stone","Velvet Choker"],"picked":"Sozu"}],"items_purged_floors":[5,22],"is_endless":false,"potions_floor_spawned":[4,8,11,12,18,21],"killed_by":"Slavers","ascension_level":19}