{"gold_per_floor":[113,288,288,302,315,345,355,376,376,376,402,422,442,454,454,558,558,571,587,137,62,62,62,62,88,88,115,129,129,148,161,161,256,256,275,275,120,220,238,267,15,15,39,58,74,106,106,133,133,133,133,133,13,43,43],"floor_reached":56,"playtime":2885,"items_purged":["Strike_G","Strike_G+1"],"score":1440,"play_id":"23d04179-cb81-4b9c-b7db-06e6209c999c","local_time":"20190529060715","is_ascension_mode":true,"campfire_choices":[{"floor":10.0,"key":"REST"},{"floor":15.0,"key":"REST"},{"data":"Neutralize","floor":23.0,"key":"SMITH"},{"data":"Footwork","floor":29,"key":"SMITH"},{"data":"Blade Dance","floor":32,"key":"SMITH"},{"data":"Noxious Fumes","floor":42,"key":"SMITH"},{"floor":49,"key":"RECALL"},{"data":"Dash","floor":52,"key":"SMITH"}],"neow_cost":"NONE","seed_source_timestamp":51300138712127,"circlet_count":0,"master_deck":["Defend_G","Defend_G","Defend_G","Strike_G+1","Survivor","Neutralize+1","Deadly Poison","Bane","Escape Plan","Blade Dance+1","Dash+1","Corpse Explosion+1","Backflip+1","Infinite Blades","Malaise+1","Footwork+1","PiercingWail+1","After Image","Cloak And Dagger+1","Envenom+1","PiercingWail+1","Dodge and Roll+1","Noxious Fumes+1","Burst+1","A Thousand Cuts","Acrobatics+1","Sucker Punch+1","Glass Knife+1","Backstab+1","Catalyst+1","Catalyst+1","Adrenaline+1","Clumsy","Malaise+1","Crippling Poison+1","Leg Sweep+1","Well Laid Plans","Deflect+1","Cloak And Dagger+1"],"special_seed":0,"relics":["Ring of the Snake","Whetstone","Kunai","Odd Mushroom","Ornamental Fan","Toxic Egg 2","Cursed Key","Bottled Tornado","PreservedInsect","Question Card","Astrolabe","Snake Skull","Gambling Chip","Meat on the Bone","Blood Vial","Oddly Smooth Stone","Pear"],"potions_floor_usage":[55,55,55],"damage_taken":[{"damage":2.0,"enemies":"Jaw Worm","floor":1.0,"turns":4.0},{"damage":0.0,"enemies":"2 Louse","floor":4.0,"turns":2.0},{"damage":0.0,"enemies":"Small Slimes","floor":5.0,"turns":3.0},{"damage":23.0,"enemies":"3 Sentries","floor":6.0,"turns":10.0},{"damage":0.0,"enemies":"Blue Slaver","floor":7.0,"turns":5.0},{"damage":23.0,"enemies":"The Mushroom Lair","floor":8.0,"turns":6.0},{"damage":31.0,"enemies":"Gremlin Nob","floor":11.0,"turns":5.0},{"damage":0.0,"enemies":"Exordium Thugs","floor":12.0,"turns":5.0},{"damage":0.0,"enemies":"Looter","floor":13.0,"turns":3.0},{"damage":0.0,"enemies":"3 Louse","floor":14.0,"turns":1.0},{"damage":16.0,"enemies":"The Guardian","floor":16.0,"turns":15.0},{"damage":0.0,"enemies":"3 Byrds","floor":18.0,"turns":3.0},{"damage":15.0,"enemies":"2 Thieves","floor":19.0,"turns":3.0},{"damage":9.0,"enemies":"Gremlin Leader","floor":25.0,"turns":9.0},{"damage":2,"enemies":"Slavers","floor":27,"turns":3},{"damage":1,"enemies":"Shelled Parasite and Fungi","floor":28,"turns":7},{"damage":0,"enemies":"Snecko","floor":30,"turns":6},{"damage":0,"enemies":"Snake Plant","floor":31,"turns":5},{"damage":0,"enemies":"Collector","floor":33,"turns":10},{"damage":4,"enemies":"3 Shapes","floor":35,"turns":4},{"damage":0,"enemies":"Mind Bloom Boss Battle","floor":38,"turns":7},{"damage":0,"enemies":"Orb Walker","floor":39,"turns":5},{"damage":17,"enemies":"Reptomancer","floor":40,"turns":6},{"damage":2,"enemies":"Sphere and 2 Shapes","floor":44,"turns":5},{"damage":0,"enemies":"4 Shapes","floor":45,"turns":1},{"damage":0,"enemies":"Giant Head","floor":46,"turns":7},{"damage":11,"enemies":"Nemesis","floor":48,"turns":7},{"damage":10,"enemies":"Donu and Deca","floor":50,"turns":10},{"damage":7,"enemies":"Shield and Spear","floor":54,"turns":4},{"damage":5,"enemies":"The Heart","floor":55,"turns":12}],"seed_played":"-5777800181107235262","potions_obtained":[{"floor":6.0,"key":"SpeedPotion"},{"floor":7.0,"key":"Energy Potion"},{"floor":11.0,"key":"EssenceOfSteel"},{"floor":12.0,"key":"SkillPotion"},{"floor":13.0,"key":"PowerPotion"},{"floor":39,"key":"Dexterity Potion"},{"floor":45,"key":"LiquidBronze"}],"is_trial":false,"path_per_floor":["M","?","?","M","M","E","M","?","T","R","E","M","M","M","R","B",null,"M","M","$","?","?","R","?","E","T","E","M","R","M","M","R","B",null,"M","?","$","?","M","E","$","R","T","M","M","E","?","E","R","B",null,"R","$","E","B",null],"character_chosen":"THE_SILENT","items_purchased":["After Image","Cloak And Dagger+1","Bottled Tornado","Snake Skull","Adrenaline+1","Well Laid Plans","Deflect+1"],"campfire_rested":2,"item_purchase_floors":[20,20,20,37,41,53,53],"current_hp_per_floor":[68,68,61,61,61,38,38,15,15,36,5,5,5,5,26,10,70,70,55,55,55,55,55,55,46,46,44,43,43,43,43,43,43,70,66,66,66,66,66,49,49,49,49,47,47,47,70,59,59,51,70,70,70,73,70],"gold":43,"neow_bonus":"RANDOM_COMMON_RELIC","is_prod":false,"is_daily":false,"chose_seed":false,"campfire_upgraded":5,"win_rate":0,"timestamp":1559099235,"path_taken":["M","?","?","M","M","E","M","?","T","R","E","M","M","?","R","BOSS","M","M","$","?","?","R","?","E","T","E","M","R","M","M","R","BOSS","M","?","?","?","M","E","$","R","T","?","M","E","?","E","R","BOSS","R","$","E","BOSS"],"build_version":"2019-01-23","purchased_purges":2,"victory":true,"max_hp_per_floor":[70,70,70,70,70,70,70,70,70,70,70,70,70,70,70,70,70,70,70,70,70,70,70,70,70,70,70,70,70,70,70,70,70,70,70,70,70,70,70,70,70,70,70,70,70,70,70,70,70,70,70,70,70,80,80],"card_choices":[{"not_picked":["Cloak And Dagger","Slice"],"picked":"Deadly Poison","floor":1.0},{"not_picked":["Sucker Punch","Setup"],"picked":"Bane","floor":4.0},{"not_picked":["Bane","Setup","Flechettes"],"picked":"SKIP","floor":5.0},{"not_picked":["Blur","Cloak And Dagger"],"picked":"Escape Plan","floor":6.0},{"not_picked":["Slice","Deadly Poison"],"picked":"Blade Dance","floor":7.0},{"not_picked":["Backflip","Dagger Throw"],"picked":"Dash","floor":8.0},{"not_picked":["Prepared","Eviscerate","Finisher"],"picked":"SKIP","floor":11.0},{"not_picked":["Bane","Backflip+1"],"picked":"Corpse Explosion+1","floor":12.0},{"not_picked":["Dash","Outmaneuver+1"],"picked":"Backflip+1","floor":13.0},{"not_picked":["Quick Slash","Endless Agony"],"picked":"Infinite Blades","floor":14.0},{"not_picked":["Grand Finale","Doppelganger+1"],"picked":"Malaise+1","floor":16.0},{"not_picked":["Dodge and Roll+1","Skewer"],"picked":"Footwork","floor":18.0},{"not_picked":["Sucker Punch","Deflect+1"],"picked":"PiercingWail+1","floor":19.0},{"not_picked":["Finisher+1","Poisoned Stab"],"picked":"Envenom","floor":25.0},{"not_picked":["Bouncing Flask+1","Poisoned Stab+1"],"picked":"PiercingWail+1","floor":27},{"not_picked":["Underhanded Strike","Tactician+1","Accuracy+1"],"picked":"Dodge and Roll+1","floor":28},{"not_picked":["Flechettes","Deadly Poison+1","Bane"],"picked":"Noxious Fumes","floor":30},{"not_picked":["Bane","Cloak And Dagger+1","Sucker Punch"],"picked":"Burst+1","floor":31},{"not_picked":["Bullet Time+1","Die Die Die","Phantasmal Killer+1"],"picked":"A Thousand Cuts","floor":33},{"not_picked":["Reflex+1","Bane","Acrobatics+1","PiercingWail+1"],"picked":"SKIP","floor":35},{"not_picked":["Acrobatics+1","Deadly Poison+1","Underhanded Strike"],"picked":"Backstab+1","floor":38},{"not_picked":["Acrobatics+1","Finisher","Well Laid Plans"],"picked":"Catalyst+1","floor":39},{"not_picked":["Acrobatics+1","Blade Dance+1","Bouncing Flask+1"],"picked":"Catalyst+1","floor":40},{"not_picked":["PiercingWail+1","Bouncing Flask+1","Dagger Throw+1"],"picked":"Malaise+1","floor":44},{"not_picked":["Accuracy+1","Infinite Blades","Dagger Throw"],"picked":"Crippling Poison+1","floor":45},{"not_picked":["Setup+1","Dagger Spray","Underhanded Strike+1"],"picked":"Leg Sweep+1","floor":46},{"not_picked":["PiercingWail+1","Poisoned Stab+1","Tools of the Trade","Expertise+1"],"picked":"SKIP","floor":48},{"not_picked":["Dagger Throw+1","PiercingWail+1","Dodge and Roll+1"],"picked":"Cloak And Dagger+1","floor":54}],"player_experience":929826,"relics_obtained":[{"floor":6.0,"key":"Kunai"},{"floor":8.0,"key":"Odd Mushroom"},{"floor":9.0,"key":"Ornamental Fan"},{"floor":11.0,"key":"Toxic Egg 2"},{"floor":25.0,"key":"PreservedInsect"},{"floor":27,"key":"Question Card"},{"floor":38,"key":"Gambling Chip"},{"floor":40,"key":"Meat on the Bone"},{"floor":46,"key":"Blood Vial"},{"floor":48,"key":"Oddly Smooth Stone"},{"floor":54,"key":"Pear"}],"event_choices":[{"damage_healed":0.0,"max_hp_gain":0.0,"max_hp_loss":0.0,"gold_gain":175.0,"event_name":"Liars Game","player_choice":"AGREE","floor":2.0,"gold_loss":0.0,"damage_taken":0.0,"cards_obtained":["Doubt"]},{"cards_removed":["Doubt"],"damage_healed":0.0,"max_hp_gain":0.0,"max_hp_loss":0.0,"gold_gain":0.0,"event_name":"Golden Wing","player_choice":"Card Removal","floor":3.0,"gold_loss":0.0,"damage_taken":7.0},{"damage_healed":0.0,"max_hp_gain":0.0,"max_hp_loss":0.0,"gold_gain":0.0,"event_name":"Mushrooms","player_choice":"Fought Mushrooms","floor":8.0,"gold_loss":0.0,"damage_taken":0.0},{"cards_removed":["Strike_G"],"damage_healed":0.0,"max_hp_gain":0.0,"max_hp_loss":0.0,"gold_gain":0.0,"event_name":"Beggar","player_choice":"Gave Gold","floor":21.0,"gold_loss":75.0,"damage_taken":0.0},{"damage_healed":0.0,"max_hp_gain":0.0,"max_hp_loss":0.0,"gold_gain":0.0,"event_name":"Vampires","player_choice":"Ignored","floor":22.0,"gold_loss":0.0,"damage_taken":0.0},{"damage_healed":0.0,"max_hp_gain":0.0,"max_hp_loss":0.0,"gold_gain":0.0,"event_name":"The Mausoleum","player_choice":"Ignored","floor":24.0,"gold_loss":0.0,"damage_taken":0.0},{"damage_healed":0,"gold_gain":0,"player_choice":"Forge","damage_taken":0,"max_hp_gain":0,"max_hp_loss":0,"event_name":"Accursed Blacksmith","floor":36,"gold_loss":0,"cards_upgraded":["Envenom"]},{"damage_healed":0,"gold_gain":0,"player_choice":"Fight","damage_taken":0,"max_hp_gain":0,"max_hp_loss":0,"event_name":"MindBloom","floor":38,"gold_loss":0},{"damage_healed":23,"gold_gain":0,"player_choice":"Full Heal","damage_taken":0,"max_hp_gain":0,"max_hp_loss":0,"event_name":"Wheel of Change","floor":47,"gold_loss":0}],"is_beta":false,"boss_relics":[{"not_picked":["Eternal Feather","Orrery"],"picked":"Cursed Key"},{"not_picked":["Lizard Tail","Pandora\u0027s Box"],"picked":"Astrolabe"}],"items_purged_floors":[20,41],"is_endless":false,"potions_floor_spawned":[6,7,11,12,13,19,25,27,39,40,44,45,48],"ascension_level":1}