{"gold_per_floor":[119,137,137,35,50,85,85,97,97,22,32,32,44,79,79,174,174,186,32,49,67,79,79,111,111,111,111,138,138,138,138,138,234,234,250,134,150,170,185,212,212,238,238,273,273,289,304,322,322,322,322,322,22,47,47],"floor_reached":55,"playtime":2291,"items_purged":[],"score":823,"play_id":"3a82a977-6c17-4727-bf22-a839756d26d1","local_time":"20190626232027","is_ascension_mode":true,"campfire_choices":[{"data":"Bash","floor":7.0,"key":"SMITH"},{"data":"True Grit","floor":12.0,"key":"SMITH"},{"data":"Combust","floor":15.0,"key":"SMITH"},{"data":"Battle Trance","floor":23.0,"key":"SMITH"},{"floor":25.0,"key":"REST"},{"data":"Spot Weakness","floor":29,"key":"SMITH"},{"data":"Flame Barrier","floor":32,"key":"SMITH"},{"floor":41,"key":"REST"},{"floor":45,"key":"REST"},{"floor":49,"key":"RECALL"},{"floor":52,"key":"REST"}],"neow_cost":"NONE","seed_source_timestamp":34885041977157,"circlet_count":0,"master_deck":["Strike_R+1","Strike_R+1","Strike_R+1","Strike_R+1","Defend_R+1","Defend_R+1","Defend_R+1","Defend_R+1","Bash+1","Sword Boomerang","Combust+1","True Grit+1","Flame Barrier+1","Battle Trance+1","Metallicize","Spot Weakness+1","Heavy Blade","Fiend Fire","Armaments+1","Shrug It Off","Bludgeon","Corruption","Burning Pact","Disarm+1","Parasite","Metallicize","Warcry+1","Spot Weakness+1","Shrug It Off+1","Metallicize"],"special_seed":0,"relics":["Burning Blood","NeowsBlessing","StoneCalendar","Charon\u0027s Ashes","Kunai","Sozu","Bronze Scales","Pen Nib","Matryoshka","Sundial","Fusion Hammer","Ornamental Fan","Darkstone Periapt","Bag of Preparation","Centennial Puzzle","Thread and Needle","Anchor"],"potions_floor_usage":[44],"damage_taken":[{"damage":0.0,"enemies":"Jaw Worm","floor":1.0,"turns":1.0},{"damage":0.0,"enemies":"Cultist","floor":2.0,"turns":1.0},{"damage":0.0,"enemies":"Small Slimes","floor":5.0,"turns":1.0},{"damage":46.0,"enemies":"Lagavulin","floor":6.0,"turns":8.0},{"damage":4.0,"enemies":"Blue Slaver","floor":8.0,"turns":4.0},{"damage":2.0,"enemies":"3 Louse","floor":11.0,"turns":5.0},{"damage":15.0,"enemies":"Exordium Thugs","floor":13.0,"turns":6.0},{"damage":9.0,"enemies":"3 Sentries","floor":14.0,"turns":5.0},{"damage":22.0,"enemies":"Slime Boss","floor":16.0,"turns":7.0},{"damage":0.0,"enemies":"Spheric Guardian","floor":18.0,"turns":1.0},{"damage":3.0,"enemies":"Shell Parasite","floor":20.0,"turns":4.0},{"damage":27.0,"enemies":"Snecko","floor":21.0,"turns":4.0},{"damage":3.0,"enemies":"Chosen and Byrds","floor":22.0,"turns":3.0},{"damage":33.0,"enemies":"Book of Stabbing","floor":24.0,"turns":6.0},{"damage":29,"enemies":"Gremlin Leader","floor":28,"turns":5},{"damage":29,"enemies":"Automaton","floor":33,"turns":8},{"damage":1,"enemies":"3 Shapes","floor":35,"turns":6},{"damage":0,"enemies":"Orb Walker","floor":37,"turns":2},{"damage":6,"enemies":"Writhing Mass","floor":38,"turns":7},{"damage":14,"enemies":"Jaw Worm Horde","floor":39,"turns":3},{"damage":35,"enemies":"Giant Head","floor":40,"turns":6},{"damage":51,"enemies":"Reptomancer","floor":42,"turns":6},{"damage":54,"enemies":"Nemesis","floor":44,"turns":7},{"damage":0,"enemies":"4 Shapes","floor":46,"turns":5},{"damage":6,"enemies":"Writhing Mass","floor":47,"turns":4},{"damage":0,"enemies":"Maw","floor":48,"turns":7},{"damage":35,"enemies":"Awakened One","floor":50,"turns":13},{"damage":38,"enemies":"Shield and Spear","floor":54,"turns":5},{"damage":63,"enemies":"The Heart","floor":55,"turns":5}],"seed_played":"8626400048554792997","potions_obtained":[{"floor":2.0,"key":"LiquidBronze"},{"floor":5.0,"key":"FairyPotion"},{"floor":6.0,"key":"GamblersBrew"},{"floor":14.0,"key":"SkillPotion"}],"is_trial":false,"path_per_floor":["M","M","?","$","M","E","R","M","T","$","M","R","M","E","R","B",null,"M","$","M","M","M","R","E","R","T","?","E","R","$","?","R","B",null,"M","$","M","M","M","E","R","E","T","E","R","M","M","M","R","B",null,"R","$","E","B"],"character_chosen":"IRONCLAD","items_purchased":["Combust","True Grit","Metallicize","Bronze Scales","Corruption","Burning Pact","Thread and Needle"],"campfire_rested":4,"item_purchase_floors":[4,4,10,19,36,36,53],"current_hp_per_floor":[80,80,80,80,80,40,40,42,42,42,46,46,37,34,34,18,80,80,80,80,59,62,62,35,59,59,59,36,36,36,36,36,13,80,80,80,80,80,72,43,67,22,22,14,38,44,44,50,50,21,80,80,80,48,0],"gold":47,"neow_bonus":"THREE_ENEMY_KILL","is_prod":false,"is_daily":false,"chose_seed":false,"campfire_upgraded":6,"win_rate":0,"timestamp":1561580427,"path_taken":["M","M","?","$","?","E","R","M","T","$","M","R","M","E","R","BOSS","M","$","M","M","M","R","E","R","T","?","E","R","?","?","R","BOSS","M","$","M","M","M","E","R","E","T","E","R","M","M","M","R","BOSS","R","$","E","BOSS"],"build_version":"2019-01-23","purchased_purges":0,"victory":false,"max_hp_per_floor":[80,80,80,80,80,80,80,80,80,80,80,80,80,80,80,80,80,80,80,80,80,80,80,80,80,80,80,80,80,80,80,80,80,80,80,80,80,80,80,80,80,80,80,80,80,80,80,80,80,80,80,80,80,80,80],"card_choices":[{"not_picked":["Clash","Warcry","Hemokinesis"],"picked":"SKIP","floor":1.0},{"not_picked":["Clash","Rupture"],"picked":"Sword Boomerang","floor":2.0},{"not_picked":["Disarm","Iron Wave"],"picked":"Flame Barrier","floor":5.0},{"not_picked":["Pummel","Wild Strike"],"picked":"Battle Trance","floor":6.0},{"not_picked":["Fire Breathing","Rampage","Body Slam"],"picked":"SKIP","floor":8.0},{"not_picked":["Anger","Reckless Charge","Fire Breathing"],"picked":"SKIP","floor":11.0},{"not_picked":["Anger","Reckless Charge","Fire Breathing"],"picked":"SKIP","floor":11.0},{"not_picked":["Iron Wave","Pummel"],"picked":"Spot Weakness","floor":13.0},{"not_picked":["Armaments","Exhume"],"picked":"Heavy Blade","floor":14.0},{"not_picked":["Brutality","Barricade"],"picked":"Fiend Fire","floor":16.0},{"not_picked":["Searing Blow","Rupture"],"picked":"Armaments+1","floor":18.0},{"not_picked":["Fire Breathing+1","Pommel Strike","Rupture"],"picked":"SKIP","floor":20.0},{"not_picked":["Clothesline","Pummel","Berserk"],"picked":"SKIP","floor":21.0},{"not_picked":["Body Slam","Dropkick"],"picked":"Shrug It Off","floor":22.0},{"not_picked":["Armaments","Anger","Combust+1"],"picked":"SKIP","floor":24.0},{"not_picked":["Uppercut","Anger","Reckless Charge"],"picked":"SKIP","floor":28},{"not_picked":["Sword Boomerang+1","Clash+1","Havoc"],"picked":"SKIP","floor":35},{"not_picked":["Corruption","Thunderclap+1"],"picked":"Disarm+1","floor":37},{"not_picked":["Infernal Blade+1","Twin Strike+1"],"picked":"Metallicize","floor":38},{"not_picked":["True Grit","Pommel Strike+1"],"picked":"Warcry+1","floor":39},{"not_picked":["Pommel Strike","Cleave"],"picked":"Spot Weakness+1","floor":40},{"not_picked":["Bludgeon","Searing Blow","Twin Strike"],"picked":"SKIP","floor":42},{"not_picked":["Iron Wave+1","Feel No Pain+1","Thunderclap"],"picked":"SKIP","floor":44},{"not_picked":["Armaments","Sword Boomerang","Corruption+1"],"picked":"SKIP","floor":46},{"not_picked":["Carnage+1","Feel No Pain+1"],"picked":"Shrug It Off+1","floor":47},{"not_picked":["Spot Weakness+1","Carnage","Intimidate"],"picked":"SKIP","floor":48},{"not_picked":["Juggernaut","Iron Wave"],"picked":"Metallicize","floor":54}],"player_experience":1014020,"relics_obtained":[{"floor":6.0,"key":"StoneCalendar"},{"floor":9.0,"key":"Charon\u0027s Ashes"},{"floor":14.0,"key":"Kunai"},{"floor":24.0,"key":"Pen Nib"},{"floor":26.0,"key":"Matryoshka"},{"floor":28,"key":"Sundial"},{"floor":40,"key":"Ornamental Fan"},{"floor":42,"key":"Darkstone Periapt"},{"floor":43,"key":"Bag of Preparation"},{"floor":44,"key":"Centennial Puzzle"},{"floor":54,"key":"Anchor"}],"event_choices":[{"cards_removed":["Strike_R"],"damage_healed":0.0,"max_hp_gain":0.0,"max_hp_loss":0.0,"gold_gain":0.0,"event_name":"Bonfire Elementals","player_choice":"Offered Basic","floor":3.0,"gold_loss":0.0,"damage_taken":0.0},{"damage_healed":0,"gold_gain":0,"player_choice":"1 cards matched","damage_taken":0,"max_hp_gain":0,"max_hp_loss":0,"event_name":"Match and Keep!","floor":27,"gold_loss":0,"cards_obtained":["Bludgeon"]},{"damage_healed":0,"gold_gain":0,"player_choice":"Simplicity","damage_taken":0,"max_hp_gain":0,"max_hp_loss":0,"event_name":"Back to Basics","floor":31,"gold_loss":0,"cards_upgraded":["Strike_R","Strike_R","Strike_R","Strike_R","Defend_R","Defend_R","Defend_R","Defend_R"]}],"is_beta":false,"boss_relics":[{"not_picked":["Coffee Dripper","Pandora\u0027s Box"],"picked":"Sozu"},{"not_picked":["Runic Dome","Black Star"],"picked":"Fusion Hammer"}],"items_purged_floors":[],"is_endless":false,"potions_floor_spawned":[2,5,6,14,20,24,28,39,40,46,48],"killed_by":"The Heart","ascension_level":1}