{"gold_per_floor":[119,134,134,147,159,159,185,205,273,273,283,283,293,97,97,172,172,183,13,413,2,2,32,32,32,32,65,65,77,106,106,106,106],"floor_reached":33,"playtime":989,"items_purged":["Strike_R","Strike_R"],"score":599,"play_id":"d0317faf-f934-4afd-aa03-7bbec7a207d2","local_time":"20190422015947","is_ascension_mode":true,"campfire_choices":[{"data":"Clothesline","floor":6.0,"key":"SMITH"},{"data":"Pommel Strike","floor":10.0,"key":"SMITH"},{"floor":12.0,"key":"REST"},{"data":"Inflame","floor":15.0,"key":"SMITH"},{"data":"Immolate","floor":24.0,"key":"SMITH"},{"floor":28.0,"key":"REST"},{"data":"Heavy Blade","floor":32.0,"key":"SMITH"}],"neow_cost":"NONE","seed_source_timestamp":25122729358117,"circlet_count":0,"master_deck":["AscendersBane","Strike_R","Strike_R","Defend_R","Defend_R","Defend_R+1","Defend_R","Bash+1","Clothesline+1","Pommel Strike+1","Spot Weakness","Inflame+1","Heavy Blade+1","Offering+1","Shockwave","Immolate+1","Barricade","Flame Barrier","Flame Barrier"],"special_seed":0,"relics":["Burning Blood","Singing Bowl","Shuriken","Snecko Eye","Letter Opener","Brimstone","Magic Flower","Nloth\u0027s Gift","War Paint","Strawberry"],"potions_floor_usage":[33,33],"damage_taken":[{"damage":8.0,"enemies":"2 Louse","floor":1.0,"turns":4.0},{"damage":4.0,"enemies":"Cultist","floor":2.0,"turns":3.0},{"damage":4.0,"enemies":"Small Slimes","floor":4.0,"turns":3.0},{"damage":34.0,"enemies":"Gremlin Gang","floor":5.0,"turns":7.0},{"damage":28.0,"enemies":"Gremlin Nob","floor":7.0,"turns":4.0},{"damage":10.0,"enemies":"2 Fungi Beasts","floor":8.0,"turns":4.0},{"damage":7.0,"enemies":"Large Slime","floor":11.0,"turns":6.0},{"damage":6.0,"enemies":"Red Slaver","floor":13.0,"turns":4.0},{"damage":52.0,"enemies":"Slime Boss","floor":16.0,"turns":11.0},{"damage":6.0,"enemies":"Chosen","floor":18.0,"turns":4.0},{"damage":19.0,"enemies":"Colosseum Slavers","floor":20.0,"turns":3.0},{"damage":39.0,"enemies":"Colosseum Nobs","floor":20.0,"turns":6.0},{"damage":0.0,"enemies":"Gremlin Leader","floor":23.0,"turns":3.0},{"damage":25.0,"enemies":"Book of Stabbing","floor":27.0,"turns":3.0},{"damage":6.0,"enemies":"2 Thieves","floor":29.0,"turns":1.0},{"damage":27.0,"enemies":"Gremlin Leader","floor":30.0,"turns":3.0},{"damage":58,"enemies":"Automaton","floor":33,"turns":6}],"seed_played":"6852618658631815507","potions_obtained":[{"floor":2.0,"key":"SkillPotion"},{"floor":7.0,"key":"SpeedPotion"},{"floor":16.0,"key":"Fire Potion"},{"floor":27.0,"key":"GamblersBrew"},{"floor":29.0,"key":"LiquidBronze"}],"is_trial":false,"path_per_floor":["M","M","?","M","M","R","E","M","T","R","M","R","M","$","R","B",null,"M","$","?","$","?","E","R","?","T","E","R","M","E","?","R","B"],"character_chosen":"IRONCLAD","items_purchased":["Inflame","Heavy Blade","Shockwave","Immolate","Brimstone","Barricade"],"campfire_rested":2,"item_purchase_floors":[14,14,19,21,21,21],"current_hp_per_floor":[73,75,75,77,49,49,29,27,27,27,28,54,54,54,54,8,68,70,70,26,26,26,32,32,32,32,18,46,51,42,42,42,0],"gold":106,"neow_bonus":"TEN_PERCENT_HP_BONUS","is_prod":false,"is_daily":false,"chose_seed":false,"campfire_upgraded":5,"win_rate":0,"timestamp":1555887587,"path_taken":["M","M","?","M","M","R","E","M","T","R","?","R","M","$","R","BOSS","M","?","?","$","?","E","R","?","T","E","R","?","E","?","R","BOSS"],"build_version":"2019-01-23","purchased_purges":2,"victory":false,"max_hp_per_floor":[82,82,82,82,82,82,84,86,86,86,88,88,88,88,88,88,88,90,90,92,92,92,92,92,92,92,94,94,96,105,105,105,105],"card_choices":[{"not_picked":["Havoc","Corruption"],"picked":"Clothesline","floor":1.0},{"not_picked":["Bloodletting","Armaments","Seeing Red"],"picked":"SKIP","floor":2.0},{"not_picked":["Twin Strike","Havoc","Infernal Blade"],"picked":"SKIP","floor":4.0},{"not_picked":["Warcry","Anger"],"picked":"Pommel Strike","floor":5.0},{"not_picked":["Combust","Dropkick","Pommel Strike"],"picked":"Singing Bowl","floor":7.0},{"not_picked":["Ghostly Armor","Rampage","Pommel Strike"],"picked":"Singing Bowl","floor":8.0},{"not_picked":["Sword Boomerang","Cleave","Clothesline"],"picked":"Singing Bowl","floor":11.0},{"not_picked":["Flex","Double Tap"],"picked":"Spot Weakness","floor":13.0},{"not_picked":["Demon Form","Impervious"],"picked":"Offering","floor":16.0},{"not_picked":["Iron Wave","Intimidate+1","Twin Strike"],"picked":"Singing Bowl","floor":18.0},{"not_picked":["Clash","Corruption","Dual Wield"],"picked":"Singing Bowl","floor":20.0},{"not_picked":["Heavy Blade","Sword Boomerang+1"],"picked":"Flame Barrier","floor":23.0},{"not_picked":["Clash","Anger","Warcry"],"picked":"Singing Bowl","floor":27.0},{"not_picked":["True Grit","Headbutt","Perfected Strike"],"picked":"Singing Bowl","floor":29.0},{"not_picked":["True Grit+1","Offering","Combust+1"],"picked":"Singing Bowl","floor":30.0}],"player_experience":866644,"relics_obtained":[{"floor":7.0,"key":"Singing Bowl"},{"floor":9.0,"key":"Shuriken"},{"floor":20.0,"key":"Old Coin"},{"floor":20.0,"key":"Letter Opener"},{"floor":23.0,"key":"Magic Flower"},{"floor":27.0,"key":"War Paint"},{"floor":30.0,"key":"Strawberry"}],"event_choices":[{"damage_healed":0.0,"max_hp_gain":0.0,"max_hp_loss":0.0,"gold_gain":0.0,"event_name":"Upgrade Shrine","player_choice":"Upgraded","floor":3.0,"gold_loss":0.0,"damage_taken":0.0,"cards_upgraded":["Bash"]},{"damage_healed":0.0,"max_hp_gain":0.0,"max_hp_loss":0.0,"gold_gain":0.0,"event_name":"Colosseum","player_choice":"Fight","floor":20.0,"gold_loss":0.0,"damage_taken":0.0},{"damage_healed":0.0,"max_hp_gain":0.0,"max_hp_loss":0.0,"gold_gain":0.0,"event_name":"Colosseum","player_choice":"Fought Nobs","floor":20.0,"gold_loss":0.0,"damage_taken":0.0},{"damage_healed":0.0,"max_hp_gain":0.0,"max_hp_loss":0.0,"gold_gain":0.0,"event_name":"Cursed Tome","player_choice":"Ignored","floor":22.0,"gold_loss":0.0,"damage_taken":0.0},{"damage_healed":0.0,"max_hp_gain":0.0,"max_hp_loss":0.0,"gold_gain":0.0,"event_name":"N\u0027loth","player_choice":"Traded Relic","floor":25.0,"relics_lost":["Old Coin"],"gold_loss":0.0,"damage_taken":0.0,"relics_obtained":["Nloth\u0027s Gift"]},{"damage_healed":0.0,"max_hp_gain":0.0,"max_hp_loss":0.0,"gold_gain":0.0,"cards_transformed":["Strike_R"],"event_name":"Transmorgrifier","player_choice":"Transformed","floor":31.0,"gold_loss":0.0,"damage_taken":0.0,"cards_obtained":["Flame Barrier"]}],"is_beta":false,"boss_relics":[{"not_picked":["Black Star","Mark of Pain"],"picked":"Snecko Eye"}],"items_purged_floors":[14,19],"is_endless":false,"potions_floor_spawned":[2,7,11,16,27,29,30],"killed_by":"Automaton","ascension_level":15}