{"gold_per_floor":[117,117,136,136,61,61,16,16,16,16,34,34,51,62,62,158,158,169,180,180,80,92,92,112,126,178,53,69,69,69,97,97,193,193,208,208,221,71,82,82,93,104,104,104,104,104,32,32,32,32],"floor_reached":51,"playtime":3512,"items_purged":["Strike_G","Defend_G","Strike_G","Strike_G"],"score":632,"play_id":"c00b8a57-3a42-4312-a309-6592a9c2819b","local_time":"20181220014524","is_ascension_mode":false,"campfire_choices":[{"data":"Cloak And Dagger","floor":6,"key":"SMITH"},{"data":"Blade Dance","floor":10,"key":"SMITH"},{"floor":12,"key":"REST"},{"data":"Cloak And Dagger","floor":15,"key":"SMITH"},{"data":"Terror","floor":23,"key":"SMITH"},{"data":"Finisher","floor":30,"key":"SMITH"},{"data":"Neutralize","floor":32,"key":"SMITH"},{"data":"Doppelganger","floor":40,"key":"SMITH"},{"data":"Survivor","floor":45,"key":"SMITH"},{"data":"Accuracy","floor":49,"key":"SMITH"}],"neow_cost":"NONE","seed_source_timestamp":17073653103673,"circlet_count":0,"master_deck":["Defend_G","Defend_G","Defend_G+1","Strike_G+1","Survivor+1","Neutralize+1","Cloak And Dagger+1","Finisher+1","Blade Dance+1","Terror+1","Cloak And Dagger+1","Doppelganger+1","Blade Dance+1","Footwork+1","Prepared+1","Iron Wave","Accuracy+1"],"relics":["Ring of the Serpent","Happy Flower","Vajra","Ninja Scroll","White Beast Statue","Dream Catcher","Meat on the Bone","Paper Crane"],"potions_floor_usage":[22,24,25,28,31,31,33,33,37,41,50,50,50],"damage_taken":[{"damage":0,"enemies":"Small Slimes","floor":1,"turns":3},{"damage":1,"enemies":"Jaw Worm","floor":3,"turns":4},{"damage":0,"enemies":"Cultist","floor":11,"turns":1},{"damage":3,"enemies":"2 Fungi Beasts","floor":13,"turns":2},{"damage":0,"enemies":"Large Slime","floor":14,"turns":3},{"damage":32,"enemies":"The Guardian","floor":16,"turns":11},{"damage":0,"enemies":"Chosen","floor":18,"turns":2},{"damage":0,"enemies":"Shell Parasite","floor":19,"turns":3},{"damage":5,"enemies":"3 Cultists","floor":22,"turns":5},{"damage":0,"enemies":"Shelled Parasite and Fungi","floor":24,"turns":2},{"damage":3,"enemies":"Centurion and Healer","floor":25,"turns":5},{"damage":0,"enemies":"Snecko","floor":28,"turns":2},{"damage":4,"enemies":"Slavers","floor":31,"turns":5},{"damage":6,"enemies":"Champ","floor":33,"turns":5},{"damage":0,"enemies":"3 Darklings","floor":35,"turns":3},{"damage":6,"enemies":"3 Shapes","floor":37,"turns":3},{"damage":0,"enemies":"3 Darklings","floor":39,"turns":5},{"damage":0,"enemies":"Transient","floor":41,"turns":5},{"damage":7,"enemies":"Jaw Worm Horde","floor":42,"turns":4},{"damage":49,"enemies":"Donu and Deca","floor":50,"turns":9}],"seed_played":"7108089181360700834","potions_obtained":[{"floor":3,"key":"Dexterity Potion"},{"floor":14,"key":"FearPotion"},{"floor":18,"key":"Poison Potion"},{"floor":19,"key":"GhostInAJar"},{"floor":22,"key":"EssenceOfSteel"},{"floor":24,"key":"Dexterity Potion"},{"floor":25,"key":"FearPotion"},{"floor":28,"key":"Energy Potion"},{"floor":31,"key":"Strength Potion"},{"floor":33,"key":"LiquidBronze"},{"floor":35,"key":"Energy Potion"},{"floor":37,"key":"SneckoOil"},{"floor":39,"key":"GhostInAJar"},{"floor":41,"key":"Dexterity Potion"},{"floor":42,"key":"SpeedPotion"}],"is_trial":false,"path_per_floor":["M","?","M","?","$","R","$","?","T","R","M","R","M","M","R","B",null,"M","M","?","$","M","R","M","M","T","$","M","?","R","E","R","B",null,"M","?","M","$","M","R","M","M","T","$","R","?","$","$","R","B",null],"character_chosen":"THE_SILENT","items_purchased":["Blade Dance","Accuracy"],"campfire_rested":1,"item_purchase_floors":[7,47],"current_hp_per_floor":[77,62,61,36,36,36,36,36,36,36,36,59,56,56,56,24,77,77,77,77,77,72,72,72,69,69,69,69,69,69,65,65,59,77,77,77,71,71,71,71,71,64,64,64,64,64,64,64,64,27],"gold":32,"neow_bonus":"TEN_PERCENT_HP_BONUS","is_prod":false,"is_daily":false,"chose_seed":false,"campfire_upgraded":9,"win_rate":0,"timestamp":1545266724,"path_taken":["M","?","M","?","$","R","$","?","T","R","?","R","M","M","R","BOSS","M","M","?","$","M","R","M","M","T","$","M","?","R","E","R","BOSS","M","?","M","$","M","R","M","?","T","$","R","?","?","$","R","BOSS"],"build_version":"2018-12-13","purchased_purges":4,"victory":true,"max_hp_per_floor":[77,77,77,77,77,77,77,77,77,77,77,77,77,77,77,77,77,77,77,77,77,77,77,77,77,77,77,77,77,77,77,77,77,77,77,77,77,77,77,77,77,77,77,77,77,77,77,77,77,77],"card_choices":[{"not_picked":["Flying Knee","Sucker Punch"],"picked":"Cloak And Dagger","floor":1},{"not_picked":["Sucker Punch","Dodge and Roll"],"picked":"Finisher","floor":3},{"not_picked":["Backflip","Flying Knee"],"picked":"Terror","floor":11},{"not_picked":["Finisher","Bouncing Flask","Masterful Stab"],"picked":"SKIP","floor":13},{"not_picked":["Endless Agony","Quick Slash"],"picked":"Cloak And Dagger","floor":14},{"not_picked":["Die Die Die","Corpse Explosion"],"picked":"Doppelganger","floor":16},{"not_picked":["Underhanded Strike+1","Reflex","Quick Slash+1"],"picked":"SKIP","floor":18},{"not_picked":["Slice","Sucker Punch","Masterful Stab"],"picked":"SKIP","floor":19},{"not_picked":["Prepared","Outmaneuver+1"],"picked":"Blade Dance+1","floor":22},{"not_picked":["Bullet Time","Flying Knee"],"picked":"Footwork+1","floor":24},{"not_picked":["Dodge and Roll+1","Deadly Poison","Cloak And Dagger"],"picked":"SKIP","floor":25},{"not_picked":["Dagger Spray","Deadly Poison","Blur"],"picked":"SKIP","floor":28},{"not_picked":["Poisoned Stab","Leg Sweep","Dodge and Roll"],"picked":"SKIP","floor":31},{"not_picked":["Quick Slash+1","Blade Dance+1","Dagger Spray"],"picked":"SKIP","floor":35},{"not_picked":["PiercingWail","Cloak And Dagger+1","Tactician"],"picked":"SKIP","floor":37},{"not_picked":["Concentrate+1","Dodge and Roll"],"picked":"Prepared+1","floor":39},{"not_picked":["Cloak And Dagger","Backflip+1","Acrobatics+1"],"picked":"SKIP","floor":41},{"not_picked":["Reflex","Endless Agony+1","Noxious Fumes"],"picked":"SKIP","floor":42}],"player_experience":338380,"relics_obtained":[{"floor":9,"key":"Ninja Scroll"},{"floor":26,"key":"Dream Catcher"},{"floor":31,"key":"Meat on the Bone"},{"floor":43,"key":"Paper Crane"}],"event_choices":[{"damage_healed":0,"gold_gain":0,"player_choice":"Entered Light","damage_taken":15,"max_hp_gain":0,"max_hp_loss":0,"event_name":"Shining Light","floor":2,"gold_loss":0,"cards_upgraded":["Defend_G","Strike_G"]},{"damage_healed":0,"gold_gain":0,"player_choice":"Success","damage_taken":25,"relics_obtained":["Happy Flower"],"max_hp_gain":0,"max_hp_loss":0,"event_name":"Scrap Ooze","floor":4,"gold_loss":0},{"damage_healed":0,"gold_gain":0,"player_choice":"Gave Potion","damage_taken":0,"relics_obtained":["Vajra"],"max_hp_gain":0,"max_hp_loss":0,"event_name":"WeMeetAgain","floor":8,"gold_loss":0},{"cards_removed":["Strike_G"],"damage_healed":0,"gold_gain":0,"player_choice":"Elegance","damage_taken":0,"max_hp_gain":0,"max_hp_loss":0,"event_name":"Back to Basics","floor":20,"gold_loss":0},{"damage_healed":0,"gold_gain":0,"player_choice":"Ignored","damage_taken":0,"max_hp_gain":0,"max_hp_loss":0,"event_name":"Beggar","floor":29,"gold_loss":0},{"damage_healed":0,"gold_gain":0,"player_choice":"Leave","damage_taken":0,"max_hp_gain":0,"max_hp_loss":0,"event_name":"FaceTrader","floor":36,"gold_loss":0},{"cards_removed":["Defend_G"],"damage_healed":0,"gold_gain":0,"player_choice":"Took Card","damage_taken":0,"max_hp_gain":0,"max_hp_loss":0,"event_name":"NoteForYourself","floor":46,"gold_loss":0,"cards_obtained":["Iron Wave"]}],"is_beta":false,"boss_relics":[{"not_picked":["Runic Dome","Eternal Feather"],"picked":"White Beast Statue"},{"not_picked":["Velvet Choker","Philosopher\u0027s Stone"],"picked":"Ring of the Serpent"}],"items_purged_floors":[5,21,27,38],"is_endless":false,"potions_floor_spawned":[3,14,18,19,22,24,25,28,31,33,35,37,39,41,42],"ascension_level":0}