{"gold_per_floor":[115,126,138,138,154,189,189,202,202,215,235,260,276,276,276,399,399,424,18,39,39,62,96,96,121,169,169,169,187,110,150,150,150],"floor_reached":33,"playtime":3442,"items_purged":[],"score":326,"play_id":"9bf7ef0f-b95b-491a-bf2b-3bf1f83c8017","local_time":"20180720032119","is_ascension_mode":false,"campfire_choices":[{"data":"Body Slam","floor":7,"key":"SMITH"},{"data":"Perfected Strike","floor":15,"key":"SMITH"},{"floor":24,"key":"REST"},{"floor":27,"key":"REST"},{"floor":32,"key":"REST"}],"neow_cost":"FIFTY_PERCENT_DAMAGE","seed_source_timestamp":16680297300334,"circlet_count":0,"master_deck":["Strike_R","Strike_R","Strike_R","Strike_R","Defend_R","Defend_R","Defend_R","Defend_R","Bash+1","Sword Boomerang+1","Metallicize","Feel No Pain","Perfected Strike+1","Body Slam+1","True Grit","Shockwave","Twin Strike","Bloodletting","Dropkick","Seeing Red","Injury","Dark Embrace","Anger","Apotheosis","Entrench","Anger+1","Writhe","Spot Weakness","Anger+1","Perfected Strike+1","Cleave","Perfected Strike+1","J.A.X.","Flex"],"relics":["Burning Blood","Thread and Needle","Whetstone","Dodecahedron","Darkstone Periapt","Golden Idol","Velvet Choker","Bronze Scales","Gremlin Horn","Vajra","Regal Pillow","Juzu Bracelet"],"potions_floor_usage":[5,16,16,23,23,33],"damage_taken":[{"damage":0,"enemies":"2 Louse","floor":1,"turns":3},{"damage":0,"enemies":"Cultist","floor":2,"turns":3},{"damage":6,"enemies":"Jaw Worm","floor":3,"turns":4},{"damage":19,"enemies":"Large Slime","floor":5,"turns":10},{"damage":0,"enemies":"3 Sentries","floor":6,"turns":10},{"damage":1,"enemies":"3 Louse","floor":8,"turns":6},{"damage":0,"enemies":"Exordium Wildlife","floor":10,"turns":5},{"damage":5,"enemies":"Lots of Slimes","floor":11,"turns":6},{"damage":23,"enemies":"Gremlin Nob","floor":12,"turns":5},{"damage":5,"enemies":"Blue Slaver","floor":13,"turns":3},{"damage":29,"enemies":"The Guardian","floor":16,"turns":14},{"damage":5,"enemies":"Spheric Guardian","floor":18,"turns":6},{"damage":26,"enemies":"2 Thieves","floor":20,"turns":5},{"damage":17,"enemies":"Snake Plant","floor":22,"turns":5},{"damage":61,"enemies":"Slavers","floor":23,"turns":6},{"damage":1,"enemies":"Chosen and Byrds","floor":25,"turns":7},{"damage":17,"enemies":"Snecko","floor":29,"turns":5},{"damage":19,"enemies":"Book of Stabbing","floor":31,"turns":5},{"damage":92,"enemies":"Automaton","floor":33,"turns":6}],"seed_played":"-8842177285496229171","potions_obtained":[{"floor":2,"key":"SkillPotion"},{"floor":5,"key":"Energy Potion"},{"floor":6,"key":"SkillPotion"},{"floor":8,"key":"Explosive Potion"},{"floor":13,"key":"BloodPotion"},{"floor":18,"key":"PowerPotion"},{"floor":22,"key":"Fire Potion"}],"is_trial":false,"path_per_floor":["M","M","M","?","M","E","R","M","T","M","M","E","M","?","R","B",null,"M","$","M","?","M","E","R","M","T","R","?","M","?","E","R"],"character_chosen":"IRONCLAD","items_purchased":["Apotheosis","Entrench","Bronze Scales"],"campfire_rested":3,"item_purchase_floors":[19,19,19],"current_hp_per_floor":[46,52,52,52,39,45,45,50,50,56,57,40,41,47,47,24,86,86,86,66,72,61,15,42,47,47,89,89,78,78,65,92,0],"gold":150,"neow_bonus":"ONE_RARE_RELIC","is_prod":false,"is_daily":false,"chose_seed":false,"campfire_upgraded":2,"win_rate":0.0,"timestamp":1532037079,"path_taken":["M","M","M","?","M","E","R","M","T","M","M","E","M","?","R","BOSS","M","$","?","?","M","E","R","M","T","R","?","M","?","E","R","BOSS"],"build_version":"2018-07-12","purchased_purges":0,"victory":false,"max_hp_per_floor":[80,80,80,80,80,80,80,80,80,80,80,80,80,86,86,86,86,86,86,86,92,92,92,92,92,92,92,92,92,92,92,92,92],"card_choices":[{"not_picked":["Cleave","Armaments"],"picked":"Sword Boomerang","floor":1},{"not_picked":["Infernal Blade","Hemokinesis"],"picked":"Metallicize","floor":2},{"not_picked":["Fire Breathing","Combust"],"picked":"Feel No Pain","floor":3},{"not_picked":["Uppercut","Shrug It Off"],"picked":"Body Slam","floor":5},{"not_picked":["Carnage","Flame Barrier"],"picked":"True Grit","floor":6},{"not_picked":["Iron Wave","Cleave"],"picked":"Shockwave","floor":8},{"not_picked":["Iron Wave","Armaments"],"picked":"Twin Strike","floor":10},{"not_picked":["Fire Breathing","Pommel Strike"],"picked":"Bloodletting","floor":11},{"not_picked":["Sever Soul","Brutality"],"picked":"Dropkick","floor":12},{"not_picked":["Iron Wave","Twin Strike"],"picked":"Seeing Red","floor":13},{"not_picked":["Offering","Double Tap"],"picked":"Dark Embrace","floor":16},{"not_picked":["Flame Barrier","Sever Soul+1"],"picked":"Anger","floor":18},{"not_picked":["Clothesline","Disarm"],"picked":"Anger+1","floor":20},{"not_picked":["Bloodletting","Cleave"],"picked":"Spot Weakness","floor":22},{"not_picked":["Armaments+1","Inflame+1"],"picked":"Anger+1","floor":23},{"not_picked":["Carnage+1","Combust+1"],"picked":"Perfected Strike+1","floor":25},{"not_picked":["Iron Wave","Corruption"],"picked":"Perfected Strike+1","floor":29},{"not_picked":["Reckless Charge","Clothesline"],"picked":"Flex","floor":31}],"player_experience":10216,"relics_obtained":[{"floor":6,"key":"Whetstone"},{"floor":9,"key":"Dodecahedron"},{"floor":12,"key":"Darkstone Periapt"},{"floor":23,"key":"Vajra"},{"floor":26,"key":"Regal Pillow"},{"floor":31,"key":"Juzu Bracelet"}],"event_choices":[{"event_name":"Transmorgrifier","player_choice":"Transform","floor":4,"damage_taken":0},{"event_name":"Golden Idol","player_choice":"Take Wound","floor":14,"damage_taken":0},{"event_name":"The Mausoleum","player_choice":"Yes","floor":21,"damage_taken":0},{"event_name":"The Library","player_choice":"Read","floor":28,"damage_taken":0},{"event_name":"Drug Dealer","player_choice":"Got JAXXED","floor":30,"damage_taken":0}],"boss_relics":[{"not_picked":["Runic Pyramid","Lizard Tail"],"picked":"Velvet Choker"}],"items_purged_floors":[],"is_endless":false,"potions_floor_spawned":[2,5,6,8,13,18,22],"killed_by":"Automaton","ascension_level":0}