{"gold_per_floor":[14,14,25,25,25,25,99,123,147,162,187,225,225,250,250,374,374,388,29,29,29,54,54,54,78,127,162,176,199,239,258,258,388,388,413,413,413,437,25,25,64,80,80,100,100,100,135,160,160,160],"floor_reached":51,"playtime":4433,"items_purged":["Regret"],"score":799,"play_id":"599726b3-12d2-4fcf-b300-6c0b60283c9c","local_time":"20180726111339","is_ascension_mode":false,"campfire_choices":[{"data":"Venomology","floor":6.0,"key":"SMITH"},{"floor":13.0,"key":"REST"},{"data":"A Thousand Cuts","floor":15.0,"key":"SMITH"},{"floor":23.0,"key":"REST"},{"floor":32.0,"key":"REST"},{"floor":40.0,"key":"REST"},{"floor":45.0,"key":"REST"},{"floor":49,"key":"REST"}],"neow_cost":"NO_GOLD","seed_source_timestamp":0,"circlet_count":0,"master_deck":["Defend_G","Defend_G","Defend_G+1","Defend_G","Defend_G","Survivor","Neutralize","Venomology+1","Flying Knee","Acrobatics+1","Injury","Slice","All Out Attack+1","Underhanded Strike","Dagger Throw+1","A Thousand Cuts+1","Crippling Poison","Burst","Prepared+1","Deflect","Noxious Fumes","Necronomicurse","Dagger Spray+1","Bite+1","Bite+1","Bite+1","Bite+1","Bite+1","Deadly Poison+1","Quick Slash+1","Poisoned Stab+1","Masterful Stab+1","Eviscerate+1","Underhanded Strike+1","Corpse Explosion","Riddle With Holes+1","Dramatic Entrance+1","Panache","Enlightenment","Backflip+1","Bouncing Flask","Underhanded Strike+1","Outmaneuver+1","Riddle With Holes+1","Escape Plan+1","Adrenaline","Bane+1","Eviscerate+1","Finisher+1","Backstab+1"],"special_seed":0,"relics":["Ring of the Snake","Bag of Preparation","Golden Idol","Regal Pillow","Anchor","Ice Cream","Fusion Hammer","Molten Egg 2","Mango","Necronomicon","Oddly Smooth Stone","Strawberry","Whetstone","Black Star","Bottled Tornado","Darkstone Periapt","Smiling Mask","Ornamental Fan","Bird Faced Urn","Du-Vu Doll"],"potions_floor_usage":[50,50,50],"damage_taken":[{"damage":7.0,"enemies":"Small Slimes","floor":1.0,"turns":4.0},{"damage":5.0,"enemies":"Jaw Worm","floor":3.0,"turns":4.0},{"damage":23.0,"enemies":"3 Sentries","floor":7.0,"turns":10.0},{"damage":0.0,"enemies":"2 Louse","floor":8.0,"turns":3.0},{"damage":0.0,"enemies":"Looter","floor":10.0,"turns":3.0},{"damage":0.0,"enemies":"3 Louse","floor":11.0,"turns":2.0},{"damage":3.0,"enemies":"Lagavulin","floor":12.0,"turns":6.0},{"damage":15.0,"enemies":"Exordium Thugs","floor":14.0,"turns":5.0},{"damage":37.0,"enemies":"The Guardian","floor":16.0,"turns":11.0},{"damage":18.0,"enemies":"3 Byrds","floor":18.0,"turns":4.0},{"damage":20.0,"enemies":"Spheric Guardian","floor":22.0,"turns":4.0},{"damage":21.0,"enemies":"3 Cultists","floor":25.0,"turns":5.0},{"damage":13.0,"enemies":"Book of Stabbing","floor":27.0,"turns":5.0},{"damage":27.0,"enemies":"Sentry and Sphere","floor":28.0,"turns":5.0},{"damage":9.0,"enemies":"Snake Plant","floor":29.0,"turns":3.0},{"damage":10.0,"enemies":"Gremlin Leader","floor":30.0,"turns":5.0},{"damage":4.0,"enemies":"Centurion and Healer","floor":31.0,"turns":4.0},{"damage":28.0,"enemies":"Collector","floor":33.0,"turns":6.0},{"damage":9.0,"enemies":"3 Shapes","floor":35.0,"turns":2.0},{"damage":0.0,"enemies":"Orb Walker","floor":38.0,"turns":2.0},{"damage":35.0,"enemies":"Nemesis","floor":41.0,"turns":6.0},{"damage":32.0,"enemies":"Spire Growth","floor":42.0,"turns":4.0},{"damage":2.0,"enemies":"Maw","floor":44.0,"turns":6.0},{"damage":0,"enemies":"2 Orb Walkers","floor":47,"turns":3},{"damage":0,"enemies":"3 Darklings","floor":48,"turns":1},{"damage":32,"enemies":"Donu and Deca","floor":50,"turns":6}],"seed_played":"6754260341266620116","potions_obtained":[{"floor":7.0,"key":"Ancient Potion"},{"floor":8.0,"key":"Dexterity Potion"},{"floor":12.0,"key":"FearPotion"},{"floor":16.0,"key":"Poison Potion"},{"floor":25.0,"key":"FearPotion"},{"floor":29.0,"key":"Poison Potion"},{"floor":30.0,"key":"AttackPotion"},{"floor":31.0,"key":"Fire Potion"},{"floor":35.0,"key":"SmokeBomb"},{"floor":42.0,"key":"SteroidPotion"},{"floor":47,"key":"FearPotion"}],"is_trial":false,"path_per_floor":["M","?","M","?","?","R","?","M","T","M","M","E","R","M","R","B",null,"M","$","T","?","M","R","?","M","T","E","M","M","E","M","R","B",null,"M","?","?","M","$","R","E","M","T","M","R","?","E","M","R","B"],"character_chosen":"THE_SILENT","items_purchased":["Deflect","Noxious Fumes","Molten Egg 2","Bottled Tornado","Bouncing Flask","Underhanded Strike+1"],"campfire_rested":6,"item_purchase_floors":[19,19,19,39,39,39],"current_hp_per_floor":[63,63,58,44,44,44,21,21,21,21,21,18,54,39,39,2,70,52,52,66,50,30,70,58,46,46,58,40,37,36,38,65,52,65,59,59,49,58,58,65,31,2,2,15,49,49,55,57,65,33],"gold":160,"neow_bonus":"THREE_RARE_CARDS","is_prod":false,"is_daily":false,"chose_seed":false,"campfire_upgraded":2,"win_rate":0.0,"timestamp":1532600019,"path_taken":["M","?","M","?","?","R","?","M","T","M","M","E","R","M","R","BOSS","M","$","?","?","?","R","?","M","T","E","M","M","E","M","R","BOSS","M","?","?","?","$","R","E","M","T","M","R","?","E","M","R","BOSS"],"build_version":"2018-07-19v2","purchased_purges":1,"victory":true,"max_hp_per_floor":[70,70,70,70,70,70,70,70,70,70,70,70,70,70,70,70,70,70,70,84,84,84,84,58,58,58,65,65,65,65,65,65,65,65,65,65,65,65,65,65,65,65,65,65,65,65,65,65,65,65],"card_choices":[{"not_picked":["Wraith Form v2","Glass Knife"],"picked":"Venomology","floor":0.0},{"not_picked":["Blade Dance","Endless Agony"],"picked":"Flying Knee","floor":1.0},{"not_picked":["PiercingWail","Prepared"],"picked":"Acrobatics","floor":3.0},{"not_picked":["Quick Slash","Acrobatics"],"picked":"Slice","floor":7.0},{"not_picked":["Dagger Spray","Slice"],"picked":"All Out Attack","floor":8.0},{"not_picked":["Catalyst","Blur"],"picked":"Underhanded Strike","floor":10.0},{"not_picked":["Acrobatics","Quick Slash"],"picked":"Dagger Throw","floor":11.0},{"not_picked":["Distraction","Backstab"],"picked":"A Thousand Cuts","floor":12.0},{"not_picked":["Choke","Dagger Throw"],"picked":"Crippling Poison","floor":14.0},{"not_picked":["Glass Knife","A Thousand Cuts"],"picked":"Burst","floor":16.0},{"not_picked":["PiercingWail","Quick Slash"],"picked":"Prepared+1","floor":18.0},{"not_picked":["Distraction","PiercingWail"],"picked":"Dagger Spray+1","floor":22.0},{"not_picked":["Deflect","Acrobatics"],"picked":"Deadly Poison+1","floor":25.0},{"not_picked":["Finisher+1","Heel Hook+1"],"picked":"Quick Slash+1","floor":27.0},{"not_picked":["Prepared","Flying Knee+1"],"picked":"Poisoned Stab+1","floor":28.0},{"not_picked":["Quick Slash+1","Distraction"],"picked":"Masterful Stab+1","floor":29.0},{"not_picked":["Underhanded Strike+1","Bullet Time"],"picked":"Eviscerate+1","floor":30.0},{"not_picked":["Deadly Poison","Acrobatics"],"picked":"Underhanded Strike+1","floor":31.0},{"not_picked":["After Image","Burst"],"picked":"Corpse Explosion","floor":33.0},{"not_picked":["PiercingWail","Slice+1"],"picked":"Riddle With Holes+1","floor":35.0},{"not_picked":["Panacea","Swift Strike+1"],"picked":"Dramatic Entrance+1","floor":37.0},{"not_picked":["Deep Breath","Good Instincts"],"picked":"Panache","floor":37.0},{"not_picked":["Blind","Thinking Ahead"],"picked":"Enlightenment","floor":37.0},{"not_picked":["Acrobatics+1","Bane+1"],"picked":"Backflip+1","floor":38.0},{"not_picked":["Slice+1","Deadly Poison"],"picked":"Outmaneuver+1","floor":41.0},{"not_picked":["Dagger Spray+1","Choke+1"],"picked":"Riddle With Holes+1","floor":42.0},{"not_picked":["Caltrops+1","Flechettes+1"],"picked":"Escape Plan+1","floor":44.0},{"not_picked":["Quick Slash+1","Dagger Spray+1"],"picked":"Finisher+1","floor":47},{"not_picked":["Backflip","Adrenaline"],"picked":"Backstab+1","floor":48}],"player_experience":53265,"relics_obtained":[{"floor":9.0,"key":"Anchor"},{"floor":12.0,"key":"Ice Cream"},{"floor":20.0,"key":"Mango"},{"floor":21.0,"key":"Necronomicon"},{"floor":26.0,"key":"Oddly Smooth Stone"},{"floor":27.0,"key":"Strawberry"},{"floor":30.0,"key":"Whetstone"},{"floor":41.0,"key":"Darkstone Periapt"},{"floor":41.0,"key":"Smiling Mask"},{"floor":43.0,"key":"Ornamental Fan"},{"floor":47,"key":"Bird Faced Urn"},{"floor":47,"key":"Du-Vu Doll"}],"event_choices":[{"event_name":"Big Fish","player_choice":"Box","floor":2.0,"damage_taken":0.0},{"event_name":"Shining Light","player_choice":"Entered Light","floor":4.0,"damage_taken":0.0},{"event_name":"Golden Idol","player_choice":"Take Wound","floor":5.0,"damage_taken":0.0},{"event_name":"Dead Adventurer","player_choice":"Searched \u00272\u0027 times","floor":7.0,"damage_taken":0.0},{"event_name":"Cursed Tome","player_choice":"Obtained Book","floor":21.0,"damage_taken":0.0},{"event_name":"Vampires","player_choice":"Became a vampire","floor":24.0,"damage_taken":0.0},{"event_name":"SecretPortal","player_choice":"Rejected Portal.","floor":36.0,"damage_taken":0.0},{"event_name":"SensoryStone","player_choice":"Memory 3","floor":37.0,"damage_taken":0.0},{"event_name":"Match and Keep!","player_choice":"3 cards matched","floor":46.0,"damage_taken":0.0}],"is_beta":false,"boss_relics":[{"not_picked":["Velvet Choker","Ectoplasm"],"picked":"Fusion Hammer"},{"not_picked":["Ring of the Serpent","Runic Dome"],"picked":"Black Star"}],"items_purged_floors":[39],"is_endless":false,"potions_floor_spawned":[7,8,12,16,25,29,30,31,35,42,47,48],"ascension_level":0}