{"gold_per_floor":[114,264,81,99,109,109,143,143,143,175,185,220,220,239,239,316,316,329,329,219,229,229,229,255,274,299,299,299,220,235,48,48,125,125,145,145,145,165,177,177,205,0,24,24,35,51,51,78,78,78,78],"floor_reached":51,"playtime":3569,"items_purged":["Doubt","Strike_G"],"score":1586,"play_id":"15734527-56d9-4b2a-81a5-fb80f0e62f03","local_time":"20181101005706","is_ascension_mode":true,"campfire_choices":[{"data":"Neutralize","floor":6.0,"key":"SMITH"},{"floor":8.0,"key":"REST"},{"data":"Glass Knife","floor":13.0,"key":"SMITH"},{"data":"Dagger Spray","floor":15.0,"key":"SMITH"},{"floor":23.0,"key":"REST"},{"data":"Glass Knife","floor":27.0,"key":"SMITH"},{"floor":32.0,"key":"REST"},{"data":"Footwork","floor":40.0,"key":"SMITH"},{"data":"Well Laid Plans","floor":44.0,"key":"SMITH"},{"floor":47.0,"key":"REST"},{"floor":49.0,"key":"REST"}],"neow_cost":"NONE","seed_source_timestamp":23833907023800,"circlet_count":0,"master_deck":["Defend_G","Defend_G","Defend_G","Defend_G+1","Defend_G+1","Survivor+1","Neutralize+1","AscendersBane","Glass Knife+1","Predator+1","Grand Finale+1","Dagger Throw+1","Backflip","Prepared","PiercingWail","Glass Knife+1","Dagger Throw","Underhanded Strike","Well Laid Plans+1","Dagger Spray+1","Glass Knife+1","Necronomicurse","Underhanded Strike+1","Choke","Noxious Fumes","Acrobatics","Footwork+1","Malaise","Night Terror","Blur"],"special_seed":0,"relics":["Astrolabe","Kunai","Ancient Tea Set","Potion Belt","Oddly Smooth Stone","Sozu","Necronomicon","Dream Catcher","War Paint","Busted Crown","Lantern","Red Mask","Whetstone","Bag of Preparation"],"potions_floor_usage":[51,51],"damage_taken":[{"damage":2.0,"enemies":"2 Louse","floor":1.0,"turns":3.0},{"damage":0.0,"enemies":"Jaw Worm","floor":4.0,"turns":2.0},{"damage":7.0,"enemies":"Small Slimes","floor":5.0,"turns":2.0},{"damage":20.0,"enemies":"3 Sentries","floor":7.0,"turns":6.0},{"damage":6.0,"enemies":"Gremlin Nob","floor":10.0,"turns":3.0},{"damage":4.0,"enemies":"Red Slaver","floor":11.0,"turns":3.0},{"damage":3.0,"enemies":"Lagavulin","floor":12.0,"turns":5.0},{"damage":0.0,"enemies":"Exordium Wildlife","floor":14.0,"turns":3.0},{"damage":0.0,"enemies":"Slime Boss","floor":16.0,"turns":3.0},{"damage":5.0,"enemies":"2 Thieves","floor":18.0,"turns":3.0},{"damage":1.0,"enemies":"3 Byrds","floor":21.0,"turns":5.0},{"damage":0.0,"enemies":"Colosseum Slavers","floor":22.0,"turns":2.0},{"damage":0.0,"enemies":"Gremlin Leader","floor":24.0,"turns":4.0},{"damage":0.0,"enemies":"3 Cultists","floor":25.0,"turns":3.0},{"damage":7.0,"enemies":"Cultist and Chosen","floor":30.0,"turns":4.0},{"damage":32.0,"enemies":"Automaton","floor":33.0,"turns":7.0},{"damage":6.0,"enemies":"3 Darklings","floor":35.0,"turns":4.0},{"damage":2.0,"enemies":"Orb Walker","floor":38.0,"turns":2.0},{"damage":5.0,"enemies":"Maw","floor":39.0,"turns":6.0},{"damage":0.0,"enemies":"Giant Head","floor":41.0,"turns":6.0},{"damage":3.0,"enemies":"Transient","floor":45.0,"turns":6.0},{"damage":25.0,"enemies":"Spire Growth","floor":46.0,"turns":8.0},{"damage":23.0,"enemies":"Reptomancer","floor":48.0,"turns":8.0},{"damage":19,"enemies":"Donu and Deca","floor":50,"turns":11},{"damage":12,"enemies":"Time Eater","floor":51,"turns":5}],"seed_played":"1663057681810481929","potions_obtained":[{"floor":1.0,"key":"Ancient Potion"},{"floor":4.0,"key":"SpeedPotion"},{"floor":11.0,"key":"Block Potion"},{"floor":12.0,"key":"AttackPotion"}],"is_trial":false,"path_per_floor":["M","?","$","M","M","R","E","R","T","E","M","E","R","M","R","B",null,"M","?","?","M","?","R","E","M","T","R","?","$","M","$","R","B",null,"M","?","?","M","M","R","E","?","T","R","M","M","R","E","R","B"],"character_chosen":"THE_SILENT","items_purchased":["Backflip","Prepared","Noxious Fumes","Footwork"],"campfire_rested":5,"item_purchase_floors":[3,3,29,31],"current_hp_per_floor":[57,57,57,57,50,50,30,49,49,43,39,36,36,36,36,36,59,54,33,33,32,32,51,51,51,51,51,51,51,44,44,63,31,57,51,51,51,49,44,44,44,44,44,44,41,16,34,11,29,10,0],"gold":78,"neow_bonus":"BOSS_RELIC","is_prod":false,"is_daily":false,"chose_seed":false,"campfire_upgraded":6,"win_rate":0,"timestamp":1541048226,"path_taken":["M","?","$","?","M","R","E","R","T","E","M","E","R","M","R","BOSS","M","?","?","?","?","R","E","M","T","R","?","$","?","$","R","BOSS","M","?","?","M","?","R","E","?","T","R","M","M","R","E","R","BOSS","BOSS"],"build_version":"2018-10-29v2","purchased_purges":2,"victory":false,"max_hp_per_floor":[66,66,66,66,66,66,66,66,66,66,66,66,66,66,66,66,66,66,66,66,66,66,66,66,66,66,66,66,66,66,66,66,66,66,66,63,63,63,63,63,63,63,63,63,63,63,63,63,63,63,63],"card_choices":[{"not_picked":["Setup","Endless Agony"],"picked":"Dagger Throw","floor":1.0},{"not_picked":["Dagger Throw","Dodge and Roll"],"picked":"PiercingWail","floor":4.0},{"not_picked":["Bane","Sucker Punch","Eviscerate"],"picked":"SKIP","floor":5.0},{"not_picked":["Deflect","Choke"],"picked":"Glass Knife","floor":7.0},{"not_picked":["Riddle With Holes","Quick Slash"],"picked":"Dagger Throw","floor":10.0},{"not_picked":["Accuracy","Bane"],"picked":"Underhanded Strike","floor":11.0},{"not_picked":["Setup","Tactician"],"picked":"Well Laid Plans","floor":12.0},{"not_picked":["Blade Dance","Well Laid Plans"],"picked":"Dagger Spray","floor":14.0},{"not_picked":["Burst","Envenom"],"picked":"Glass Knife","floor":16.0},{"not_picked":["Prepared","Finisher","Slice"],"picked":"SKIP","floor":18.0},{"not_picked":["Outmaneuver","Dagger Spray","Blade Dance"],"picked":"SKIP","floor":21.0},{"not_picked":["Deflect","Crippling Poison","Poisoned Stab"],"picked":"SKIP","floor":24.0},{"not_picked":["Deflect","Dagger Spray"],"picked":"Underhanded Strike","floor":25.0},{"not_picked":["Sucker Punch","Underhanded Strike"],"picked":"Acrobatics","floor":30.0},{"not_picked":["Quick Slash","Caltrops"],"picked":"Malaise","floor":32.0},{"not_picked":["Doppelganger","Venomology"],"picked":"Night Terror","floor":33.0},{"not_picked":["Dagger Spray"],"picked":"SKIP","floor":35.0},{"not_picked":["Flying Knee"],"picked":"SKIP","floor":38.0},{"not_picked":["Concentrate+1"],"picked":"SKIP","floor":39.0},{"not_picked":["Poisoned Stab"],"picked":"SKIP","floor":41.0},{"not_picked":[],"picked":"Blur","floor":45.0},{"not_picked":["Flying Knee"],"picked":"SKIP","floor":46.0},{"not_picked":["PiercingWail"],"picked":"SKIP","floor":48.0}],"player_experience":1573907,"relics_obtained":[{"floor":7.0,"key":"Kunai"},{"floor":9.0,"key":"Ancient Tea Set"},{"floor":10.0,"key":"Potion Belt"},{"floor":12.0,"key":"Oddly Smooth Stone"},{"floor":19.0,"key":"Necronomicon"},{"floor":24.0,"key":"Dream Catcher"},{"floor":26.0,"key":"War Paint"},{"floor":41.0,"key":"Lantern"},{"floor":43.0,"key":"Whetstone"},{"floor":48.0,"key":"Bag of Preparation"}],"event_choices":[{"damage_healed":0.0,"max_hp_gain":0.0,"max_hp_loss":0.0,"gold_gain":150.0,"event_name":"Liars Game","player_choice":"AGREE","floor":2.0,"gold_loss":0.0,"damage_taken":0.0,"cards_obtained":["Doubt"]},{"damage_healed":0.0,"max_hp_gain":0.0,"max_hp_loss":0.0,"gold_gain":0.0,"event_name":"Cursed Tome","player_choice":"Obtained Book","floor":19.0,"gold_loss":0.0,"damage_taken":21.0},{"cards_removed":["Strike_G"],"damage_healed":0.0,"max_hp_gain":0.0,"max_hp_loss":0.0,"gold_gain":0.0,"event_name":"Designer","player_choice":"Upgrade and Remove","floor":20.0,"gold_loss":110.0,"damage_taken":0.0,"cards_upgraded":["Survivor"]},{"damage_healed":0.0,"max_hp_gain":0.0,"max_hp_loss":0.0,"gold_gain":0.0,"event_name":"Colosseum","player_choice":"Fight","floor":22.0,"gold_loss":0.0,"damage_taken":0.0},{"damage_healed":0.0,"max_hp_gain":0.0,"max_hp_loss":0.0,"gold_gain":0.0,"event_name":"Colosseum","player_choice":"Fled From Nobs","floor":22.0,"gold_loss":0.0,"damage_taken":0.0},{"damage_healed":0.0,"max_hp_gain":0.0,"max_hp_loss":0.0,"gold_gain":0.0,"event_name":"The Library","player_choice":"Read","floor":28.0,"gold_loss":0.0,"damage_taken":0.0,"cards_obtained":["Choke"]},{"damage_healed":0.0,"max_hp_gain":0.0,"max_hp_loss":3.0,"gold_gain":0.0,"event_name":"Winding Halls","player_choice":"Max HP","floor":36.0,"gold_loss":0.0,"damage_taken":0.0},{"damage_healed":0.0,"max_hp_gain":0.0,"max_hp_loss":0.0,"gold_gain":0.0,"event_name":"SensoryStone","player_choice":"Memory 1","floor":37.0,"gold_loss":0.0,"damage_taken":0.0},{"damage_healed":0.0,"max_hp_gain":0.0,"max_hp_loss":0.0,"gold_gain":0.0,"event_name":"Tomb of Lord Red Mask","player_choice":"Paid","floor":42.0,"gold_loss":205.0,"damage_taken":0.0,"relics_obtained":["Red Mask"]}],"is_beta":true,"boss_relics":[{"not_picked":["Orrery","Tiny House"],"picked":"Sozu"},{"not_picked":["Lizard Tail","Fusion Hammer"],"picked":"Busted Crown"}],"items_purged_floors":[3,31],"is_endless":false,"potions_floor_spawned":[1,4,11,12,14,18,21,22,30,35,38,41],"killed_by":"Time Eater","ascension_level":20}