{"gold_per_floor":[113,125,137,67,167,200,200,230,253,253,272,282,14,14,14,117,117,117,117,117,117,16,16,16,16,16,16,16,16,16,16,16,16,16,16,0,0,0,0,0,0,0,0,0,0,0,0,0,0,0,0,0,0,0,0],"floor_reached":55,"playtime":5555,"items_purged":["Strike_R","Strike_R"],"score":974,"play_id":"61c43acc-49b0-45d9-bdf5-c1ea583532dc","local_time":"20190103105038","is_ascension_mode":true,"campfire_choices":[{"data":"Clothesline","floor":7.0,"key":"SMITH"},{"data":"Barricade","floor":10.0,"key":"SMITH"},{"floor":15.0,"key":"REST"},{"data":"Armaments","floor":25.0,"key":"SMITH"},{"floor":28.0,"key":"REST"},{"floor":32.0,"key":"REST"},{"data":"True Grit","floor":40,"key":"SMITH"},{"floor":42,"key":"RECALL"},{"data":"Impervious","floor":46,"key":"SMITH"},{"data":"Disarm","floor":49,"key":"SMITH"},{"data":"Impervious","floor":52,"key":"SMITH"}],"neow_cost":"NONE","seed_source_timestamp":0,"circlet_count":0,"master_deck":["Strike_R","Strike_R","Strike_R","Defend_R","Defend_R","Defend_R","Defend_R","Bash","Body Slam","Clothesline+1","Entrench","Power Through","Barricade+1","Shrug It Off","Disarm+1","Exhume","True Grit","Iron Wave","Armaments+1","Body Slam","True Grit+1","Seeing Red","Infernal Blade","Impervious+1","Impervious+1"],"special_seed":0,"relics":["Burning Blood","NeowsBlessing","PreservedInsect","Pen Nib","Membership Card","Red Skull","Ectoplasm","Blood Vial","Bronze Scales","Anchor","Snecko Eye","Red Mask","Ancient Tea Set","Shuriken","Letter Opener","Bottled Lightning","Pantograph"],"potions_floor_usage":[50,50,50,55],"damage_taken":[{"damage":0.0,"enemies":"Cultist","floor":1.0,"turns":1.0},{"damage":0.0,"enemies":"Jaw Worm","floor":2.0,"turns":1.0},{"damage":0.0,"enemies":"2 Louse","floor":3.0,"turns":1.0},{"damage":22.0,"enemies":"Gremlin Nob","floor":6.0,"turns":4.0},{"damage":31.0,"enemies":"3 Sentries","floor":8.0,"turns":8.0},{"damage":1.0,"enemies":"2 Fungi Beasts","floor":11.0,"turns":2.0},{"damage":19.0,"enemies":"Exordium Thugs","floor":12.0,"turns":5.0},{"damage":8.0,"enemies":"Hexaghost","floor":16.0,"turns":11.0},{"damage":17.0,"enemies":"3 Byrds","floor":18.0,"turns":8.0},{"damage":0.0,"enemies":"Chosen","floor":21.0,"turns":5.0},{"damage":33.0,"enemies":"Gremlin Leader","floor":23.0,"turns":10.0},{"damage":12.0,"enemies":"Shelled Parasite and Fungi","floor":24.0,"turns":8.0},{"damage":11.0,"enemies":"Slavers","floor":27.0,"turns":4.0},{"damage":4.0,"enemies":"Book of Stabbing","floor":29.0,"turns":7.0},{"damage":0.0,"enemies":"Snake Plant","floor":30.0,"turns":4.0},{"damage":16.0,"enemies":"Sentry and Sphere","floor":31.0,"turns":10.0},{"damage":0.0,"enemies":"Collector","floor":33.0,"turns":11.0},{"damage":4.0,"enemies":"Orb Walker","floor":35.0,"turns":6.0},{"damage":0,"enemies":"3 Darklings","floor":38,"turns":7},{"damage":0,"enemies":"Sphere and 2 Shapes","floor":39,"turns":6},{"damage":0,"enemies":"Giant Head","floor":41,"turns":7},{"damage":23,"enemies":"Reptomancer","floor":44,"turns":5},{"damage":0,"enemies":"Jaw Worm Horde","floor":47,"turns":3},{"damage":4,"enemies":"Nemesis","floor":48,"turns":5},{"damage":36,"enemies":"Awakened One","floor":50,"turns":8},{"damage":0,"enemies":"Shield and Spear","floor":54,"turns":6},{"damage":109,"enemies":"The Heart","floor":55,"turns":15}],"seed_played":"-1351843023195294116","potions_obtained":[{"floor":2.0,"key":"SkillPotion"},{"floor":3.0,"key":"Strength Potion"},{"floor":6.0,"key":"Fire Potion"},{"floor":18.0,"key":"Energy Potion"},{"floor":21.0,"key":"SmokeBomb"},{"floor":29.0,"key":"Ancient Potion"},{"floor":30.0,"key":"Ancient Potion"},{"floor":44,"key":"Explosive Potion"},{"floor":54,"key":"Regen Potion"}],"is_trial":false,"path_per_floor":["M","M","M","$","?","E","R","E","T","R","M","M","$","?","R","B",null,"M","?","?","M","$","E","E","M","R","T","E","R","E","M","M","R","B",null,"M","?","$","M","M","R","E","R","T","E","?","R","M","E","R","B",null,"R","$","E","B"],"character_chosen":"IRONCLAD","items_purchased":["Entrench","Membership Card","Disarm","Armaments","Body Slam"],"campfire_rested":3,"item_purchase_floors":[4,13,13,22,22],"current_hp_per_floor":[80,80,80,80,80,64,64,39,39,39,44,31,31,28,52,50,80,69,54,54,60,60,33,29,29,29,26,51,55,63,55,80,85,85,85,85,85,85,85,85,85,85,85,68,68,68,76,80,80,52,85,85,85,85,0],"gold":0,"neow_bonus":"THREE_ENEMY_KILL","is_prod":false,"is_daily":false,"chose_seed":false,"campfire_upgraded":7,"win_rate":0,"timestamp":1546530638,"path_taken":["M","M","?","$","?","E","R","E","T","R","M","?","?","?","R","BOSS","M","?","?","M","$","E","M","R","T","E","R","E","M","M","R","BOSS","M","?","$","M","M","R","E","R","T","E","?","R","M","E","R","BOSS","R","$","E","BOSS"],"build_version":"2018-12-20","purchased_purges":2,"victory":false,"max_hp_per_floor":[80,80,80,80,80,80,80,80,80,80,80,80,80,80,80,80,80,80,85,85,85,85,85,85,85,85,85,85,85,85,85,85,85,85,85,85,85,85,85,85,85,85,85,85,85,85,85,85,85,85,85,85,85,85,85],"card_choices":[{"not_picked":["Headbutt","Battle Trance"],"picked":"Body Slam","floor":1.0},{"not_picked":["Flex","Rupture","Cleave"],"picked":"SKIP","floor":2.0},{"not_picked":["Thunderclap","Body Slam"],"picked":"Clothesline","floor":3.0},{"not_picked":["Havoc","Body Slam"],"picked":"Power Through","floor":6.0},{"not_picked":["Clash","Exhume"],"picked":"Barricade","floor":8.0},{"not_picked":["Iron Wave","Heavy Blade","Thunderclap"],"picked":"SKIP","floor":11.0},{"not_picked":["Clothesline","Fire Breathing"],"picked":"Shrug It Off","floor":12.0},{"not_picked":["Reaper","Bludgeon"],"picked":"Exhume","floor":16.0},{"not_picked":["Twin Strike","Perfected Strike"],"picked":"True Grit","floor":18.0},{"not_picked":["Twin Strike+1","Anger","Pommel Strike"],"picked":"SKIP","floor":21.0},{"not_picked":["Havoc","Headbutt"],"picked":"True Grit","floor":23.0},{"not_picked":["Headbutt","Sever Soul"],"picked":"Seeing Red","floor":24.0},{"not_picked":["Heavy Blade","Berserk"],"picked":"Infernal Blade","floor":29.0},{"not_picked":["Intimidate","Bloodletting","Rage"],"picked":"SKIP","floor":30.0},{"not_picked":["Cleave","Heavy Blade+1","Flex+1"],"picked":"SKIP","floor":31.0},{"not_picked":["Double Tap","Dark Embrace"],"picked":"Impervious","floor":33.0},{"not_picked":["Cleave","Havoc+1","Thunderclap+1"],"picked":"SKIP","floor":35.0},{"not_picked":["Cleave+1","Iron Wave","Flex"],"picked":"SKIP","floor":38},{"not_picked":["Perfected Strike+1","Wild Strike","Armaments+1"],"picked":"SKIP","floor":39},{"not_picked":["Flex+1","Rampage+1","Sword Boomerang"],"picked":"SKIP","floor":41},{"not_picked":["Armaments+1","Warcry"],"picked":"Impervious","floor":44},{"not_picked":["Havoc+1","Perfected Strike+1","Cleave+1"],"picked":"SKIP","floor":47},{"not_picked":["True Grit+1","Thunderclap","Perfected Strike"],"picked":"SKIP","floor":48},{"not_picked":["Wild Strike+1","Second Wind","Warcry"],"picked":"SKIP","floor":54}],"player_experience":735314,"relics_obtained":[{"floor":6.0,"key":"PreservedInsect"},{"floor":8.0,"key":"Pen Nib"},{"floor":23.0,"key":"Blood Vial"},{"floor":26.0,"key":"Bronze Scales"},{"floor":29.0,"key":"Anchor"},{"floor":41,"key":"Ancient Tea Set"},{"floor":43,"key":"Shuriken"},{"floor":44,"key":"Letter Opener"},{"floor":48,"key":"Bottled Lightning"},{"floor":54,"key":"Pantograph"}],"event_choices":[{"damage_healed":0.0,"max_hp_gain":0.0,"max_hp_loss":0.0,"gold_gain":100.0,"event_name":"Golden Shrine","player_choice":"Pray","floor":5.0,"gold_loss":0.0,"damage_taken":0.0},{"damage_healed":0.0,"max_hp_gain":0.0,"max_hp_loss":0.0,"gold_gain":0.0,"event_name":"Scrap Ooze","player_choice":"Success","floor":14.0,"gold_loss":0.0,"damage_taken":3.0,"relics_obtained":["Red Skull"]},{"damage_healed":0.0,"max_hp_gain":5.0,"max_hp_loss":0.0,"gold_gain":0.0,"event_name":"Forgotten Altar","player_choice":"Shed Blood","floor":19.0,"gold_loss":0.0,"damage_taken":20.0},{"damage_healed":0.0,"max_hp_gain":0.0,"max_hp_loss":0.0,"gold_gain":0.0,"event_name":"Match and Keep!","player_choice":"1 cards matched","floor":20.0,"gold_loss":0.0,"damage_taken":0.0,"cards_obtained":["Iron Wave"]},{"damage_healed":0.0,"max_hp_gain":0.0,"max_hp_loss":0.0,"gold_gain":0.0,"event_name":"Tomb of Lord Red Mask","player_choice":"Paid","floor":36.0,"gold_loss":16.0,"damage_taken":0.0,"relics_obtained":["Red Mask"]},{"damage_healed":0,"gold_gain":100,"player_choice":"Pray","damage_taken":0,"max_hp_gain":0,"max_hp_loss":0,"event_name":"Golden Shrine","floor":45,"gold_loss":0}],"is_beta":false,"boss_relics":[{"not_picked":["Pandora\u0027s Box","Mark of Pain"],"picked":"Ectoplasm"},{"not_picked":["Runic Dome","Philosopher\u0027s Stone"],"picked":"Snecko Eye"}],"items_purged_floors":[13,22],"is_endless":false,"potions_floor_spawned":[2,3,6,18,21,29,30,38,41,44,47,54],"killed_by":"The Heart","ascension_level":1}