{"gold_per_floor":[114,73,89,89,54,86,86,99,99,134,11,31,61,71,71,171,171,183,203,223,223,223,223,248,248,275,303,303,15,15,46,46,146,146,161,161,111,111,211,211,223,117,140,116,116,0,0,17,17,17],"floor_reached":51,"playtime":3783,"items_purged":[],"score":839,"play_id":"28257461-61e1-4121-a75b-411063b88dc5","local_time":"20190119113951","is_ascension_mode":true,"campfire_choices":[{"floor":7,"key":"DIG"},{"floor":15,"key":"REST"},{"floor":23,"key":"DIG"},{"floor":25,"key":"DIG"},{"floor":32,"key":"REST"},{"floor":40,"key":"DIG"},{"floor":41,"key":"DIG"},{"floor":45,"key":"DIG"},{"floor":47,"key":"DIG"},{"floor":49,"key":"DIG"}],"neow_cost":"NONE","seed_source_timestamp":124112877913745,"circlet_count":0,"master_deck":["Defend_G+1","Defend_G+1","Defend_G+1","Defend_G+1","Defend_G+1","Strike_G+1","Strike_G+1","Strike_G+1","Strike_G+1","Strike_G+1","Survivor","Neutralize+1","Phantasmal Killer","Poisoned Stab","Endless Agony","Dash+1","Blur","Tactician+1","PiercingWail+1","Deflect+1","Sucker Punch+1","Dagger Throw+1","Caltrops","Die Die Die+1","Catalyst+1","Backstab+1","PiercingWail+1","RitualDagger+1","Corpse Explosion+1","Backflip+1","Bouncing Flask+1","After Image","Calculated Gamble+1","Deep Breath+1","Prepared+1","Footwork","Terror+1","Cloak And Dagger+1","PiercingWail+1"],"relics":["Ring of the Snake","Shovel","Lantern","Molten Egg 2","Toxic Egg 2","Bottled Lightning","War Paint","Sozu","Snake Skull","Turnip","Tingsha","Whetstone","Thread and Needle","The Specimen","Dream Catcher","Fusion Hammer","WingedGreaves","MawBank","Mummified Hand","Boot","Omamori","Red Mask","Pear","Blue Candle"],"potions_floor_usage":[10,10,24,27],"damage_taken":[{"damage":4,"enemies":"Small Slimes","floor":1,"turns":5},{"damage":1,"enemies":"Cultist","floor":3,"turns":3},{"damage":30,"enemies":"Gremlin Nob","floor":6,"turns":5},{"damage":2,"enemies":"Jaw Worm","floor":8,"turns":3},{"damage":0,"enemies":"Lagavulin","floor":10,"turns":6},{"damage":15,"enemies":"3 Louse","floor":12,"turns":3},{"damage":10,"enemies":"3 Sentries","floor":13,"turns":10},{"damage":0,"enemies":"2 Fungi Beasts","floor":14,"turns":3},{"damage":25,"enemies":"The Guardian","floor":16,"turns":15},{"damage":4,"enemies":"2 Thieves","floor":18,"turns":4},{"damage":6,"enemies":"Spheric Guardian","floor":19,"turns":4},{"damage":12,"enemies":"Shelled Parasite and Fungi","floor":20,"turns":7},{"damage":4,"enemies":"Slavers","floor":24,"turns":6},{"damage":0,"enemies":"Book of Stabbing","floor":27,"turns":4},{"damage":1,"enemies":"Slavers","floor":31,"turns":3},{"damage":38,"enemies":"Automaton","floor":33,"turns":10},{"damage":0,"enemies":"Orb Walker","floor":35,"turns":3},{"damage":0,"enemies":"Mind Bloom Boss Battle","floor":39,"turns":4},{"damage":14,"enemies":"3 Darklings","floor":48,"turns":4},{"damage":21,"enemies":"Donu and Deca","floor":50,"turns":7}],"seed_played":"3628287801962477964","potions_obtained":[{"floor":3,"key":"FearPotion"},{"floor":8,"key":"PowerPotion"},{"floor":10,"key":"FearPotion"},{"floor":16,"key":"FearPotion"}],"is_trial":false,"path_per_floor":["M","$","M","?","$","E","R","M","T","E","$","M","E","M","R","B",null,"M","M","M","?","?","R","E","R","T","E","?","$","?","E","R","B",null,"M","?","$","?","?","R","R","$","T","$","R","?","R","M","R","B",null],"character_chosen":"THE_SILENT","items_purchased":["Endless Agony","Dash","PiercingWail+1","Deflect+1","Sucker Punch+1","The Specimen","Prepared+1","Footwork","Terror+1","Cloak And Dagger+1"],"campfire_rested":2,"item_purchase_floors":[2,5,11,11,11,29,37,42,42,44],"current_hp_per_floor":[66,66,65,65,65,35,35,33,33,33,33,18,8,8,29,4,70,66,60,48,48,42,42,38,38,38,38,38,38,25,24,46,8,75,75,75,75,71,71,71,71,71,71,71,71,71,81,67,67,46],"gold":17,"neow_bonus":"ONE_RANDOM_RARE_CARD","is_prod":false,"is_daily":false,"chose_seed":false,"campfire_upgraded":0,"win_rate":0,"timestamp":1547926791,"path_taken":["M","$","M","?","$","E","R","M","T","E","$","?","E","M","R","BOSS","M","M","M","?","?","R","E","R","T","E","?","$","?","E","R","BOSS","M","?","$","?","?","R","R","?","T","$","R","?","R","?","R","BOSS"],"build_version":"2019-01-17v2","purchased_purges":0,"victory":true,"max_hp_per_floor":[70,70,70,70,70,70,70,70,70,70,70,70,70,70,70,70,70,70,70,70,70,70,70,70,70,70,70,70,70,75,75,75,75,75,75,75,75,71,71,71,71,71,71,71,71,71,81,81,81,81],"card_choices":[{"not_picked":["Backflip","PiercingWail"],"picked":"Poisoned Stab","floor":1},{"not_picked":["Deflect","Underhanded Strike"],"picked":"Predator","floor":3},{"not_picked":["Flying Knee","Acrobatics"],"picked":"Blur","floor":6},{"not_picked":["Heel Hook+1","Bane+1","Blade Dance"],"picked":"SKIP","floor":8},{"not_picked":["PiercingWail+1","Deflect+1"],"picked":"Tactician+1","floor":10},{"not_picked":["Slice+1","Blade Dance+1"],"picked":"Dagger Throw+1","floor":12},{"not_picked":["Sucker Punch+1","Outmaneuver+1","Slice+1"],"picked":"SKIP","floor":13},{"not_picked":["Sucker Punch+1","Outmaneuver+1","Slice+1"],"picked":"SKIP","floor":13},{"not_picked":["Calculated Gamble+1","Accuracy"],"picked":"Caltrops","floor":14},{"not_picked":["Phantasmal Killer+1","Venomology+1"],"picked":"Die Die Die+1","floor":16},{"not_picked":["Acrobatics+1","Prepared+1"],"picked":"Catalyst+1","floor":18},{"not_picked":["PiercingWail+1","Outmaneuver+1"],"picked":"Backstab+1","floor":19},{"not_picked":["Acrobatics+1","Poisoned Stab+1"],"picked":"PiercingWail+1","floor":20},{"not_picked":["Deadly Poison+1","Eviscerate+1"],"picked":"Corpse Explosion+1","floor":24},{"not_picked":["Flying Knee+1","Setup+1","Concentrate+1"],"picked":"SKIP","floor":27},{"not_picked":["Flying Knee+1","Accuracy"],"picked":"Backflip+1","floor":31},{"not_picked":["Endless Agony+1","Crippling Poison+1"],"picked":"Bouncing Flask+1","floor":32},{"not_picked":["Phantasmal Killer+1","Unload+1"],"picked":"After Image","floor":33},{"not_picked":["Deadly Poison+1","Riddle With Holes+1"],"picked":"Calculated Gamble+1","floor":35},{"not_picked":["Swift Strike+1","Mind Blast+1"],"picked":"Deep Breath+1","floor":36},{"not_picked":["Distraction+1","Endless Agony+1"],"picked":"PiercingWail+1","floor":48}],"player_experience":273800,"relics_obtained":[{"floor":6,"key":"Lantern"},{"floor":7,"key":"Molten Egg 2"},{"floor":9,"key":"Toxic Egg 2"},{"floor":10,"key":"Bottled Lightning"},{"floor":13,"key":"War Paint"},{"floor":23,"key":"Snake Skull"},{"floor":24,"key":"Turnip"},{"floor":25,"key":"Tingsha"},{"floor":26,"key":"Whetstone"},{"floor":27,"key":"Thread and Needle"},{"floor":31,"key":"Dream Catcher"},{"floor":39,"key":"WingedGreaves"},{"floor":40,"key":"MawBank"},{"floor":41,"key":"Mummified Hand"},{"floor":43,"key":"Boot"},{"floor":45,"key":"Omamori"},{"floor":47,"key":"Pear"},{"floor":49,"key":"Blue Candle"}],"event_choices":[{"cards_removed":["Predator"],"damage_healed":0,"gold_gain":0,"player_choice":"Gave Card","damage_taken":0,"relics_obtained":["Shovel"],"max_hp_gain":0,"max_hp_loss":0,"event_name":"WeMeetAgain","floor":4,"gold_loss":0},{"damage_healed":0,"gold_gain":0,"player_choice":"Simplicity","damage_taken":0,"max_hp_gain":0,"max_hp_loss":0,"event_name":"Back to Basics","floor":21,"gold_loss":0,"cards_upgraded":["Defend_G","Defend_G","Defend_G","Strike_G","Strike_G","Strike_G","Strike_G","Strike_G"]},{"damage_healed":0,"gold_gain":0,"player_choice":"Joined the Cult","damage_taken":6,"max_hp_gain":0,"max_hp_loss":0,"event_name":"Nest","floor":22,"gold_loss":0,"cards_obtained":["RitualDagger"]},{"damage_healed":0,"gold_gain":0,"player_choice":"Ignored","damage_taken":0,"max_hp_gain":0,"max_hp_loss":0,"event_name":"Vampires","floor":28,"gold_loss":0},{"damage_healed":0,"gold_gain":0,"player_choice":"Shed Blood","damage_taken":18,"max_hp_gain":5,"max_hp_loss":0,"event_name":"Forgotten Altar","floor":30,"gold_loss":0},{"damage_healed":0,"gold_gain":0,"player_choice":"Memory 1","damage_taken":0,"max_hp_gain":0,"max_hp_loss":0,"event_name":"SensoryStone","floor":36,"gold_loss":0},{"damage_healed":0,"gold_gain":0,"player_choice":"Max HP","damage_taken":0,"max_hp_gain":0,"max_hp_loss":4,"event_name":"Winding Halls","floor":38,"gold_loss":0},{"damage_healed":0,"gold_gain":0,"player_choice":"Fight","damage_taken":0,"max_hp_gain":0,"max_hp_loss":0,"event_name":"MindBloom","floor":39,"gold_loss":0},{"damage_healed":0,"gold_gain":0,"player_choice":"Paid","damage_taken":0,"relics_obtained":["Red Mask"],"max_hp_gain":0,"max_hp_loss":0,"event_name":"Tomb of Lord Red Mask","floor":46,"gold_loss":116}],"is_beta":false,"boss_relics":[{"not_picked":["Tiny House","Philosopher\u0027s Stone"],"picked":"Sozu"},{"not_picked":["Empty Cage","Calling Bell"],"picked":"Fusion Hammer"}],"items_purged_floors":[],"is_endless":false,"potions_floor_spawned":[3,8,10,16,19,31,33,35],"ascension_level":2}