{"gold_per_floor":[118,134,43,53,53,53,79,97,97,122,122,133,12,30,30,128,128,138,158,138,21,36,0,15,45,57,97,109,4,4,4,4,4],"floor_reached":33,"playtime":2938,"items_purged":[],"score":443,"play_id":"a32e845e-da1f-4822-a9ef-965e60d7eb5b","local_time":"20190208235054","is_ascension_mode":true,"campfire_choices":[{"data":"Neutralize","floor":6.0,"key":"SMITH"},{"data":"Dash","floor":11,"key":"SMITH"},{"floor":15,"key":"REST"},{"floor":28,"key":"REST"},{"floor":30,"key":"REST"},{"floor":32,"key":"REST"}],"neow_cost":"NONE","seed_source_timestamp":0,"circlet_count":0,"master_deck":["AscendersBane","Defend_G","Defend_G","Defend_G","Defend_G","Defend_G","Strike_G","Strike_G","Strike_G","Strike_G","Survivor","Neutralize+1","Leg Sweep","Dash+1","Noxious Fumes","Quick Slash","Quick Slash+1","Dagger Throw+1","Leg Sweep","Predator+1","Dagger Spray+1","Caltrops","Sucker Punch+1","Phantasmal Killer","Cloak And Dagger+1","Predator+1","Footwork","PiercingWail","Deflect+1","Footwork","Bouncing Flask","Terror","After Image"],"special_seed":0,"relics":["Ring of the Snake","NeowsBlessing","Molten Egg 2","Shuriken","Orichalcum","Cursed Key","MawBank","The Courier","Omamori","Enchiridion"],"potions_floor_usage":[18,24,25,25],"damage_taken":[{"damage":0.0,"enemies":"Cultist","floor":1.0,"turns":1.0},{"damage":0.0,"enemies":"2 Louse","floor":2.0,"turns":1.0},{"damage":0.0,"enemies":"Small Slimes","floor":4.0,"turns":1.0},{"damage":14.0,"enemies":"3 Sentries","floor":7.0,"turns":8.0},{"damage":3,"enemies":"Blue Slaver","floor":8,"turns":4},{"damage":3,"enemies":"Gremlin Nob","floor":10,"turns":4},{"damage":6,"enemies":"2 Fungi Beasts","floor":12,"turns":4},{"damage":2,"enemies":"Large Slime","floor":14,"turns":4},{"damage":11,"enemies":"Hexaghost","floor":16,"turns":11},{"damage":1,"enemies":"Spheric Guardian","floor":18,"turns":4},{"damage":1,"enemies":"Shell Parasite","floor":19,"turns":4},{"damage":6,"enemies":"Chosen and Byrds","floor":22,"turns":6},{"damage":7,"enemies":"Centurion and Healer","floor":24,"turns":6},{"damage":5,"enemies":"Book of Stabbing","floor":25,"turns":7},{"damage":35,"enemies":"Slavers","floor":27,"turns":6},{"damage":56,"enemies":"Automaton","floor":33,"turns":10}],"seed_played":"-4976653571863070628","potions_obtained":[{"floor":1.0,"key":"GhostInAJar"},{"floor":8,"key":"GamblersBrew"},{"floor":10,"key":"AttackPotion"},{"floor":18,"key":"Swift Potion"},{"floor":19,"key":"EssenceOfSteel"}],"is_trial":false,"path_per_floor":["M","M","$","M","?","R","E","M","T","E","R","M","$","M","R","B",null,"M","M","?","$","M","$","M","E","T","E","R","$","R","?","R","B"],"character_chosen":"THE_SILENT","items_purchased":["Noxious Fumes","Quick Slash","Dagger Spray+1","Caltrops","Footwork","PiercingWail","Footwork","Omamori"],"campfire_rested":4,"item_purchase_floors":[3,3,13,13,21,21,23,29],"current_hp_per_floor":[63,63,63,63,63,63,49,46,46,43,43,37,37,35,56,45,64,63,62,62,62,56,56,49,44,44,9,30,30,51,35,56,0],"gold":4,"neow_bonus":"THREE_ENEMY_KILL","is_prod":false,"is_daily":false,"chose_seed":false,"campfire_upgraded":2,"win_rate":0,"timestamp":1549698654,"path_taken":["M","?","$","M","?","R","E","M","T","E","R","M","$","M","R","BOSS","M","?","?","$","?","$","M","E","T","E","R","?","R","?","R","BOSS"],"build_version":"2019-01-23","purchased_purges":0,"victory":false,"max_hp_per_floor":[70,70,70,70,70,70,70,70,70,70,70,70,70,70,70,70,70,70,70,70,70,70,70,70,70,70,70,70,70,70,70,70,70],"card_choices":[{"not_picked":["Caltrops","Dagger Spray"],"picked":"Leg Sweep","floor":1.0},{"not_picked":["Acrobatics","Terror"],"picked":"Dash","floor":2.0},{"not_picked":["Escape Plan","Underhanded Strike","Accuracy"],"picked":"SKIP","floor":4.0},{"not_picked":["Blade Dance","Tactician"],"picked":"Quick Slash","floor":7.0},{"not_picked":["Cloak And Dagger","Heel Hook+1"],"picked":"Dagger Throw+1","floor":8},{"not_picked":["Underhanded Strike+1","Blur"],"picked":"Leg Sweep","floor":10},{"not_picked":["PiercingWail","Poisoned Stab+1"],"picked":"Predator+1","floor":12},{"not_picked":["Underhanded Strike+1","Escape Plan"],"picked":"Sucker Punch+1","floor":14},{"not_picked":["Storm of Steel","Doppelganger"],"picked":"Phantasmal Killer","floor":16},{"not_picked":["Bane+1","Sucker Punch+1"],"picked":"Cloak And Dagger+1","floor":18},{"not_picked":["Blade Dance+1","Terror"],"picked":"Predator+1","floor":19},{"not_picked":["Setup","Dagger Spray+1"],"picked":"Deflect+1","floor":22},{"not_picked":["Poisoned Stab+1","Quick Slash+1"],"picked":"Bouncing Flask","floor":24},{"not_picked":["Underhanded Strike+1","Dagger Spray+1"],"picked":"Terror","floor":25},{"not_picked":["Dagger Spray+1","Predator+1"],"picked":"After Image","floor":27}],"player_experience":503130,"relics_obtained":[{"floor":7.0,"key":"Molten Egg 2"},{"floor":9,"key":"Shuriken"},{"floor":10,"key":"Orichalcum"},{"floor":25,"key":"MawBank"},{"floor":27,"key":"The Courier"},{"floor":31,"key":"Enchiridion"}],"event_choices":[{"cards_removed":["Strike_G"],"damage_healed":0.0,"max_hp_gain":0.0,"max_hp_loss":0.0,"gold_gain":0.0,"event_name":"Bonfire Elementals","player_choice":"Offered Basic","floor":5.0,"gold_loss":0.0,"damage_taken":0.0},{"damage_healed":0,"gold_gain":0,"player_choice":"Bought 1 Potion","damage_taken":0,"max_hp_gain":0,"max_hp_loss":0,"event_name":"The Woman in Blue","floor":20,"gold_loss":0},{"damage_healed":0,"gold_gain":0,"player_choice":"Obtained Book","damage_taken":16,"max_hp_gain":0,"max_hp_loss":0,"event_name":"Cursed Tome","floor":31,"gold_loss":0}],"is_beta":false,"boss_relics":[{"not_picked":["White Beast Statue","Empty Cage"],"picked":"Cursed Key"}],"items_purged_floors":[],"is_endless":false,"potions_floor_spawned":[1,8,10,12,16,18,19,27],"killed_by":"Automaton","ascension_level":10}