{"gold_per_floor":[117,131,142,142,153,153,182,194,219,219],"floor_reached":10,"playtime":440,"items_purged":[],"score":112,"play_id":"e3336607-a984-42c9-b1e5-239bb48ea4ba","local_time":"20181114190501","is_ascension_mode":true,"campfire_choices":[{"data":"Defragment","floor":6,"key":"SMITH"}],"neow_cost":"NONE","seed_source_timestamp":165592131550779,"circlet_count":0,"master_deck":["AscendersBane","Strike_B","Strike_B","Strike_B","Defend_B","Defend_B","Defend_B","Defend_B","Zap","Dualcast","Conserve Battery","FTL","Defragment+1","Compile Driver","Coolheaded","Buffer","Capacitor"],"relics":["Cracked Core","Gremlin Horn","Centennial Puzzle"],"potions_floor_usage":[],"damage_taken":[{"damage":1,"enemies":"Cultist","floor":1,"turns":3},{"damage":0,"enemies":"Jaw Worm","floor":2,"turns":3},{"damage":0,"enemies":"Small Slimes","floor":3,"turns":2},{"damage":13,"enemies":"Blue Slaver","floor":5,"turns":4},{"damage":18,"enemies":"3 Sentries","floor":7,"turns":7},{"damage":2,"enemies":"Looter","floor":8,"turns":3},{"damage":36,"enemies":"Gremlin Gang","floor":10,"turns":2}],"seed_played":"8322891308378540946","potions_obtained":[{"floor":1,"key":"SteroidPotion"},{"floor":2,"key":"Dexterity Potion"}],"is_trial":false,"path_per_floor":["M","M","M","?","M","R","E","M","T","M"],"character_chosen":"DEFECT","items_purchased":[],"campfire_rested":0,"item_purchase_floors":[],"current_hp_per_floor":[67,67,67,67,54,54,36,34,34,0],"gold":219,"neow_bonus":"THREE_CARDS","is_prod":false,"is_daily":false,"chose_seed":false,"campfire_upgraded":1,"win_rate":0,"timestamp":1542189901,"path_taken":["M","M","?","?","?","R","E","M","T","M"],"build_version":"2018-11-08","purchased_purges":0,"victory":false,"max_hp_per_floor":[75,75,75,75,75,75,75,75,75,75],"card_choices":[{"not_picked":["Compile Driver","Hologram"],"picked":"Conserve Battery","floor":0},{"not_picked":["Loop","Chill"],"picked":"FTL","floor":1},{"not_picked":["Steam Power","Hologram"],"picked":"Defragment","floor":2},{"not_picked":["Steam","Rebound","Compile Driver"],"picked":"SKIP","floor":3},{"not_picked":["Compile Driver","Gash"],"picked":"Coolheaded","floor":5},{"not_picked":["Rebound","Consume"],"picked":"Buffer","floor":7},{"not_picked":["Heatsinks","Turbo"],"picked":"Capacitor","floor":8}],"player_experience":559129,"relics_obtained":[{"floor":7,"key":"Gremlin Horn"},{"floor":9,"key":"Centennial Puzzle"}],"event_choices":[{"damage_healed":0,"gold_gain":0,"cards_transformed":["Strike_B"],"player_choice":"Transformed","damage_taken":0,"max_hp_gain":0,"max_hp_loss":0,"event_name":"Transmorgrifier","floor":4,"gold_loss":0,"cards_obtained":["Compile Driver"]}],"is_beta":false,"boss_relics":[],"items_purged_floors":[],"is_endless":false,"potions_floor_spawned":[1,2,5],"killed_by":"Gremlin Gang","ascension_level":12}