{"path_per_floor":["M","?","?","?","M","R","M","?","T","?","M","M","M","$","R","B",null,"M","M","M","?","M"],"character_chosen":"THE_SILENT","items_purchased":["Prepared","Pantograph"],"gold_per_floor":[118,118,118,68,80,80,94,94,394,414,433,445,456,100,100,196,196,211,225,237,237,250,250],"floor_reached":23,"campfire_rested":0,"playtime":1928,"current_hp_per_floor":[69,55,53,53,52,52,52,52,52,45,34,34,34,34,34,22,80,72,49,49,49,39,0],"items_purged":["Defend_G"],"gold":250,"score":185,"play_id":"e16c804e-63d2-4142-b195-69dd5fcad026","local_time":"20180412165325","is_prod":false,"is_daily":false,"is_ascension_mode":false,"campfire_upgraded":2,"timestamp":1523519605,"path_taken":["M","?","?","?","M","R","M","?","T","?","M","M","M","?","R","BOSS","M","M","M","?","M","E"],"build_version":"2018-04-05v2","purchased_purges":1,"victory":false,"master_deck":["Defend_G","Defend_G+1","Defend_G","Defend_G","Strike_G+1","Strike_G","Strike_G","Survivor","Neutralize","Dagger Spray+1","Dagger Spray","Dagger Spray","Footwork","All Out Attack+1","After Image","Backflip","Prepared","Prepared","After Image","Calculated Gamble","Infinite Blades","Sucker Punch+1","Escape Plan","Endless Agony"],"max_hp_per_floor":[70,70,80,80,80,80,80,80,80,80,80,80,80,80,80,80,80,80,80,80,80,80,80],"relics":["Philosopher\u0027s Stone","Pear","Old Coin","Odd Mushroom","Pantograph","Black Star"],"card_choices":[{"not_picked":["PiercingWail","Sucker Punch"],"picked":"Dagger Spray","floor":1},{"not_picked":["Outmaneuver","Flechettes"],"picked":"Dagger Spray","floor":5},{"not_picked":["Acrobatics","Masterful Stab"],"picked":"Dagger Spray","floor":7},{"not_picked":["Poisoned Stab","Sucker Punch"],"picked":"All Out Attack","floor":10},{"not_picked":["Quick Slash","Sucker Punch"],"picked":"After Image","floor":11},{"not_picked":["Dagger Throw","Choke"],"picked":"Backflip","floor":12},{"not_picked":["Predator","Acrobatics"],"picked":"Prepared","floor":13},{"not_picked":["Doppelganger","Night Terror"],"picked":"After Image","floor":16},{"not_picked":["Quick Slash","Sucker Punch"],"picked":"Calculated Gamble","floor":18},{"not_picked":["Dodge and Roll","Endless Agony"],"picked":"Infinite Blades","floor":19},{"not_picked":["Quick Slash","Catalyst"],"picked":"Sucker Punch","floor":20},{"not_picked":["Deadly Poison","PiercingWail"],"picked":"Endless Agony","floor":22}],"player_experience":7197,"potions_floor_usage":[],"damage_taken":[{"damage":1,"enemies":"Small Slimes","floor":1,"turns":5},{"damage":1,"enemies":"2 Louse","floor":5,"turns":3},{"damage":0,"enemies":"Cultist","floor":7,"turns":3},{"damage":7,"enemies":"The Mushroom Lair","floor":10,"turns":2},{"damage":11,"enemies":"Blue Slaver","floor":11,"turns":4},{"damage":0,"enemies":"Exordium Wildlife","floor":12,"turns":2},{"damage":0,"enemies":"2 Fungi Beasts","floor":13,"turns":2},{"damage":37,"enemies":"Hexaghost","floor":16,"turns":12},{"damage":8,"enemies":"Chosen","floor":18,"turns":8},{"damage":23,"enemies":"3 Byrds","floor":19,"turns":4},{"damage":0,"enemies":"Cultist and Chosen","floor":20,"turns":7},{"damage":10,"enemies":"Centurion and Healer","floor":22,"turns":7},{"damage":48,"enemies":"Gremlin Leader","floor":23,"turns":3}],"event_choices":[{"event_name":"Shining Light","player_choice":"Entered Light","floor":2,"damage_taken":0},{"event_name":"Scrap Ooze","player_choice":"success","floor":3,"damage_taken":12},{"event_name":"The Cleric","player_choice":"Card Removal","floor":4,"damage_taken":0},{"event_name":"Living Wall","player_choice":"Change","floor":8,"damage_taken":0},{"event_name":"Mushrooms","player_choice":"Fought Mushrooms","floor":10,"damage_taken":0},{"event_name":"The Library","player_choice":"Read","floor":21,"damage_taken":0}],"boss_relics":[{"not_picked":["Eternal Feather","Tiny House"],"picked":"Black Star"}],"potions_floor_spawned":[12,13,16,18],"seed_played":"-2633560391400444390","killed_by":"Gremlin Leader","ascension_level":0,"is_trial":false}