{"gold_per_floor":[112,112,136,156,177,210,210,225,225,225,238,238,263,297,297,390,390,413,431,46,70,70],"floor_reached":22,"playtime":1080,"items_purged":[],"score":400,"play_id":"59bbccf3-fd43-42f9-b1a8-2b0ba3616b8c","local_time":"20181025025013","is_ascension_mode":true,"campfire_choices":[{"floor":7.0,"key":"REST"},{"data":"Neutralize","floor":10.0,"key":"SMITH"},{"data":"Noxious Fumes","floor":12.0,"key":"SMITH"},{"data":"Catalyst","floor":15.0,"key":"SMITH"}],"neow_cost":"NONE","seed_source_timestamp":494594855206100,"circlet_count":0,"master_deck":["Survivor","Neutralize+1","AscendersBane","Bouncing Flask","Flechettes","Backstab","Cloak And Dagger","Backstab+1","Cloak And Dagger","Noxious Fumes+1","Dagger Spray+1","Catalyst+1","Night Terror","Dodge and Roll","Flying Knee+1","Reflex","Outmaneuver","Dagger Throw+1","Deflect","Concentrate","Escape Plan","Deadly Poison","Backstab+1","Backflip+1","Dagger Spray+1","PiercingWail+1"],"special_seed":0,"relics":["Cursed Key","Golden Idol","Molten Egg 2","Oddly Smooth Stone","Pandora\u0027s Box","TwistedFunnel","PreservedInsect"],"potions_floor_usage":[16,16,16,16,22],"damage_taken":[{"damage":9.0,"enemies":"Small Slimes","floor":1.0,"turns":5.0},{"damage":0.0,"enemies":"Jaw Worm","floor":3.0,"turns":4.0},{"damage":0.0,"enemies":"Cultist","floor":4.0,"turns":4.0},{"damage":17.0,"enemies":"Exordium Wildlife","floor":5.0,"turns":4.0},{"damage":15.0,"enemies":"Lagavulin","floor":6.0,"turns":7.0},{"damage":0.0,"enemies":"3 Louse","floor":8.0,"turns":3.0},{"damage":3.0,"enemies":"Red Slaver","floor":11.0,"turns":3.0},{"damage":0.0,"enemies":"2 Fungi Beasts","floor":13.0,"turns":2.0},{"damage":10.0,"enemies":"Gremlin Nob","floor":14.0,"turns":4.0},{"damage":14,"enemies":"Slime Boss","floor":16,"turns":8},{"damage":12,"enemies":"3 Byrds","floor":18,"turns":4},{"damage":6,"enemies":"Spheric Guardian","floor":19,"turns":4},{"damage":24,"enemies":"Snake Plant","floor":21,"turns":3},{"damage":16,"enemies":"Colosseum Slavers","floor":22,"turns":2}],"seed_played":"-1856569806375866687","potions_obtained":[{"floor":5.0,"key":"Energy Potion"},{"floor":6.0,"key":"EssenceOfSteel"},{"floor":13.0,"key":"EntropicBrew"},{"floor":14.0,"key":"EntropicBrew"},{"floor":19,"key":"Energy Potion"},{"floor":21,"key":"Strength Potion"}],"is_trial":false,"path_per_floor":["M","?","M","M","M","E","R","M","T","R","M","R","M","E","R","B",null,"M","M","$","M"],"character_chosen":"THE_SILENT","items_purchased":["TwistedFunnel","PreservedInsect"],"campfire_rested":1,"item_purchase_floors":[20,20],"current_hp_per_floor":[50,50,50,50,33,18,36,36,36,36,33,33,33,23,23,9,47,35,29,29,5,0],"gold":70,"neow_bonus":"BOSS_RELIC","is_prod":false,"is_daily":false,"chose_seed":false,"campfire_upgraded":3,"win_rate":0,"timestamp":1540450213,"path_taken":["M","?","M","M","M","E","R","M","T","R","M","R","M","E","R","BOSS","M","M","$","M","?"],"build_version":"2018-10-19","purchased_purges":0,"victory":false,"max_hp_per_floor":[66,60,60,60,60,60,60,60,60,60,60,60,60,60,60,60,60,60,60,60,60,60],"card_choices":[{"not_picked":["Flying Knee","Quick Slash"],"picked":"Bouncing Flask","floor":1.0},{"not_picked":["Underhanded Strike","Deadly Poison"],"picked":"Flechettes","floor":3.0},{"not_picked":["Quick Slash","Finisher"],"picked":"Backstab","floor":4.0},{"not_picked":["Deadly Poison","Infinite Blades"],"picked":"Cloak And Dagger","floor":5.0},{"not_picked":["Flechettes","Tools of the Trade"],"picked":"Backstab","floor":6.0},{"not_picked":["Tactician","Dagger Throw+1"],"picked":"Cloak And Dagger","floor":8.0},{"not_picked":["Blade Dance","All Out Attack+1"],"picked":"Noxious Fumes","floor":11.0},{"not_picked":["Tactician","Blur"],"picked":"Dagger Spray+1","floor":13.0},{"not_picked":["Footwork","Dagger Spray+1"],"picked":"Catalyst","floor":14.0},{"not_picked":["Bullet Time","Corpse Explosion"],"picked":"Night Terror","floor":16},{"not_picked":["Bouncing Flask","Acrobatics+1"],"picked":"Backflip+1","floor":18},{"not_picked":["Dodge and Roll","Underhanded Strike+1"],"picked":"Dagger Spray+1","floor":19},{"not_picked":["Caltrops","Blade Dance"],"picked":"PiercingWail+1","floor":21}],"player_experience":1483035,"relics_obtained":[{"floor":6.0,"key":"Molten Egg 2"},{"floor":14.0,"key":"Oddly Smooth Stone"}],"event_choices":[{"damage_healed":0.0,"max_hp_gain":0.0,"max_hp_loss":6.0,"gold_gain":0.0,"event_name":"Golden Idol","player_choice":"Lose Max HP","floor":2.0,"gold_loss":0.0,"damage_taken":0.0,"relics_obtained":["Golden Idol"]},{"damage_healed":0,"gold_gain":0,"player_choice":"Fight","damage_taken":0,"max_hp_gain":0,"max_hp_loss":0,"event_name":"Colosseum","floor":22,"gold_loss":0}],"is_beta":true,"boss_relics":[{"not_picked":["Black Star","White Beast Statue"],"picked":"Pandora\u0027s Box"}],"items_purged_floors":[],"is_endless":false,"potions_floor_spawned":[5,6,13,14,19,21],"killed_by":"Colosseum Slavers","ascension_level":20}