{"gold_per_floor":[110,60,60,79,95,95,20,20,43,43,57,75,49,73,73,192,192,192,192,147,57,57,57,57,57,57,57,57,57,57,57,57,57],"floor_reached":33,"playtime":1371,"items_purged":["Strike_B"],"score":304,"play_id":"04b67f56-b216-4a22-83ee-2baca12cd90d","local_time":"20181012111520","is_ascension_mode":true,"campfire_choices":[{"data":"Cold Snap","floor":6,"key":"SMITH"},{"data":"Sweeping Beam","floor":8,"key":"SMITH"},{"data":"Zap","floor":10,"key":"SMITH"},{"floor":15,"key":"REST"},{"data":"Sweeping Beam","floor":24,"key":"SMITH"},{"data":"FTL","floor":29,"key":"SMITH"},{"floor":32,"key":"REST"}],"neow_cost":"NONE","seed_source_timestamp":207853597335621,"circlet_count":0,"master_deck":["Strike_B","Strike_B","Defend_B","Zap+1","Dualcast","Sweeping Beam+1","Coolheaded","Cold Snap+1","Go for the Eyes","Sweeping Beam+1","Go for the Eyes","Thunder Strike","Streamline+1","Electrodynamics+1","FTL+1","Melter","Auto Shields","Sweeping Beam+1","Beam Cell+1","RitualDagger"],"relics":["Cracked Core","Golden Idol","Strawberry","Ectoplasm","Peace Pipe","Bag of Marbles","Gremlin Horn"],"potions_floor_usage":[5,16,23,23,33],"damage_taken":[{"damage":5,"enemies":"Small Slimes","floor":1,"turns":3},{"damage":9,"enemies":"2 Louse","floor":4,"turns":2},{"damage":1,"enemies":"Jaw Worm","floor":5,"turns":4},{"damage":13,"enemies":"Gremlin Gang","floor":11,"turns":3},{"damage":3,"enemies":"Red Slaver","floor":12,"turns":2},{"damage":12,"enemies":"Large Slime","floor":14,"turns":3},{"damage":38,"enemies":"Hexaghost","floor":16,"turns":11},{"damage":8,"enemies":"Chosen","floor":18,"turns":4},{"damage":18,"enemies":"2 Thieves","floor":20,"turns":3},{"damage":22,"enemies":"Book of Stabbing","floor":23,"turns":5},{"damage":0,"enemies":"3 Cultists","floor":28,"turns":2},{"damage":75,"enemies":"Automaton","floor":33,"turns":6}],"seed_played":"4368555830965136872","potions_obtained":[{"floor":4,"key":"EssenceOfSteel"},{"floor":5,"key":"Ancient Potion"},{"floor":16,"key":"Block Potion"},{"floor":18,"key":"FocusPotion"},{"floor":23,"key":"AttackPotion"}],"is_trial":false,"path_per_floor":["M","?","?","M","M","R","$","R","T","R","M","M","$","M","R","B",null,"M","?","M","?","$","E","R","?","T","?","M","R","?","T","R"],"character_chosen":"DEFECT","items_purchased":["Sweeping Beam"],"campfire_rested":2,"item_purchase_floors":[13],"current_hp_per_floor":[77,77,57,48,47,47,47,47,54,54,41,38,38,26,52,14,89,81,81,63,63,63,41,41,41,41,41,41,41,35,35,61,0],"gold":57,"neow_bonus":"TEN_PERCENT_HP_BONUS","is_prod":false,"is_daily":false,"chose_seed":false,"campfire_upgraded":5,"win_rate":0,"timestamp":1539357320,"path_taken":["M","?","?","M","?","R","$","R","T","R","M","M","$","M","R","BOSS","M","?","M","?","?","E","R","?","T","?","M","R","?","?","R","BOSS"],"build_version":"2018-10-11","purchased_purges":1,"victory":false,"max_hp_per_floor":[82,82,82,82,82,82,82,82,89,89,89,89,89,89,89,89,89,89,89,89,89,89,89,89,89,89,89,89,89,89,89,89,89],"card_choices":[{"not_picked":["Turbo","Cold Snap"],"picked":"Sweeping Beam","floor":1},{"not_picked":["Hologram","Genetic Algorithm"],"picked":"Coolheaded","floor":4},{"not_picked":["Barrage","Coolheaded"],"picked":"Cold Snap","floor":5},{"not_picked":["Coolheaded","Turbo"],"picked":"Go for the Eyes","floor":11},{"not_picked":["Force Field","Undo","Gash"],"picked":"SKIP","floor":12},{"not_picked":["Reinforced Body","Coolheaded"],"picked":"Go for the Eyes","floor":14},{"not_picked":["Core Surge","Fission"],"picked":"Thunder Strike","floor":16},{"not_picked":["Gash","Conserve Battery"],"picked":"Streamline","floor":18},{"not_picked":["Recycle","Redo"],"picked":"Melter","floor":20},{"not_picked":["Leap","Genetic Algorithm+1"],"picked":"Auto Shields","floor":23},{"not_picked":["Sweeping Beam","Leap"],"picked":"Beam Cell+1","floor":28}],"player_experience":271334,"relics_obtained":[{"floor":9,"key":"Strawberry"},{"floor":23,"key":"Peace Pipe"},{"floor":26,"key":"Bag of Marbles"},{"floor":31,"key":"Gremlin Horn"}],"event_choices":[{"event_name":"The Cleric","player_choice":"Card Removal","floor":2,"damage_taken":0},{"event_name":"Golden Idol","player_choice":"Take Damage","floor":3,"damage_taken":0},{"event_name":"Drug Dealer","player_choice":"Became Test Subject","floor":19,"damage_taken":0},{"event_name":"Designer","player_choice":"Full Service","floor":21,"damage_taken":0},{"event_name":"Accursed Blacksmith","player_choice":"Forge","floor":25,"damage_taken":0},{"event_name":"Duplicator","player_choice":"One dupe","floor":27,"damage_taken":0},{"event_name":"Nest","player_choice":"Joined the Cult","floor":30,"damage_taken":0}],"is_beta":false,"boss_relics":[{"not_picked":["Sozu","Pandora\u0027s Box"],"picked":"Ectoplasm"}],"items_purged_floors":[7],"is_endless":false,"potions_floor_spawned":[4,5,16,18,23],"killed_by":"Automaton","ascension_level":4}