{"gold_per_floor":[112,112,287,176,141,167,167,194,217,229,247,247,247,267,267,363,363,380,480,313,324,324,324,337,138,138,138,148,166,81,1,1,1],"floor_reached":33,"playtime":1962,"items_purged":["Doubt","Strike_R","Strike_R"],"score":253,"play_id":"28a66a32-572d-427d-ab01-44f6d605bc08","local_time":"20181218153953","is_ascension_mode":false,"campfire_choices":[{"data":"Armaments","floor":7,"key":"SMITH"},{"data":"Clothesline","floor":13,"key":"SMITH"},{"floor":15,"key":"RECALL"},{"data":"Warcry","floor":23,"key":"SMITH"},{"data":"Whirlwind","floor":27,"key":"SMITH"},{"data":"Evolve","floor":32,"key":"SMITH"}],"neow_cost":"TEN_PERCENT_HP_LOSS","seed_source_timestamp":80086453967129,"circlet_count":0,"master_deck":["Strike_R","Strike_R","Defend_R","Defend_R","Defend_R+1","Defend_R+1","Bash","Reaper","Armaments+1","Inflame","Warcry+1","Offering","Clothesline+1","Evolve+1","Feed","Armaments+1","Flame Barrier+1","Warcry+1","Spot Weakness+1","Whirlwind+1","True Grit+1","Offering"],"relics":["Burning Blood","Potion Belt","War Paint","Anchor","Velvet Choker","Blue Candle","Orichalcum"],"potions_floor_usage":[16],"damage_taken":[{"damage":1,"enemies":"Cultist","floor":1,"turns":3},{"damage":49,"enemies":"Lagavulin","floor":6,"turns":7},{"damage":35,"enemies":"Gremlin Nob","floor":8,"turns":5},{"damage":8,"enemies":"Jaw Worm","floor":10,"turns":3},{"damage":2,"enemies":"Small Slimes","floor":11,"turns":4},{"damage":10,"enemies":"Exordium Wildlife","floor":14,"turns":7},{"damage":32,"enemies":"The Guardian","floor":16,"turns":18},{"damage":2,"enemies":"Shell Parasite","floor":18,"turns":8},{"damage":20,"enemies":"Chosen","floor":21,"turns":5},{"damage":24,"enemies":"Shelled Parasite and Fungi","floor":24,"turns":9},{"damage":14,"enemies":"Snake Plant","floor":28,"turns":6},{"damage":12,"enemies":"Snecko","floor":29,"turns":6},{"damage":73,"enemies":"Champ","floor":33,"turns":11}],"seed_played":"-4526698589450573568","potions_obtained":[{"floor":6,"key":"Swift Potion"},{"floor":10,"key":"Strength Potion"},{"floor":16,"key":"BloodPotion"},{"floor":18,"key":"PowerPotion"},{"floor":28,"key":"PowerPotion"}],"is_trial":false,"path_per_floor":["M","T","?","$","?","E","R","E","T","M","M","?","R","M","R","B",null,"M","?","$","M","?","R","M","$","T","R","M","M","?","$","R","B"],"character_chosen":"IRONCLAD","items_purchased":["Inflame","Flame Barrier","Whirlwind","Offering"],"campfire_rested":0,"item_purchase_floors":[4,20,25,31],"current_hp_per_floor":[72,72,72,72,72,38,38,9,9,14,26,26,26,30,30,11,72,76,76,76,65,65,65,64,64,64,64,64,61,61,61,61,0],"gold":1,"neow_bonus":"THREE_RARE_CARDS","is_prod":false,"is_daily":false,"chose_seed":false,"campfire_upgraded":5,"win_rate":0,"timestamp":1545115193,"path_taken":["M","?","?","$","?","E","R","E","T","M","?","?","R","M","R","BOSS","M","?","?","?","?","R","M","$","T","R","?","M","?","$","R","BOSS"],"build_version":"2018-12-13","purchased_purges":3,"victory":false,"max_hp_per_floor":[72,72,72,72,72,72,72,72,72,72,72,72,72,72,72,72,72,76,76,76,79,79,79,83,83,83,83,83,86,86,86,86,86],"card_choices":[{"not_picked":["Bludgeon","Feed"],"picked":"Reaper","floor":0},{"not_picked":["Warcry","Iron Wave"],"picked":"Armaments","floor":1},{"not_picked":["Reckless Charge","Rage"],"picked":"Warcry","floor":6},{"not_picked":["Uppercut","Sentinel"],"picked":"Offering","floor":8},{"not_picked":["Shockwave","Intimidate"],"picked":"Clothesline","floor":10},{"not_picked":["Perfected Strike","Armaments","Combust"],"picked":"SKIP","floor":11},{"not_picked":["Feel No Pain","Armaments"],"picked":"Evolve","floor":14},{"not_picked":["Reaper","Barricade"],"picked":"Feed","floor":16},{"not_picked":["Rampage","Bloodletting"],"picked":"Armaments+1","floor":18},{"not_picked":["Cleave","Iron Wave"],"picked":"Warcry+1","floor":21},{"not_picked":["Clash+1","Pommel Strike+1"],"picked":"Spot Weakness+1","floor":24},{"not_picked":["Anger","Clash"],"picked":"True Grit+1","floor":28},{"not_picked":["Fire Breathing","Hemokinesis","Headbutt"],"picked":"SKIP","floor":29}],"player_experience":646751,"relics_obtained":[{"floor":6,"key":"Potion Belt"},{"floor":8,"key":"War Paint"},{"floor":9,"key":"Anchor"},{"floor":26,"key":"Blue Candle"}],"event_choices":[{"damage_healed":0,"gold_gain":175,"player_choice":"AGREE","damage_taken":0,"max_hp_gain":0,"max_hp_loss":0,"event_name":"Liars Game","floor":3,"gold_loss":0,"cards_obtained":["Doubt"]},{"damage_healed":18,"gold_gain":0,"player_choice":"Healed","damage_taken":0,"max_hp_gain":0,"max_hp_loss":0,"event_name":"The Cleric","floor":5,"gold_loss":35},{"cards_removed":["Strike_R"],"damage_healed":0,"gold_gain":0,"player_choice":"Purged","damage_taken":0,"max_hp_gain":0,"max_hp_loss":0,"event_name":"Purifier","floor":12,"gold_loss":0},{"damage_healed":0,"gold_gain":100,"player_choice":"Pray","damage_taken":0,"max_hp_gain":0,"max_hp_loss":0,"event_name":"Golden Shrine","floor":19,"gold_loss":0},{"damage_healed":0,"gold_gain":0,"player_choice":"Forge","damage_taken":0,"max_hp_gain":0,"max_hp_loss":0,"event_name":"Accursed Blacksmith","floor":22,"gold_loss":0,"cards_upgraded":["Flame Barrier"]},{"damage_healed":0,"gold_gain":0,"player_choice":"Obtained Relic","damage_taken":0,"relics_obtained":["Orichalcum"],"max_hp_gain":0,"max_hp_loss":0,"event_name":"Addict","floor":30,"gold_loss":85}],"is_beta":false,"boss_relics":[{"not_picked":["Philosopher\u0027s Stone","Pandora\u0027s Box"],"picked":"Velvet Choker"}],"items_purged_floors":[4,20,25],"is_endless":false,"potions_floor_spawned":[6,10,16,18,28],"killed_by":"Champ","ascension_level":0}