{"gold_per_floor":[114,389,404,27,38,38,50,50,50,50,67,67,100,13,13,91,91,103,103,123,136,13,13,13,13,88,18,18,36,36,47,47,121,121,137,137,1136,679,679,714,714,726,726,743,196,196,227,252,264,276,288],"floor_reached":51,"playtime":3867,"items_purged":["Pain","Normality","Normality"],"score":1556,"play_id":"82a2956c-0fdd-4967-a3b5-25e2e3c99607","local_time":"20181130061625","is_ascension_mode":true,"campfire_choices":[{"data":"Expertise","floor":6.0,"key":"SMITH"},{"data":"Neutralize","floor":8.0,"key":"SMITH"},{"floor":10.0,"key":"REST"},{"floor":15.0,"key":"REST"},{"floor":23,"key":"REST"},{"data":"Blade Dance","floor":28,"key":"SMITH"},{"data":"Tactician","floor":30,"key":"SMITH"},{"floor":32,"key":"REST"},{"floor":41,"key":"REST"},{"floor":46,"key":"REST"},{"floor":49,"key":"REST"}],"neow_cost":"NONE","seed_source_timestamp":68819441100400,"circlet_count":0,"master_deck":["AscendersBane","Defend_G","Defend_G","Defend_G","Defend_G","Defend_G","Survivor","Neutralize+1","Dagger Throw","Dodge and Roll","Expertise+1","Blur","Sucker Punch","Expertise","Impatience","Adrenaline","Blade Dance+1","Tactician+1","Acrobatics","Bite","Bite","Bite","Bite","Bite","Backflip","Leg Sweep","PiercingWail","Concentrate+1","Adrenaline","Backflip+1","Backflip","Expertise+1","Finisher","Secret Technique","Footwork+1","Finisher+1"],"special_seed":0,"relics":["HoveringKite","Membership Card","Ice Cream","Bag of Preparation","Shuriken","Philosopher\u0027s Stone","WarpedTongs","PreservedInsect","Mercury Hourglass","Fusion Hammer","Dodecahedron","Frozen Egg 2","Strange Spoon","Pantograph","Ancient Tea Set","Turnip","Vajra","Frozen Eye","MawBank"],"potions_floor_usage":[29,51],"damage_taken":[{"damage":30.0,"enemies":"Jaw Worm","floor":1.0,"turns":7.0},{"damage":3.0,"enemies":"Cultist","floor":3.0,"turns":4.0},{"damage":1.0,"enemies":"2 Louse","floor":5.0,"turns":4.0},{"damage":1.0,"enemies":"Blue Slaver","floor":7.0,"turns":7.0},{"damage":2.0,"enemies":"Looter","floor":11.0,"turns":4.0},{"damage":12.0,"enemies":"Lagavulin","floor":13.0,"turns":9.0},{"damage":18.0,"enemies":"Slime Boss","floor":16.0,"turns":8.0},{"damage":8.0,"enemies":"Shell Parasite","floor":18.0,"turns":5.0},{"damage":16.0,"enemies":"2 Thieves","floor":20.0,"turns":4.0},{"damage":18.0,"enemies":"Snake Plant","floor":21.0,"turns":6.0},{"damage":0,"enemies":"3 Cultists","floor":29,"turns":4},{"damage":16,"enemies":"Cultist and Chosen","floor":31,"turns":5},{"damage":15,"enemies":"Automaton","floor":33,"turns":9},{"damage":0,"enemies":"Orb Walker","floor":35,"turns":3},{"damage":0,"enemies":"Giant Head","floor":40,"turns":6},{"damage":4,"enemies":"3 Darklings","floor":42,"turns":5},{"damage":0,"enemies":"Writhing Mass","floor":44,"turns":9},{"damage":0,"enemies":"Reptomancer","floor":47,"turns":1},{"damage":45,"enemies":"Transient","floor":48,"turns":6},{"damage":3,"enemies":"Donu and Deca","floor":50,"turns":6},{"damage":55,"enemies":"Time Eater","floor":51,"turns":14}],"seed_played":"1383235664839576208","potions_obtained":[{"floor":3.0,"key":"EssenceOfSteel"},{"floor":5.0,"key":"Energy Potion"},{"floor":13.0,"key":"GamblersBrew"},{"floor":20.0,"key":"Regen Potion"},{"floor":21.0,"key":"GhostInAJar"},{"floor":31,"key":"Block Potion"},{"floor":40,"key":"Dexterity Potion"}],"is_trial":false,"path_per_floor":["M","?","M","$","M","R","M","R","T","R","M","?","E","$","R","B",null,"M","?","M","M","$","R","$","?","T","$","R","M","R","M","R","B",null,"M","?","?","$","?","E","R","M","T","M","$","R","E","M","R","B","B"],"character_chosen":"THE_SILENT","items_purchased":["Membership Card","Ice Cream","Expertise","Impatience","PreservedInsect","Backflip","Leg Sweep","Dodecahedron","Frozen Egg 2","Strange Spoon","Backflip","Finisher","Turnip","Vajra","Secret Technique","Frozen Eye"],"campfire_rested":7,"item_purchase_floors":[4,4,14,14,22,27,27,38,38,38,38,45,45,45,45,45],"current_hp_per_floor":[29,29,26,26,25,25,24,24,24,43,41,34,22,22,41,23,55,47,47,31,13,13,32,32,32,32,32,32,46,46,35,46,46,46,46,46,46,46,46,46,46,46,46,46,46,46,46,6,19,46,0],"gold":288,"neow_bonus":"BOSS_RELIC","is_prod":false,"is_daily":false,"chose_seed":false,"campfire_upgraded":4,"win_rate":0,"timestamp":1543576585,"path_taken":["M","?","M","?","M","R","M","R","T","R","M","?","E","?","R","BOSS","M","?","M","?","?","R","$","?","T","$","R","M","R","M","R","BOSS","M","?","?","$","?","E","R","M","T","M","$","R","E","M","R","BOSS","BOSS"],"build_version":"2018-11-15","purchased_purges":3,"victory":false,"max_hp_per_floor":[66,66,66,66,66,66,66,66,66,66,66,66,66,66,66,66,66,66,66,66,66,66,66,66,46,46,46,46,46,46,46,46,46,46,46,46,46,46,46,46,46,46,46,46,46,46,46,46,46,46,46],"card_choices":[{"not_picked":["Blade Dance","Escape Plan"],"picked":"Dagger Throw","floor":1.0},{"not_picked":["Blade Dance","Distraction"],"picked":"Dodge and Roll","floor":3.0},{"not_picked":["Slice","Eviscerate"],"picked":"Expertise","floor":5.0},{"not_picked":["Heel Hook","Sucker Punch"],"picked":"Blur","floor":7.0},{"not_picked":["Outmaneuver","Dagger Throw"],"picked":"Sucker Punch","floor":11.0},{"not_picked":["Leg Sweep","Night Terror"],"picked":"Dagger Spray","floor":13.0},{"not_picked":["Doppelganger","Die Die Die"],"picked":"Adrenaline","floor":16.0},{"not_picked":["Outmaneuver","Dodge and Roll"],"picked":"Blade Dance","floor":18.0},{"not_picked":["Bane","Prepared"],"picked":"Tactician","floor":20.0},{"not_picked":["Bane","Eviscerate"],"picked":"Acrobatics","floor":21.0},{"not_picked":["Distraction","Tools of the Trade"],"picked":"PiercingWail","floor":29},{"not_picked":["Flying Knee","Predator"],"picked":"Concentrate+1","floor":31},{"not_picked":["Envenom","Die Die Die"],"picked":"Adrenaline","floor":33},{"not_picked":["Bane","Quick Slash"],"picked":"Backflip+1","floor":35},{"not_picked":["Escape Plan","Flying Knee","Distraction"],"picked":"SKIP","floor":40},{"not_picked":["Cloak And Dagger","Dagger Spray+1"],"picked":"Expertise+1","floor":42},{"not_picked":["Slice","Predator+1","Backstab"],"picked":"SKIP","floor":44},{"not_picked":["Reflex","Tactician"],"picked":"Footwork+1","floor":47},{"not_picked":["Crippling Poison+1","Flechettes+1"],"picked":"Finisher+1","floor":48}],"player_experience":1724690,"relics_obtained":[{"floor":9.0,"key":"Bag of Preparation"},{"floor":13.0,"key":"Shuriken"},{"floor":26,"key":"Mercury Hourglass"},{"floor":40,"key":"Pantograph"},{"floor":43,"key":"Ancient Tea Set"},{"floor":47,"key":"MawBank"}],"event_choices":[{"damage_healed":0.0,"max_hp_gain":0.0,"max_hp_loss":0.0,"gold_gain":275.0,"event_name":"Golden Shrine","player_choice":"Desecrate","floor":2.0,"gold_loss":0.0,"damage_taken":0.0,"cards_obtained":["Regret"]},{"cards_removed":["Regret"],"damage_healed":0.0,"max_hp_gain":0.0,"max_hp_loss":0.0,"gold_gain":0.0,"event_name":"Golden Wing","player_choice":"Card Removal","floor":12.0,"gold_loss":0.0,"damage_taken":7.0},{"damage_healed":0.0,"max_hp_gain":0.0,"max_hp_loss":0.0,"gold_gain":0.0,"event_name":"Accursed Blacksmith","player_choice":"Rummage","floor":19.0,"gold_loss":0.0,"damage_taken":0.0,"relics_obtained":["WarpedTongs"],"cards_obtained":["Pain"]},{"damage_healed":0,"gold_gain":0,"player_choice":"Became a vampire","damage_taken":0,"max_hp_gain":0,"max_hp_loss":20,"event_name":"Vampires","floor":25,"gold_loss":0,"cards_obtained":["Bite","Bite","Bite","Bite","Bite"]},{"cards_removed":["Dagger Spray"],"damage_healed":0,"gold_gain":0,"player_choice":"Removed Attack","damage_taken":0,"max_hp_gain":0,"max_hp_loss":0,"event_name":"Falling","floor":36,"gold_loss":0},{"damage_healed":0,"gold_gain":999,"player_choice":"Gold","damage_taken":0,"max_hp_gain":0,"max_hp_loss":0,"event_name":"MindBloom","floor":37,"gold_loss":0,"cards_obtained":["Normality","Normality"]},{"damage_healed":0,"gold_gain":0,"player_choice":"Ignored","damage_taken":0,"max_hp_gain":0,"max_hp_loss":0,"event_name":"Tomb of Lord Red Mask","floor":39,"gold_loss":0}],"is_beta":true,"boss_relics":[{"not_picked":["White Beast Statue","WristBlade"],"picked":"Philosopher\u0027s Stone"},{"not_picked":["Black Star","Lizard Tail"],"picked":"Fusion Hammer"}],"items_purged_floors":[22,38,45],"is_endless":false,"potions_floor_spawned":[3,5,13,20,21,31,40],"killed_by":"Time Eater","ascension_level":20}