{"gold_per_floor":[117,127,139,152,167,197,197,224,281,9,9,9,35,53,53,146,146,160,183,183],"floor_reached":20,"playtime":1155,"items_purged":[],"score":307,"play_id":"dc3681ab-c030-429a-894f-38b61db139b8","local_time":"20190209104629","is_ascension_mode":true,"campfire_choices":[{"floor":7,"key":"REST"},{"floor":12,"key":"REST"},{"data":"Armaments","floor":15,"key":"SMITH"}],"neow_cost":"NONE","seed_source_timestamp":1006365852222378,"circlet_count":0,"master_deck":["AscendersBane","Strike_R","Defend_R","Defend_R","Defend_R","Defend_R","Bash","Pommel Strike","Twin Strike","True Grit","Flame Barrier","Battle Trance","Body Slam","Armaments+1","Injury","Sentinel","Metallicize","Demon Form","Flame Barrier+1","Bludgeon+1","True Grit+1","Uppercut+1","Sword Boomerang"],"relics":["Burning Blood","Ice Cream","Incense Burner","Tiny Chest","Membership Card","Regal Pillow","Golden Idol","Odd Mushroom","Astrolabe"],"potions_floor_usage":[16,19,20],"damage_taken":[{"damage":6,"enemies":"Cultist","floor":1,"turns":4},{"damage":0,"enemies":"Small Slimes","floor":2,"turns":3},{"damage":7,"enemies":"2 Louse","floor":3,"turns":3},{"damage":10,"enemies":"Exordium Wildlife","floor":4,"turns":4},{"damage":10,"enemies":"Blue Slaver","floor":5,"turns":4},{"damage":65,"enemies":"Lagavulin","floor":6,"turns":9},{"damage":32,"enemies":"Gremlin Nob","floor":8,"turns":4},{"damage":5,"enemies":"The Mushroom Lair","floor":13,"turns":6},{"damage":0,"enemies":"Large Slime","floor":14,"turns":5},{"damage":17,"enemies":"The Guardian","floor":16,"turns":18},{"damage":16,"enemies":"Spheric Guardian","floor":18,"turns":4},{"damage":10,"enemies":"3 Byrds","floor":19,"turns":4},{"damage":60,"enemies":"Masked Bandits","floor":20,"turns":4}],"seed_played":"-671090516344236336","potions_obtained":[{"floor":3,"key":"Explosive Potion"},{"floor":4,"key":"SpeedPotion"},{"floor":13,"key":"AttackPotion"},{"floor":16,"key":"GamblersBrew"},{"floor":18,"key":"SkillPotion"}],"is_trial":false,"path_per_floor":["M","M","M","M","M","E","R","E","T","$","?","R","?","M","R","B",null,"M","M","?"],"character_chosen":"IRONCLAD","items_purchased":["Membership Card","Regal Pillow"],"campfire_rested":2,"item_purchase_floors":[10,10],"current_hp_per_floor":[72,78,77,73,69,10,34,8,8,8,8,47,48,54,54,43,71,61,57,0],"gold":183,"neow_bonus":"REMOVE_CARD","is_prod":false,"is_daily":false,"chose_seed":false,"campfire_upgraded":1,"win_rate":0,"timestamp":1549730789,"path_taken":["M","M","M","M","M","E","R","E","T","?","?","R","?","M","R","BOSS","M","M","?"],"build_version":"2019-01-23","purchased_purges":0,"victory":false,"max_hp_per_floor":[80,80,80,80,80,80,80,80,80,80,80,80,80,80,80,80,80,80,80,80],"card_choices":[{"not_picked":["Entrench","Flex"],"picked":"Pommel Strike","floor":1},{"not_picked":["Wild Strike","Clash"],"picked":"Twin Strike","floor":2},{"not_picked":["Warcry","Bloodletting"],"picked":"True Grit","floor":3},{"not_picked":["Body Slam","True Grit"],"picked":"Flame Barrier","floor":4},{"not_picked":["Infernal Blade","Headbutt"],"picked":"Battle Trance","floor":5},{"not_picked":["Seeing Red","Wild Strike"],"picked":"Body Slam","floor":6},{"not_picked":["Perfected Strike","True Grit"],"picked":"Armaments","floor":8},{"not_picked":["Heavy Blade","Juggernaut"],"picked":"Sentinel","floor":13},{"not_picked":["Hemokinesis","Warcry"],"picked":"Metallicize","floor":14},{"not_picked":["Fiend Fire","Reaper"],"picked":"Demon Form","floor":16},{"not_picked":["Burning Pact+1","True Grit+1"],"picked":"Uppercut+1","floor":18},{"not_picked":["Reckless Charge+1","Intimidate"],"picked":"Sword Boomerang","floor":19}],"player_experience":534253,"relics_obtained":[{"floor":6,"key":"Ice Cream"},{"floor":8,"key":"Incense Burner"},{"floor":9,"key":"Tiny Chest"},{"floor":13,"key":"Odd Mushroom"}],"event_choices":[{"damage_healed":0,"gold_gain":0,"player_choice":"Take Wound","damage_taken":0,"relics_obtained":["Golden Idol"],"max_hp_gain":0,"max_hp_loss":0,"event_name":"Golden Idol","floor":11,"gold_loss":0,"cards_obtained":["Injury"]},{"damage_healed":0,"gold_gain":0,"player_choice":"Fought Mushrooms","damage_taken":0,"max_hp_gain":0,"max_hp_loss":0,"event_name":"Mushrooms","floor":13,"gold_loss":0},{"damage_healed":0,"gold_gain":0,"player_choice":"Fought Bandits","damage_taken":0,"max_hp_gain":0,"max_hp_loss":0,"event_name":"Masked Bandits","floor":20,"gold_loss":0}],"is_beta":false,"boss_relics":[{"not_picked":["Ectoplasm","Calling Bell"],"picked":"Astrolabe"}],"items_purged_floors":[],"is_endless":false,"potions_floor_spawned":[3,4,13,14,16,18],"killed_by":"Masked Bandits","ascension_level":13}