{"gold_per_floor":[13,13,24,43,43,43,56,56,80,90,105,131,143,68,68,173,173,188,188,177,177,177,177],"floor_reached":23,"playtime":1041,"items_purged":[],"score":280,"play_id":"928fa071-e0fb-4440-97a3-e970c695c700","local_time":"20190207005022","is_ascension_mode":true,"campfire_choices":[{"data":"Zap","floor":6,"key":"SMITH"},{"data":"Dualcast","floor":8,"key":"SMITH"},{"floor":15,"key":"REST"}],"neow_cost":"NO_GOLD","seed_source_timestamp":1445557139453,"circlet_count":0,"master_deck":["Strike_B","Defend_B","Defend_B","Zap+1","Dualcast+1","Coolheaded","Conserve Battery","Self Repair","Coolheaded","Defragment","Sweeping Beam","Defragment","Ball Lightning","Auto Shields","Machine Learning","Loop","Darkness","Melter","Hologram"],"relics":["Cracked Core","Regal Pillow","Dream Catcher","Busted Crown"],"potions_floor_usage":[12,13,16,23,23],"damage_taken":[{"damage":6,"enemies":"Cultist","floor":1,"turns":3},{"damage":9,"enemies":"Jaw Worm","floor":3,"turns":4},{"damage":4,"enemies":"2 Louse","floor":4,"turns":3},{"damage":2,"enemies":"Blue Slaver","floor":7,"turns":4},{"damage":14,"enemies":"3 Louse","floor":10,"turns":5},{"damage":8,"enemies":"Exordium Thugs","floor":11,"turns":5},{"damage":33,"enemies":"Gremlin Nob","floor":12,"turns":5},{"damage":8,"enemies":"Large Slime","floor":13,"turns":8},{"damage":38,"enemies":"Hexaghost","floor":16,"turns":11},{"damage":1,"enemies":"Chosen","floor":18,"turns":5},{"damage":26,"enemies":"2 Thieves","floor":20,"turns":4},{"damage":59,"enemies":"Gremlin Leader","floor":23,"turns":4}],"seed_played":"-8481107393944969137","potions_obtained":[{"floor":4,"key":"Dexterity Potion"},{"floor":7,"key":"EssenceOfSteel"},{"floor":12,"key":"SkillPotion"},{"floor":13,"key":"Dexterity Potion"},{"floor":20,"key":"SpeedPotion"}],"is_trial":false,"path_per_floor":["M","?","M","M","?","R","M","R","T","M","M","E","M","$","R","B",null,"M","?","M","?","?","E"],"character_chosen":"DEFECT","items_purchased":["Auto Shields"],"campfire_rested":1,"item_purchase_floors":[14],"current_hp_per_floor":[76,76,67,63,63,63,68,68,68,61,60,34,33,33,74,43,78,77,77,58,58,58,0],"gold":177,"neow_bonus":"TWENTY_PERCENT_HP_BONUS","is_prod":false,"is_daily":false,"chose_seed":false,"campfire_upgraded":2,"win_rate":0,"timestamp":1549518622,"path_taken":["M","?","M","M","?","R","?","R","T","M","M","E","M","$","R","BOSS","M","?","M","?","?","E"],"build_version":"2019-01-23","purchased_purges":0,"victory":false,"max_hp_per_floor":[89,89,89,89,89,89,89,89,89,89,89,89,89,89,89,89,89,89,89,89,89,89,89],"card_choices":[{"not_picked":["Darkness","Reprogram"],"picked":"Coolheaded","floor":1},{"not_picked":["Compile Driver","Gash"],"picked":"Conserve Battery","floor":3},{"not_picked":["Steam Power","Streamline"],"picked":"Self Repair","floor":4},{"not_picked":["Storm","Rebound"],"picked":"Coolheaded","floor":7},{"not_picked":["Aggregate","Cold Snap"],"picked":"Defragment","floor":10},{"not_picked":["Redo","Reboot"],"picked":"Sweeping Beam","floor":11},{"not_picked":["Genetic Algorithm","Go for the Eyes"],"picked":"Defragment","floor":12},{"not_picked":["Conserve Battery","Go for the Eyes"],"picked":"Ball Lightning","floor":13},{"not_picked":["Seek","Multi-Cast"],"picked":"Machine Learning","floor":16},{"not_picked":[],"picked":"Loop","floor":18},{"not_picked":[],"picked":"Hologram","floor":20}],"player_experience":468825,"relics_obtained":[{"floor":9,"key":"Regal Pillow"},{"floor":12,"key":"Dream Catcher"}],"event_choices":[{"damage_healed":0,"gold_gain":0,"player_choice":"Ignored","damage_taken":0,"max_hp_gain":0,"max_hp_loss":0,"event_name":"Liars Game","floor":2,"gold_loss":0},{"cards_removed":["Defend_B"],"damage_healed":0,"gold_gain":0,"player_choice":"Purged","damage_taken":0,"max_hp_gain":0,"max_hp_loss":0,"event_name":"Purifier","floor":5,"gold_loss":0},{"damage_healed":0,"gold_gain":0,"cards_transformed":["Strike_B","Strike_B"],"player_choice":"Became Test Subject","damage_taken":0,"max_hp_gain":0,"max_hp_loss":0,"event_name":"Drug Dealer","floor":19,"gold_loss":0,"cards_obtained":["Darkness","Melter"]},{"cards_removed":["Defend_B"],"damage_healed":0,"gold_gain":0,"player_choice":"Elegance","damage_taken":0,"max_hp_gain":0,"max_hp_loss":0,"event_name":"Back to Basics","floor":21,"gold_loss":0},{"cards_removed":["Strike_B"],"damage_healed":0,"gold_gain":0,"player_choice":"Offered Basic","damage_taken":0,"max_hp_gain":0,"max_hp_loss":0,"event_name":"Bonfire Elementals","floor":22,"gold_loss":0}],"is_beta":false,"boss_relics":[{"not_picked":["Velvet Choker","Black Star"],"picked":"Busted Crown"}],"items_purged_floors":[],"is_endless":false,"potions_floor_spawned":[4,7,12,13,20],"killed_by":"Gremlin Leader","ascension_level":9}