{"gold_per_floor":[114,10,10,10,22,22,33,50,50,50,69,104,117,117],"floor_reached":14,"playtime":1243,"items_purged":["Strike_G"],"score":184,"play_id":"e85f6369-e434-4f75-a6da-f1020d4dbb85","local_time":"20190106220553","is_ascension_mode":true,"campfire_choices":[{"data":"Dagger Spray","floor":6,"key":"SMITH"},{"data":"Neutralize","floor":10,"key":"SMITH"}],"neow_cost":"NONE","seed_source_timestamp":393943500354800,"circlet_count":0,"master_deck":["AscendersBane","Defend_G","Defend_G","Defend_G","Defend_G","Defend_G","Strike_G","Strike_G","Strike_G","Survivor","Neutralize+1","Footwork","Deflect","Dagger Spray+1","Dash","Sucker Punch","Leg Sweep","Dagger Throw","Calculated Gamble"],"relics":["White Beast Statue","Blue Candle","Dead Branch"],"potions_floor_usage":[8,12,12,14],"damage_taken":[{"damage":3,"enemies":"Cultist","floor":1,"turns":5},{"damage":0,"enemies":"Small Slimes","floor":5,"turns":7},{"damage":0,"enemies":"Jaw Worm","floor":7,"turns":5},{"damage":0,"enemies":"2 Fungi Beasts","floor":8,"turns":4},{"damage":4,"enemies":"Blue Slaver","floor":11,"turns":5},{"damage":42,"enemies":"Lagavulin","floor":12,"turns":18},{"damage":0,"enemies":"3 Louse","floor":13,"turns":3},{"damage":25,"enemies":"Gremlin Nob","floor":14,"turns":4}],"seed_played":"4891461332333295580","potions_obtained":[{"floor":1,"key":"SneckoOil"},{"floor":5,"key":"Block Potion"},{"floor":7,"key":"Dexterity Potion"},{"floor":8,"key":"FairyPotion"},{"floor":11,"key":"Energy Potion"},{"floor":12,"key":"Weak Potion"},{"floor":13,"key":"GhostInAJar"}],"is_trial":false,"path_per_floor":["M","$","?","?","M","R","M","M","T","R","M","E","M","E"],"character_chosen":"THE_SILENT","items_purchased":["Deflect"],"campfire_rested":0,"item_purchase_floors":[2],"current_hp_per_floor":[56,56,61,54,54,54,54,54,54,54,50,8,8,0],"gold":117,"neow_bonus":"BOSS_RELIC","is_prod":false,"is_daily":false,"chose_seed":false,"campfire_upgraded":2,"win_rate":0,"timestamp":1546830353,"path_taken":["M","$","?","?","M","R","M","M","T","R","M","E","M","E"],"build_version":"2018-12-20","purchased_purges":1,"victory":false,"max_hp_per_floor":[66,66,71,71,71,71,71,71,71,71,71,71,71,71],"card_choices":[{"not_picked":["Poisoned Stab","Reflex"],"picked":"Footwork","floor":1},{"not_picked":["Blade Dance","Heel Hook"],"picked":"Dagger Spray","floor":5},{"not_picked":["Masterful Stab","Underhanded Strike"],"picked":"Dash","floor":7},{"not_picked":["Acrobatics","Backflip"],"picked":"Sucker Punch","floor":8},{"not_picked":["Finisher","Acrobatics"],"picked":"Leg Sweep","floor":11},{"not_picked":["Accuracy","Bouncing Flask"],"picked":"Dagger Throw","floor":12},{"not_picked":["Noxious Fumes","Expertise"],"picked":"Calculated Gamble","floor":13}],"player_experience":1866911,"relics_obtained":[{"floor":9,"key":"Blue Candle"},{"floor":12,"key":"Dead Branch"}],"event_choices":[{"damage_healed":0,"gold_gain":0,"player_choice":"Donut","damage_taken":0,"max_hp_gain":5,"max_hp_loss":0,"event_name":"Big Fish","floor":3,"gold_loss":0},{"cards_removed":["Strike_G"],"damage_healed":0,"gold_gain":0,"player_choice":"Card Removal","damage_taken":7,"max_hp_gain":0,"max_hp_loss":0,"event_name":"Golden Wing","floor":4,"gold_loss":0}],"is_beta":true,"boss_relics":[],"items_purged_floors":[2],"is_endless":false,"potions_floor_spawned":[1,5,7,8,11,12,13],"killed_by":"Gremlin Nob","ascension_level":20}