{"gold_per_floor":[209,226,245,420,420,420,455,455,502,502,521,535,564,370,370,370],"floor_reached":16,"playtime":1109,"items_purged":[],"score":110,"play_id":"401470ab-f232-4c4b-a20a-a41f8ed2e4d5","local_time":"20181225222957","is_ascension_mode":false,"campfire_choices":[{"data":"Dualcast","floor":6,"key":"SMITH"},{"data":"Echo Form","floor":8,"key":"SMITH"},{"data":"Scrape","floor":10,"key":"SMITH"},{"floor":15,"key":"REST"}],"neow_cost":"NONE","seed_source_timestamp":2334470971129856,"circlet_count":0,"master_deck":["Strike_B","Strike_B","Strike_B","Strike_B","Defend_B","Defend_B","Defend_B","Defend_B","Zap+1","Dualcast+1","Scrape+1","Undo+1","Doubt","Echo Form+1","Sweeping Beam","Creative AI"],"relics":["Cracked Core","Oddly Smooth Stone","Lantern","Kunai","OrangePellets"],"potions_floor_usage":[13,13],"damage_taken":[{"damage":6,"enemies":"Jaw Worm","floor":1,"turns":4},{"damage":0,"enemies":"Small Slimes","floor":2,"turns":2},{"damage":1,"enemies":"Cultist","floor":3,"turns":3},{"damage":14,"enemies":"Lagavulin","floor":7,"turns":6},{"damage":19,"enemies":"Gremlin Gang","floor":11,"turns":5},{"damage":0,"enemies":"Large Slime","floor":12,"turns":6},{"damage":13,"enemies":"Gremlin Nob","floor":13,"turns":4},{"damage":29,"enemies":"Hexaghost","floor":16,"turns":9}],"seed_played":"536710542721370452","potions_obtained":[{"floor":1,"key":"SkillPotion"},{"floor":7,"key":"SkillPotion"},{"floor":11,"key":"Weak Potion"}],"is_trial":false,"path_per_floor":["M","M","M","?","?","R","E","R","T","R","M","M","E","$","R","B"],"character_chosen":"DEFECT","items_purchased":["OrangePellets"],"campfire_rested":1,"item_purchase_floors":[14],"current_hp_per_floor":[69,69,68,68,53,53,39,39,39,39,20,20,7,7,29,0],"gold":370,"neow_bonus":"HUNDRED_GOLD","is_prod":false,"is_daily":false,"chose_seed":false,"campfire_upgraded":3,"win_rate":0.0,"timestamp":1545773397,"path_taken":["M","M","M","?","?","R","E","R","T","R","M","M","E","$","R","BOSS"],"build_version":"2018-12-20","purchased_purges":0,"victory":false,"max_hp_per_floor":[75,75,75,75,75,75,75,75,75,75,75,75,75,75,75,75],"card_choices":[{"not_picked":["Hologram","Leap"],"picked":"Scrape","floor":1},{"not_picked":["Sweeping Beam","Compile Driver","Gash"],"picked":"SKIP","floor":2},{"not_picked":["Doom and Gloom","Coolheaded"],"picked":"Undo","floor":3},{"not_picked":["Streamline","Auto Shields"],"picked":"Echo Form","floor":7},{"not_picked":["Gash","Rebound","Streamline"],"picked":"SKIP","floor":11},{"not_picked":["Compile Driver","Streamline"],"picked":"Sweeping Beam","floor":12},{"not_picked":["Redo","Conserve Battery"],"picked":"Creative AI","floor":13}],"player_experience":41220,"relics_obtained":[{"floor":7,"key":"Oddly Smooth Stone"},{"floor":9,"key":"Lantern"},{"floor":13,"key":"Kunai"}],"event_choices":[{"damage_healed":0,"gold_gain":175,"player_choice":"AGREE","damage_taken":0,"max_hp_gain":0,"max_hp_loss":0,"event_name":"Liars Game","floor":4,"gold_loss":0,"cards_obtained":["Doubt"]},{"damage_healed":0,"gold_gain":0,"player_choice":"Entered Light","damage_taken":15,"max_hp_gain":0,"max_hp_loss":0,"event_name":"Shining Light","floor":5,"gold_loss":0,"cards_upgraded":["Zap","Undo"]}],"is_beta":false,"boss_relics":[],"items_purged_floors":[],"is_endless":false,"potions_floor_spawned":[1,7,11],"killed_by":"Hexaghost","ascension_level":0}