{"gold_per_floor":[110,121,134,209,209,209,96,115,115,65,65,81,81,100,100,100],"floor_reached":16,"playtime":278,"items_purged":["Strike_B"],"score":143,"play_id":"8e645e02-7a98-4265-a880-3eafa7d5487a","local_time":"20181026163214","is_ascension_mode":true,"campfire_choices":[{"data":"Zap","floor":6,"key":"SMITH"},{"data":"Defragment","floor":13,"key":"SMITH"},{"data":"Loop","floor":15,"key":"SMITH"}],"neow_cost":"NONE","seed_source_timestamp":241427786949917,"circlet_count":0,"master_deck":["Strike_B","Strike_B","Defend_B","Defend_B","Zap+1","Dualcast","AscendersBane","Go for the Eyes","Beam Cell","Genetic Algorithm","Defragment+1","Turbo","Loop+1","Stack"],"relics":["Cracked Core","NeowsBlessing","Bottled Flame"],"potions_floor_usage":[],"damage_taken":[{"damage":0,"enemies":"2 Louse","floor":1,"turns":1},{"damage":0,"enemies":"Small Slimes","floor":2,"turns":1},{"damage":0,"enemies":"Jaw Worm","floor":3,"turns":1},{"damage":6,"enemies":"Looter","floor":8,"turns":2},{"damage":6,"enemies":"Exordium Wildlife","floor":12,"turns":4},{"damage":19,"enemies":"3 Louse","floor":14,"turns":3},{"damage":25,"enemies":"The Guardian","floor":16,"turns":2}],"seed_played":"-5372225969316227437","potions_obtained":[{"floor":8,"key":"LiquidBronze"}],"is_trial":false,"path_per_floor":["M","M","M","?","?","R","$","M","T","?","?","M","R","M","R"],"character_chosen":"DEFECT","items_purchased":["Defragment"],"campfire_rested":0,"item_purchase_floors":[7],"current_hp_per_floor":[68,68,68,57,50,50,50,44,44,44,44,38,38,19,19,0],"gold":100,"neow_bonus":"THREE_ENEMY_KILL","is_prod":false,"is_daily":false,"chose_seed":false,"campfire_upgraded":3,"win_rate":0,"timestamp":1540539134,"path_taken":["M","M","M","?","?","R","?","?","T","?","?","M","R","M","R","BOSS"],"build_version":"2018-10-25v2","purchased_purges":1,"victory":false,"max_hp_per_floor":[75,75,75,75,75,75,75,75,75,75,75,75,75,75,75,75],"card_choices":[{"not_picked":["Rebound","Barrage"],"picked":"Go for the Eyes","floor":1},{"not_picked":["Rebound","Lockon"],"picked":"Beam Cell","floor":2},{"not_picked":["Rebound","Force Field"],"picked":"Genetic Algorithm","floor":3},{"not_picked":["Barrage","Fusion"],"picked":"Turbo","floor":8},{"not_picked":["Steam","Rebound"],"picked":"Loop","floor":12},{"not_picked":["Steam Power","Redo"],"picked":"Stack","floor":14}],"player_experience":545500,"relics_obtained":[{"floor":9,"key":"Bottled Flame"}],"event_choices":[{"damage_healed":0,"gold_gain":75,"player_choice":"Gather Gold","damage_taken":11,"max_hp_gain":0,"max_hp_loss":0,"event_name":"World of Goop","floor":4,"gold_loss":0},{"cards_removed":["Strike_B"],"damage_healed":0,"gold_gain":0,"player_choice":"Card Removal","damage_taken":7,"max_hp_gain":0,"max_hp_loss":0,"event_name":"Golden Wing","floor":5,"gold_loss":0},{"cards_removed":["Defend_B"],"damage_healed":0,"gold_gain":0,"player_choice":"Card Removal","damage_taken":0,"max_hp_gain":0,"max_hp_loss":0,"event_name":"The Cleric","floor":10,"gold_loss":50},{"cards_removed":["Defend_B"],"damage_healed":0,"gold_gain":0,"player_choice":"Forget","damage_taken":0,"max_hp_gain":0,"max_hp_loss":0,"event_name":"Living Wall","floor":11,"gold_loss":0}],"is_beta":false,"boss_relics":[],"items_purged_floors":[7],"is_endless":false,"potions_floor_spawned":[8],"killed_by":"The Guardian","ascension_level":11}