{"path_per_floor":["M","M","?","M","$","?","E","R","T","M","E","?","M","$","R","B",null,"M","?","?","T","?","E","M","E","T","M","M","M","R","M","R","B",null,"M","M","?","$","?","M"],"character_chosen":"THE_SILENT","items_purchased":["Backflip"],"gold_per_floor":[109,121,151,161,86,36,64,64,90,100,133,133,146,46,46,148,148,148,63,63,63,63,63,63,63,63,63,63,63,63,63,63,63,63,63,63,63,12,0,0,0],"floor_reached":41,"campfire_rested":0,"playtime":4562,"current_hp_per_floor":[70,70,70,70,70,70,41,41,41,39,49,54,54,54,54,42,80,78,78,78,78,40,36,36,36,36,33,33,33,33,32,32,32,40,29,29,24,24,24,24,0],"items_purged":["Dagger Throw","Prepared"],"gold":0,"score":568,"play_id":"7e73e2b7-5ac7-40b0-811c-b52ebcdd12dc","local_time":"20180421205310","is_prod":false,"is_daily":false,"chose_seed":false,"is_ascension_mode":false,"campfire_upgraded":4,"timestamp":1524311590,"path_taken":["M","M","?","M","$","?","E","R","T","M","E","?","M","$","R","BOSS","M","?","?","?","?","E","M","E","T","?","?","M","R","M","R","BOSS","M","?","?","$","?","M","E"],"build_version":"2018-04-19","seed_source_timestamp":0,"purchased_purges":2,"victory":false,"master_deck":["Survivor","Neutralize","Expertise","Prepared","Setup+1","Infinite Blades","Masterful Stab","Outmaneuver+1","Cloak And Dagger+1","Infinite Blades","Tools of the Trade","Distraction+1","Deflect","After Image+1","Ghostly","Ghostly","Ghostly+1","Ghostly","Ghostly","Dagger Throw+1","Quick Slash+1","Flying Knee","Blur+1","Well Laid Plans+1","Cloak And Dagger+1","Phantasmal Killer+1","Outmaneuver+1","Madness+1","Madness+1","Backflip+1"],"max_hp_per_floor":[70,70,70,70,70,70,70,70,70,70,80,80,80,80,80,80,80,80,80,80,80,40,40,40,40,40,40,40,40,40,40,40,40,40,40,40,40,40,40,40,40],"relics":["Pandora\u0027s Box","Tiny Chest","Art of War","Snake Skull","Pear","Ectoplasm","Paper Crane","Vajra","Regal Pillow","Toxic Egg 2","War Paint","Runic Dome","Red Mask"],"card_choices":[{"not_picked":["Slice","Reflex"],"picked":"Cloak And Dagger","floor":1.0},{"not_picked":["Well Laid Plans","Bane"],"picked":"Infinite Blades","floor":2.0},{"not_picked":["Expertise","Bane"],"picked":"Tools of the Trade","floor":4.0},{"not_picked":["Sucker Punch","Dodge and Roll"],"picked":"Distraction","floor":11.0},{"not_picked":["Flechettes","Poisoned Stab"],"picked":"Deflect","floor":13.0},{"not_picked":["A Thousand Cuts","Doppelganger"],"picked":"After Image","floor":16.0},{"not_picked":["All Out Attack","Prepared"],"picked":"Dagger Throw","floor":23.0},{"not_picked":["Heel Hook","Glass Knife"],"picked":"Quick Slash","floor":24.0},{"not_picked":["Endless Agony","Sucker Punch"],"picked":"Flying Knee","floor":25.0},{"not_picked":["Dodge and Roll","Deadly Poison"],"picked":"Blur","floor":28.0},{"not_picked":["Underhanded Strike","Riddle With Holes"],"picked":"Well Laid Plans","floor":29.0},{"not_picked":["Deflect","Sucker Punch"],"picked":"Cloak And Dagger","floor":31.0},{"not_picked":["Unload","Tactician"],"picked":"Phantasmal Killer","floor":33.0},{"not_picked":["Crippling Poison","Dagger Throw"],"picked":"Outmaneuver","floor":36}],"player_experience":78747,"potions_floor_usage":[],"damage_taken":[{"damage":0.0,"enemies":"2 Louse","floor":1.0,"turns":2.0},{"damage":0.0,"enemies":"Cultist","floor":2.0,"turns":2.0},{"damage":0.0,"enemies":"Jaw Worm","floor":4.0,"turns":2.0},{"damage":29.0,"enemies":"Gremlin Nob","floor":7.0,"turns":5.0},{"damage":2.0,"enemies":"Gremlin Gang","floor":10.0,"turns":4.0},{"damage":0.0,"enemies":"Lagavulin","floor":11.0,"turns":6.0},{"damage":0.0,"enemies":"Large Slime","floor":13.0,"turns":5.0},{"damage":12.0,"enemies":"Hexaghost","floor":16.0,"turns":8.0},{"damage":2.0,"enemies":"3 Byrds","floor":18.0,"turns":5.0},{"damage":4.0,"enemies":"Book of Stabbing","floor":23.0,"turns":8.0},{"damage":0.0,"enemies":"Spheric Guardian","floor":24.0,"turns":5.0},{"damage":0.0,"enemies":"Gremlin Leader","floor":25.0,"turns":5.0},{"damage":3.0,"enemies":"3 Cultists","floor":27.0,"turns":6.0},{"damage":0.0,"enemies":"Snake Plant","floor":28.0,"turns":6.0},{"damage":0.0,"enemies":"Sentry and Sphere","floor":29.0,"turns":4.0},{"damage":1.0,"enemies":"Centurion and Healer","floor":31.0,"turns":6.0},{"damage":0.0,"enemies":"Collector","floor":33.0,"turns":10.0},{"damage":11,"enemies":"3 Shapes","floor":35,"turns":4},{"damage":0,"enemies":"Orb Walker","floor":36,"turns":5},{"damage":0,"enemies":"Maw","floor":40,"turns":7},{"damage":29,"enemies":"2 Orb Walkers","floor":41,"turns":7}],"event_choices":[{"event_name":"Accursed Blacksmith","player_choice":"Rummage","floor":3.0,"damage_taken":0.0},{"event_name":"The Cleric","player_choice":"Card Removal","floor":6.0,"damage_taken":0.0},{"event_name":"Bonfire Elementals","player_choice":"COMMON","floor":12.0,"damage_taken":0.0},{"event_name":"Addict","player_choice":"Obtained Relic","floor":19.0,"damage_taken":0.0},{"event_name":"Drug Dealer","player_choice":"Ignored","floor":20.0,"damage_taken":0.0},{"event_name":"Ghosts","player_choice":"Became a Ghost","floor":22.0,"damage_taken":0.0},{"event_name":"Winding Halls","player_choice":"Embrace Madness","floor":37,"damage_taken":0},{"event_name":"Tomb of Lord Red Mask","player_choice":"Paid","floor":39,"damage_taken":0}],"boss_relics":[{"not_picked":["Runic Pyramid","Black Star"],"picked":"Runic Dome"}],"potions_floor_spawned":[2,4,10,11,13,18,23,27,29,35,36],"seed_played":"-2367005651403022613","killed_by":"2 Orb Walkers","ascension_level":0,"is_trial":false}