{"gold_per_floor":[111,3,3,3,3,38,38,73,73,73,89,89,105,117,117,217,217,235,247,266,246,257,257,276,276,356,356,367,47,47,47,47,144,144,155,6,24,37,51,51],"floor_reached":40,"playtime":2401,"items_purged":["Strike_G"],"score":418,"play_id":"ab032d21-e905-4aa2-b591-6ac425c94c4a","local_time":"20190130092024","is_ascension_mode":true,"campfire_choices":[{"floor":7,"key":"REST"},{"data":"1","floor":10,"key":"LIFT"},{"data":"2","floor":12,"key":"LIFT"},{"floor":15,"key":"REST"},{"data":"3","floor":23,"key":"LIFT"},{"floor":25,"key":"REST"},{"data":"Infinite Blades","floor":27,"key":"SMITH"},{"floor":32,"key":"REST"}],"neow_cost":"NONE","seed_source_timestamp":2325942838418965,"circlet_count":0,"master_deck":["Defend_G","Defend_G","Defend_G","Defend_G","Defend_G","Survivor","Neutralize","Flying Knee","Dash","Infinite Blades+1","Tactician","Cloak And Dagger","Tactician","Predator","Dagger Throw","Tools of the Trade","Underhanded Strike+1","Reflex","Blade Dance+1","Riddle With Holes+1","Choke","Dagger Throw+1","A Thousand Cuts","Sucker Punch+1","Masterful Stab+1","Dash+1","Calculated Gamble+1","Acrobatics","Escape Plan+1"],"relics":["Ring of the Snake","Pen Nib","Girya","Letter Opener","Runic Dome","Bottled Tornado","Question Card","Astrolabe","Blood Vial"],"potions_floor_usage":[16,33],"damage_taken":[{"damage":0,"enemies":"Jaw Worm","floor":1,"turns":6},{"damage":46,"enemies":"Lagavulin","floor":6,"turns":11},{"damage":21,"enemies":"Gremlin Nob","floor":8,"turns":5},{"damage":2,"enemies":"2 Louse","floor":11,"turns":2},{"damage":0,"enemies":"Small Slimes","floor":13,"turns":2},{"damage":11,"enemies":"Exordium Thugs","floor":14,"turns":4},{"damage":40,"enemies":"The Guardian","floor":16,"turns":10},{"damage":6,"enemies":"Chosen","floor":18,"turns":4},{"damage":4,"enemies":"3 Byrds","floor":19,"turns":4},{"damage":21,"enemies":"Snake Plant","floor":20,"turns":4},{"damage":16,"enemies":"Sentry and Sphere","floor":22,"turns":4},{"damage":16,"enemies":"3 Cultists","floor":24,"turns":4},{"damage":16,"enemies":"Snecko","floor":28,"turns":4},{"damage":13,"enemies":"Colosseum Slavers","floor":31,"turns":2},{"damage":32,"enemies":"Collector","floor":33,"turns":5},{"damage":36,"enemies":"3 Darklings","floor":35,"turns":5},{"damage":10,"enemies":"Orb Walker","floor":37,"turns":3},{"damage":12,"enemies":"Jaw Worm Horde","floor":38,"turns":3},{"damage":0,"enemies":"Transient","floor":39,"turns":5},{"damage":46,"enemies":"Giant Head","floor":40,"turns":5}],"seed_played":"6519685251698254346","potions_obtained":[{"floor":11,"key":"GhostInAJar"},{"floor":13,"key":"AttackPotion"},{"floor":19,"key":"FearPotion"},{"floor":20,"key":"Regen Potion"},{"floor":21,"key":"Swift Potion"},{"floor":33,"key":"Energy Potion"}],"is_trial":false,"path_per_floor":["M","$","?","$","?","E","R","E","T","R","M","R","M","M","R","B",null,"M","M","M","?","M","R","M","R","T","R","M","$","T","?","R","B",null,"M","$","M","M","M","E"],"character_chosen":"THE_SILENT","items_purchased":["Dash","Infinite Blades","Bottled Tornado","Blood Vial"],"campfire_rested":4,"item_purchase_floors":[2,2,29,36],"current_hp_per_floor":[77,77,82,82,75,29,53,32,32,32,30,30,30,19,43,3,82,76,72,51,51,35,35,19,43,43,43,27,27,27,14,38,20,82,46,46,38,28,30,0],"gold":51,"neow_bonus":"TEN_PERCENT_HP_BONUS","is_prod":false,"is_daily":false,"chose_seed":false,"campfire_upgraded":1,"win_rate":0,"timestamp":1548836424,"path_taken":["M","$","?","$","?","E","R","E","T","R","M","R","M","M","R","BOSS","M","M","M","?","M","R","M","R","T","R","M","?","?","?","R","BOSS","M","$","M","M","M","E"],"build_version":"2019-01-23","purchased_purges":1,"victory":false,"max_hp_per_floor":[77,77,82,82,82,82,82,82,82,82,82,82,82,82,82,82,82,82,82,82,82,82,82,82,82,82,82,82,82,82,82,82,82,82,82,82,82,82,82,82],"card_choices":[{"not_picked":["Eviscerate","Poisoned Stab"],"picked":"Flying Knee","floor":1},{"not_picked":["Underhanded Strike","Noxious Fumes"],"picked":"Tactician","floor":6},{"not_picked":["Poisoned Stab","Flechettes"],"picked":"Cloak And Dagger","floor":8},{"not_picked":["Noxious Fumes","Distraction"],"picked":"Tactician","floor":11},{"not_picked":["Reflex","Masterful Stab"],"picked":"Predator","floor":13},{"not_picked":["Outmaneuver","Poisoned Stab"],"picked":"Dagger Throw","floor":14},{"not_picked":["Corpse Explosion","Bullet Time"],"picked":"Tools of the Trade","floor":16},{"not_picked":["Setup","Deadly Poison+1"],"picked":"Underhanded Strike+1","floor":18},{"not_picked":["Blur","Deflect"],"picked":"Reflex","floor":19},{"not_picked":["PiercingWail+1","Well Laid Plans"],"picked":"Blade Dance+1","floor":20},{"not_picked":["Noxious Fumes","Terror+1"],"picked":"Riddle With Holes+1","floor":22},{"not_picked":["Expertise","Bane"],"picked":"Choke","floor":24},{"not_picked":["Flechettes","Cloak And Dagger+1"],"picked":"Dagger Throw+1","floor":28},{"not_picked":["Bullet Time","Unload","Malaise"],"picked":"A Thousand Cuts","floor":33},{"not_picked":["All Out Attack","Bane","Deadly Poison+1","Noxious Fumes+1"],"picked":"SKIP","floor":35},{"not_picked":["PiercingWail","Dodge and Roll+1","Bouncing Flask"],"picked":"Calculated Gamble+1","floor":37},{"not_picked":["Underhanded Strike+1","Calculated Gamble","Dodge and Roll"],"picked":"Acrobatics","floor":38},{"not_picked":["Eviscerate+1","Distraction","Endless Agony+1"],"picked":"Escape Plan+1","floor":39}],"player_experience":269688,"relics_obtained":[{"floor":6,"key":"Pen Nib"},{"floor":8,"key":"Girya"},{"floor":9,"key":"Letter Opener"},{"floor":30,"key":"Question Card"}],"event_choices":[{"damage_healed":0,"gold_gain":0,"player_choice":"Donut","damage_taken":0,"max_hp_gain":5,"max_hp_loss":0,"event_name":"Big Fish","floor":3,"gold_loss":0},{"cards_removed":["Strike_G"],"damage_healed":0,"gold_gain":0,"player_choice":"Card Removal","damage_taken":7,"max_hp_gain":0,"max_hp_loss":0,"event_name":"Golden Wing","floor":5,"gold_loss":0},{"damage_healed":0,"gold_gain":0,"player_choice":"Bought 1 Potion","damage_taken":0,"max_hp_gain":0,"max_hp_loss":0,"event_name":"The Woman in Blue","floor":21,"gold_loss":0},{"damage_healed":0,"gold_gain":0,"player_choice":"Fight","damage_taken":0,"max_hp_gain":0,"max_hp_loss":0,"event_name":"Colosseum","floor":31,"gold_loss":0},{"damage_healed":0,"gold_gain":0,"player_choice":"Fled From Nobs","damage_taken":0,"max_hp_gain":0,"max_hp_loss":0,"event_name":"Colosseum","floor":31,"gold_loss":0}],"is_beta":false,"boss_relics":[{"not_picked":["Lizard Tail","Black Star"],"picked":"Runic Dome"},{"not_picked":["Empty Cage","Calling Bell"],"picked":"Astrolabe"}],"items_purged_floors":[29],"is_endless":false,"potions_floor_spawned":[11,13,19,20,24,33,39],"killed_by":"Giant Head","ascension_level":1}