{"gold_per_floor":[114,114,128,148,165,190,206,206,257,276,307,81,81,93,93,195,195,209,209,37,56,75,109,123,149,149,160,160,178,178,1,1,99,99,114,127,145,155,167,194,210,210,210,225,254,254,28,42,42,42,42,42,15,42,42],"floor_reached":56,"playtime":7016,"items_purged":["Strike_B","Defend_B"],"score":1292,"play_id":"99a7bdda-1ca4-4694-ac6e-c42402dbb9fb","local_time":"20190127155410","is_ascension_mode":false,"campfire_choices":[{"data":"Defragment","floor":8.0,"key":"SMITH"},{"data":"White Noise","floor":13.0,"key":"SMITH"},{"data":"BootSequence","floor":15.0,"key":"SMITH"},{"floor":28.0,"key":"RECALL"},{"data":"Defragment","floor":30.0,"key":"SMITH"},{"data":"Creative AI","floor":32.0,"key":"SMITH"},{"data":"White Noise","floor":46.0,"key":"SMITH"},{"data":"Defragment","floor":49.0,"key":"SMITH"},{"data":"Auto Shields","floor":52.0,"key":"PURGE"}],"neow_cost":"NONE","seed_source_timestamp":0,"circlet_count":0,"master_deck":["Defend_B","Defend_B","Defend_B","Zap","Dualcast","BootSequence+1","Leap","Undo","Defragment+1","White Noise+1","Loop","Coolheaded","Self Repair","Compile Driver","Cold Snap","Creative AI+1","Recycle+1","Chill+1","Skim+1","Cold Snap","Electrodynamics","Defragment+1","Self Repair+1","Reinforced Body+1","White Noise+1","Cold Snap","Reboot","Hologram+1","Darkness","White Noise+1","Parasite","Glacier","Glacier+1","Defragment+1","Conserve Battery"],"special_seed":0,"relics":["FrozenCore","Sundial","Singing Bowl","Astrolabe","Bag of Preparation","Peace Pipe","Bottled Tornado","Lantern","Mummified Hand","Dodecahedron","Boot","Incense Burner","Centennial Puzzle","Bronze Scales"],"potions_floor_usage":[55,55],"damage_taken":[{"damage":1.0,"enemies":"Jaw Worm","floor":1.0,"turns":3.0},{"damage":1.0,"enemies":"Cultist","floor":3.0,"turns":3.0},{"damage":0.0,"enemies":"Small Slimes","floor":4.0,"turns":2.0},{"damage":0.0,"enemies":"Blue Slaver","floor":5.0,"turns":3.0},{"damage":17.0,"enemies":"Gremlin Nob","floor":6.0,"turns":5.0},{"damage":1.0,"enemies":"Looter","floor":7.0,"turns":3.0},{"damage":0.0,"enemies":"Large Slime","floor":10.0,"turns":5.0},{"damage":3.0,"enemies":"3 Sentries","floor":11.0,"turns":11.0},{"damage":4.0,"enemies":"3 Louse","floor":14.0,"turns":4.0},{"damage":34.0,"enemies":"Hexaghost","floor":16.0,"turns":15.0},{"damage":3.0,"enemies":"Spheric Guardian","floor":18.0,"turns":10.0},{"damage":0.0,"enemies":"3 Byrds","floor":21.0,"turns":5.0},{"damage":22.0,"enemies":"Cultist and Chosen","floor":22.0,"turns":7.0},{"damage":21.0,"enemies":"Gremlin Leader","floor":23.0,"turns":9.0},{"damage":12.0,"enemies":"Snecko","floor":24.0,"turns":7.0},{"damage":28.0,"enemies":"Slavers","floor":25.0,"turns":6.0},{"damage":0.0,"enemies":"Centurion and Healer","floor":27.0,"turns":6.0},{"damage":0.0,"enemies":"Shelled Parasite and Fungi","floor":29.0,"turns":8.0},{"damage":20.0,"enemies":"Collector","floor":33.0,"turns":8.0},{"damage":0.0,"enemies":"Orb Walker","floor":35.0,"turns":7.0},{"damage":0.0,"enemies":"3 Darklings","floor":36.0,"turns":6.0},{"damage":16.0,"enemies":"Spire Growth","floor":37.0,"turns":10.0},{"damage":0.0,"enemies":"Sphere and 2 Shapes","floor":38.0,"turns":3.0},{"damage":13.0,"enemies":"Jaw Worm Horde","floor":39.0,"turns":9.0},{"damage":59.0,"enemies":"Reptomancer","floor":40.0,"turns":9.0},{"damage":0.0,"enemies":"Maw","floor":41.0,"turns":6.0},{"damage":0.0,"enemies":"Writhing Mass","floor":44.0,"turns":7.0},{"damage":0.0,"enemies":"Giant Head","floor":45.0,"turns":12.0},{"damage":1.0,"enemies":"Jaw Worm Horde","floor":48.0,"turns":3.0},{"damage":21.0,"enemies":"Donu and Deca","floor":50.0,"turns":13.0},{"damage":0.0,"enemies":"Shield and Spear","floor":54.0,"turns":9.0},{"damage":44,"enemies":"The Heart","floor":55,"turns":9}],"seed_played":"4307353543504223456","potions_obtained":[{"floor":1.0,"key":"EssenceOfSteel"},{"floor":10.0,"key":"SkillPotion"},{"floor":14.0,"key":"Energy Potion"},{"floor":16.0,"key":"Dexterity Potion"},{"floor":18.0,"key":"FearPotion"},{"floor":21.0,"key":"Weak Potion"},{"floor":23.0,"key":"Strength Potion"},{"floor":27.0,"key":"Explosive Potion"},{"floor":36.0,"key":"EssenceOfSteel"},{"floor":38.0,"key":"AttackPotion"},{"floor":40.0,"key":"GamblersBrew"},{"floor":44.0,"key":"AttackPotion"},{"floor":45.0,"key":"Regen Potion"},{"floor":54,"key":"Regen Potion"}],"is_trial":false,"path_per_floor":["M","?","M","M","M","E","M","R","T","M","E","$","R","M","R","B",null,"M","?","$","M","M","E","M","E","T","M","R","M","R","$","R","B",null,"M","M","M","M","M","E","M","?","T","M","E","R","$","M","R","B",null,"R","$","E","B",null],"character_chosen":"DEFECT","items_purchased":["Coolheaded","Self Repair","Compile Driver","Defragment","Lantern","Cold Snap","Defragment","Centennial Puzzle","Conserve Battery"],"campfire_rested":0,"item_purchase_floors":[12,12,12,20,31,31,47,47,53],"current_hp_per_floor":[81,81,80,80,80,63,62,62,62,62,59,59,59,62,62,35,82,82,82,82,84,69,67,74,63,63,82,82,90,90,90,90,70,90,90,92,92,94,96,64,93,93,93,98,98,98,98,100,100,96,100,100,100,102,81],"gold":42,"neow_bonus":"TEN_PERCENT_HP_BONUS","is_prod":false,"is_daily":false,"chose_seed":false,"campfire_upgraded":7,"win_rate":0,"timestamp":1548633250,"path_taken":["M","?","M","M","M","E","M","R","T","?","E","$","R","?","R","BOSS","M","?","$","M","M","E","M","E","T","M","R","M","R","$","R","BOSS","M","M","M","M","M","E","M","?","T","?","E","R","$","M","R","BOSS","R","$","E","BOSS"],"build_version":"2019-01-23","purchased_purges":2,"victory":true,"max_hp_per_floor":[82,82,82,82,82,82,82,82,82,82,82,82,82,82,82,82,82,82,82,82,84,84,86,88,88,88,90,90,90,90,90,90,90,90,90,92,92,94,96,96,98,98,98,98,98,98,98,100,100,100,100,100,100,102,102],"card_choices":[{"not_picked":["Rebound","Hologram"],"picked":"BootSequence","floor":1.0},{"not_picked":["Barrage","Melter"],"picked":"Leap","floor":3.0},{"not_picked":["Leap","Scrape"],"picked":"Undo","floor":4.0},{"not_picked":["Aggregate","Consume"],"picked":"Defragment","floor":5.0},{"not_picked":["Undo","Redo"],"picked":"White Noise","floor":6.0},{"not_picked":["Static Discharge","Ball Lightning"],"picked":"Auto Shields","floor":7.0},{"not_picked":["Storm","Hello World","Lockon"],"picked":"SKIP","floor":10.0},{"not_picked":["Go for the Eyes","Hologram"],"picked":"Loop","floor":11.0},{"not_picked":["Turbo","Melter"],"picked":"Cold Snap","floor":14.0},{"not_picked":["Reboot","Machine Learning"],"picked":"Creative AI","floor":16.0},{"not_picked":["Turbo","Redo+1"],"picked":"Cold Snap","floor":18.0},{"not_picked":["Ball Lightning+1","Static Discharge","Redo"],"picked":"Singing Bowl","floor":21.0},{"not_picked":["Conserve Battery","Chill+1"],"picked":"Self Repair+1","floor":22.0},{"not_picked":["Hologram","Beam Cell+1","Aggregate"],"picked":"Singing Bowl","floor":23.0},{"not_picked":["Self Repair","Sweeping Beam","Meteor Strike"],"picked":"Singing Bowl","floor":24.0},{"not_picked":["Gash","Barrage"],"picked":"Reinforced Body+1","floor":25.0},{"not_picked":["Chaos","Leap","Undo"],"picked":"Singing Bowl","floor":27.0},{"not_picked":["Blizzard","Steam"],"picked":"White Noise","floor":29.0},{"not_picked":["Hyperbeam","Meteor Strike"],"picked":"Reboot","floor":33.0},{"not_picked":["Sweeping Beam","Barrage+1"],"picked":"Hologram+1","floor":35.0},{"not_picked":["Go for the Eyes","Hologram+1","Barrage+1"],"picked":"Singing Bowl","floor":36.0},{"not_picked":["Barrage+1","Gash+1"],"picked":"Darkness","floor":37.0},{"not_picked":["Reinforced Body","Stack+1","Compile Driver+1"],"picked":"Singing Bowl","floor":38.0},{"not_picked":["Blizzard","Sweeping Beam","Rebound"],"picked":"Singing Bowl","floor":39.0},{"not_picked":["Aggregate","Sunder"],"picked":"White Noise+1","floor":40.0},{"not_picked":["Stack+1","Double Energy+1","Beam Cell"],"picked":"Singing Bowl","floor":41.0},{"not_picked":["Recycle","Go for the Eyes+1"],"picked":"Glacier","floor":44.0},{"not_picked":["Scrape+1","Darkness"],"picked":"Glacier+1","floor":45.0},{"not_picked":["Doom and Gloom","Leap","Glacier+1"],"picked":"Singing Bowl","floor":48.0},{"not_picked":["Stack","Rainbow","Beam Cell"],"picked":"Singing Bowl","floor":54}],"player_experience":173352,"relics_obtained":[{"floor":6.0,"key":"Sundial"},{"floor":11.0,"key":"Singing Bowl"},{"floor":23.0,"key":"Bag of Preparation"},{"floor":25.0,"key":"Peace Pipe"},{"floor":26.0,"key":"Bottled Tornado"},{"floor":40.0,"key":"Mummified Hand"},{"floor":43.0,"key":"Boot"},{"floor":45.0,"key":"Incense Burner"},{"floor":54,"key":"Bronze Scales"}],"event_choices":[{"damage_healed":0.0,"max_hp_gain":0.0,"max_hp_loss":0.0,"gold_gain":0.0,"event_name":"Match and Keep!","player_choice":"0 cards matched","floor":2.0,"gold_loss":0.0,"damage_taken":0.0,"cards_obtained":[]},{"damage_healed":0.0,"max_hp_gain":0.0,"max_hp_loss":0.0,"gold_gain":0.0,"event_name":"The Library","player_choice":"Read","floor":19.0,"gold_loss":0.0,"damage_taken":0.0,"cards_obtained":["Electrodynamics"]},{"damage_healed":0.0,"max_hp_gain":0.0,"max_hp_loss":0.0,"gold_gain":0.0,"event_name":"WeMeetAgain","player_choice":"Gave Potion","floor":42.0,"gold_loss":0.0,"damage_taken":0.0,"relics_obtained":["Dodecahedron"]}],"is_beta":false,"boss_relics":[{"not_picked":["Ectoplasm","Cursed Key"],"picked":"Astrolabe"},{"not_picked":["Empty Cage","Tiny House"],"picked":"FrozenCore"}],"items_purged_floors":[12,20],"is_endless":false,"potions_floor_spawned":[1,10,14,16,18,21,23,27,36,38,40,44,45,54],"ascension_level":0}