{"path_per_floor":["M","$","?","?","?","R","?","M","T","R","M","T","$","E","R"],"character_chosen":"DEFECT","items_purchased":[],"gold_per_floor":[109,34,34,34,34,34,34,52,52,52,73,151,51,82,82,82],"floor_reached":16,"campfire_rested":0,"playtime":586,"item_purchase_floors":[],"current_hp_per_floor":[71,71,71,69,69,69,69,69,69,69,59,59,59,42,42,0],"items_purged":["Strike_B","Defend_B"],"gold":82,"score":96,"play_id":"c4b8575e-15a8-4598-aa25-0e3803b0b7ff","local_time":"20180530131921","is_prod":false,"is_daily":false,"chose_seed":false,"is_ascension_mode":false,"campfire_upgraded":3,"win_rate":0,"timestamp":1527653961,"campfire_choices":[{"data":"Zap","floor":6,"key":"SMITH"},{"data":"Consume","floor":10,"key":"SMITH"},{"data":"Dualcast","floor":15,"key":"SMITH"}],"path_taken":["M","$","?","?","?","R","?","?","T","R","M","?","$","E","R","BOSS"],"build_version":"2018-05-28","seed_source_timestamp":52886951090486,"purchased_purges":2,"victory":false,"master_deck":["Strike_B","Strike_B","Defend_B","Defend_B","Defend_B","Zap+1","Dualcast+1","Chill","Zap","Consume+1","Steam Power","Coolheaded"],"max_hp_per_floor":[75,75,75,69,69,69,69,69,69,69,69,69,69,69,69,69],"relics":["Sozu","Golden Idol","Happy Flower","Meat on the Bone","Dead Branch"],"card_choices":[{"not_picked":["Leap","Turbo"],"picked":"Chill","floor":1},{"not_picked":["Leap","Scrape"],"picked":"Consume","floor":8},{"not_picked":["Force Field","Stack"],"picked":"Steam Power","floor":11},{"not_picked":["Hologram","Stack"],"picked":"Coolheaded","floor":14}],"player_experience":196749,"potions_floor_usage":[],"damage_taken":[{"damage":4,"enemies":"Jaw Worm","floor":1,"turns":4},{"damage":0,"enemies":"Cultist","floor":8,"turns":4},{"damage":10,"enemies":"Small Slimes","floor":11,"turns":3},{"damage":29,"enemies":"Gremlin Nob","floor":14,"turns":4},{"damage":42,"enemies":"The Guardian","floor":16,"turns":10}],"relics_obtained":[{"floor":9,"key":"Happy Flower"},{"floor":12,"key":"Meat on the Bone"},{"floor":14,"key":"Dead Branch"}],"event_choices":[{"event_name":"Match and Keep!","player_choice":"1 cards matched","floor":3,"damage_taken":0},{"event_name":"Golden Idol","player_choice":"Lose Max HP","floor":4,"damage_taken":0},{"event_name":"The Cleric","player_choice":"Leave","floor":5,"damage_taken":0},{"event_name":"Purifier","player_choice":"One Purge","floor":7,"damage_taken":0}],"boss_relics":[],"items_purged_floors":[2,13],"potions_floor_spawned":[8,11],"seed_played":"-5488550099121398093","killed_by":"The Guardian","ascension_level":0,"potions_obtained":[],"is_trial":false}