{"gold_per_floor":[114,130,130,51,63,63,98,98,98,131,231,262,25,40,40,145,145,155,170,26,26,45,45],"floor_reached":23,"playtime":1164,"items_purged":["Strike_B"],"score":240,"play_id":"44f87801-0d60-4906-a9c8-9199f817a845","local_time":"20190124191202","is_ascension_mode":true,"campfire_choices":[{"data":"Zap","floor":6.0,"key":"SMITH"},{"data":"Chill","floor":8.0,"key":"SMITH"},{"floor":15.0,"key":"REST"}],"neow_cost":"NONE","seed_source_timestamp":0,"circlet_count":0,"master_deck":["Strike_B","Strike_B","Strike_B","Defend_B","Defend_B","Defend_B","Defend_B","Zap+1","Dualcast","Doom and Gloom","Hologram","Chill+1","Static Discharge","Thunder Strike","Defragment","Loop","Beam Cell","Seek","Steam Power","Defragment","Sunder+1"],"special_seed":0,"relics":["Cracked Core","NlothsMask","Mummified Hand","FossilizedHelix","WingedGreaves","Runic Capacitor","Sozu"],"potions_floor_usage":[],"damage_taken":[{"damage":0.0,"enemies":"Cultist","floor":1.0,"turns":4.0},{"damage":0.0,"enemies":"Small Slimes","floor":2.0,"turns":2.0},{"damage":0.0,"enemies":"2 Louse","floor":5.0,"turns":3.0},{"damage":12.0,"enemies":"Lagavulin","floor":7.0,"turns":5.0},{"damage":21.0,"enemies":"3 Sentries","floor":10.0,"turns":7.0},{"damage":40.0,"enemies":"Gremlin Nob","floor":12.0,"turns":4.0},{"damage":3.0,"enemies":"Looter","floor":14.0,"turns":3.0},{"damage":22.0,"enemies":"The Guardian","floor":16.0,"turns":8.0},{"damage":0,"enemies":"3 Byrds","floor":18,"turns":5},{"damage":19,"enemies":"Spheric Guardian","floor":19,"turns":4},{"damage":14,"enemies":"Colosseum Slavers","floor":21,"turns":3},{"damage":22,"enemies":"Shelled Parasite and Fungi","floor":22,"turns":5},{"damage":29,"enemies":"Gremlin Leader","floor":23,"turns":6}],"seed_played":"-7192803100539554929","potions_obtained":[{"floor":1.0,"key":"Poison Potion"},{"floor":2.0,"key":"Fire Potion"},{"floor":12.0,"key":"Energy Potion"}],"is_trial":false,"path_per_floor":["M","M","?","$","M","R","E","R","T","E","?","E","$","M","R","B",null,"M","M","$","?","M","E"],"character_chosen":"DEFECT","items_purchased":["Chill","Loop","Runic Capacitor","Defragment"],"campfire_rested":1,"item_purchase_floors":[4,13,13,20],"current_hp_per_floor":[82,82,82,82,82,82,70,70,70,49,49,9,9,6,30,8,82,82,63,63,49,27,0],"gold":45,"neow_bonus":"TEN_PERCENT_HP_BONUS","is_prod":false,"is_daily":false,"chose_seed":false,"campfire_upgraded":2,"win_rate":0,"timestamp":1548353522,"path_taken":["M","M","?","?","M","R","E","R","T","E","?","E","$","M","R","BOSS","M","M","?","?","M","E"],"build_version":"2019-01-23","purchased_purges":1,"victory":false,"max_hp_per_floor":[82,82,82,82,82,82,82,82,82,82,82,82,82,82,82,82,82,82,82,82,82,82,82],"card_choices":[{"not_picked":["Stack","Tempest"],"picked":"Doom and Gloom","floor":1.0},{"not_picked":["Gash","Barrage"],"picked":"Hologram","floor":2.0},{"not_picked":["Turbo","Streamline","Gash"],"picked":"SKIP","floor":5.0},{"not_picked":["Glacier","Rebound"],"picked":"Static Discharge","floor":7.0},{"not_picked":["Heatsinks","Go for the Eyes"],"picked":"Thunder Strike","floor":10.0},{"not_picked":["Cold Snap","Ball Lightning"],"picked":"Defragment","floor":12.0},{"not_picked":["Steam","Hello World"],"picked":"Beam Cell","floor":14.0},{"not_picked":["Reboot","Core Surge"],"picked":"Seek","floor":16.0},{"not_picked":["Beam Cell+1","Rip and Tear","Leap+1"],"picked":"SKIP","floor":18},{"not_picked":["Sweeping Beam","Steam"],"picked":"Steam Power","floor":19},{"not_picked":["Defragment+1","Hologram"],"picked":"Sunder+1","floor":22}],"player_experience":246034,"relics_obtained":[{"floor":7.0,"key":"Mummified Hand"},{"floor":10.0,"key":"FossilizedHelix"},{"floor":12.0,"key":"WingedGreaves"}],"event_choices":[{"damage_healed":0.0,"max_hp_gain":0.0,"max_hp_loss":0.0,"gold_gain":0.0,"event_name":"FaceTrader","player_choice":"Trade","floor":3.0,"gold_loss":0.0,"damage_taken":0.0,"relics_obtained":["NlothsMask"]},{"damage_healed":0.0,"max_hp_gain":0.0,"max_hp_loss":0.0,"gold_gain":100.0,"event_name":"Golden Shrine","player_choice":"Pray","floor":11.0,"gold_loss":0.0,"damage_taken":0.0},{"damage_healed":0,"gold_gain":0,"player_choice":"Fight","damage_taken":0,"max_hp_gain":0,"max_hp_loss":0,"event_name":"Colosseum","floor":21,"gold_loss":0},{"damage_healed":0,"gold_gain":0,"player_choice":"Fled From Nobs","damage_taken":0,"max_hp_gain":0,"max_hp_loss":0,"event_name":"Colosseum","floor":21,"gold_loss":0}],"is_beta":false,"boss_relics":[{"not_picked":["Tiny House","Runic Dome"],"picked":"Sozu"}],"items_purged_floors":[20],"is_endless":false,"potions_floor_spawned":[1,2,12,18,21],"killed_by":"Gremlin Leader","ascension_level":3}