{"gold_per_floor":[113,23,35,51,63,97,112,112,112,27,27,45,64,77,77,172,172,189,189,207,223,241,268,268,293,319,330,330,347,272,290,290,393,393,404,404,404,423,523,523,552,565,591,618,730,742,766,60,60,60],"floor_reached":51,"playtime":5860,"items_purged":["Strike_B"],"score":885,"play_id":"e8b0f28c-2451-4d13-aabe-a812f86f040e","local_time":"20190124222350","is_ascension_mode":true,"campfire_choices":[{"data":"Beam Cell","floor":8,"key":"SMITH"},{"data":"Self Repair","floor":11,"key":"SMITH"},{"data":"Zap","floor":15,"key":"SMITH"},{"data":"Go for the Eyes","floor":28,"key":"SMITH"},{"data":"Biased Cognition","floor":32,"key":"SMITH"},{"data":"Creative AI","floor":40,"key":"SMITH"},{"data":"Echo Form","floor":49,"key":"SMITH"}],"neow_cost":"NONE","seed_source_timestamp":592687469497755,"circlet_count":0,"master_deck":["Strike_B","Strike_B","Strike_B","Defend_B","Defend_B","Defend_B","Defend_B","Zap+1","Dualcast+1","Ball Lightning","FTL","Steam+1","Creative AI+1","Glacier+1","Beam Cell+1","Self Repair+1","Coolheaded+1","Ball Lightning","Coolheaded+1","Go for the Eyes+1","Echo Form+1","Coolheaded+1","Double Energy+1","BootSequence+1","Consume+1","Coolheaded+1","Beam Cell+1","Biased Cognition+1","Blizzard+1","Electrodynamics","Panacea+1","Dark Shackles+1","Static Discharge+1","Parasite","Turbo+1","Echo Form","Recycle+1"],"relics":["Cracked Core","Bag of Preparation","Toxic Egg 2","Darkstone Periapt","Bird Faced Urn","Sozu","Torii","Cables","Pear","Bronze Scales","Inserter","PreservedInsect","MawBank","Pocketwatch","Pantograph","Mummified Hand"],"potions_floor_usage":[6,33],"damage_taken":[{"damage":13,"enemies":"2 Louse","floor":1,"turns":3},{"damage":0,"enemies":"Cultist","floor":3,"turns":2},{"damage":3,"enemies":"Small Slimes","floor":4,"turns":2},{"damage":0,"enemies":"Blue Slaver","floor":5,"turns":3},{"damage":25,"enemies":"Lagavulin","floor":6,"turns":5},{"damage":0,"enemies":"Looter","floor":7,"turns":4},{"damage":0,"enemies":"Red Slaver","floor":12,"turns":4},{"damage":3,"enemies":"Blue Slaver","floor":13,"turns":3},{"damage":0,"enemies":"2 Fungi Beasts","floor":14,"turns":4},{"damage":15,"enemies":"The Guardian","floor":16,"turns":13},{"damage":0,"enemies":"Spheric Guardian","floor":18,"turns":4},{"damage":0,"enemies":"Chosen","floor":20,"turns":4},{"damage":20,"enemies":"Snake Plant","floor":21,"turns":6},{"damage":1,"enemies":"Shelled Parasite and Fungi","floor":22,"turns":8},{"damage":34,"enemies":"Book of Stabbing","floor":23,"turns":8},{"damage":1,"enemies":"Gremlin Leader","floor":25,"turns":7},{"damage":1,"enemies":"Centurion and Healer","floor":27,"turns":7},{"damage":1,"enemies":"Snake Plant","floor":29,"turns":4},{"damage":15,"enemies":"Chosen and Byrds","floor":31,"turns":5},{"damage":19,"enemies":"Champ","floor":33,"turns":11},{"damage":0,"enemies":"Orb Walker","floor":35,"turns":3},{"damage":0,"enemies":"3 Shapes","floor":38,"turns":3},{"damage":8,"enemies":"Nemesis","floor":41,"turns":7},{"damage":7,"enemies":"Writhing Mass","floor":42,"turns":6},{"damage":20,"enemies":"3 Darklings","floor":44,"turns":3},{"damage":4,"enemies":"Mind Bloom Boss Battle","floor":45,"turns":9},{"damage":57,"enemies":"Transient","floor":47,"turns":5},{"damage":22,"enemies":"Time Eater","floor":50,"turns":8}],"seed_played":"7015248726143148022","potions_obtained":[{"floor":3,"key":"Poison Potion"},{"floor":12,"key":"SteroidPotion"},{"floor":13,"key":"Strength Potion"}],"is_trial":false,"path_per_floor":["M","?","M","M","M","E","M","R","T","$","R","M","M","M","R","B",null,"M","?","M","M","M","E","?","E","T","M","R","M","$","M","R","B",null,"M","?","?","M","?","R","E","M","T","M","?","?","M","$","R","B",null],"character_chosen":"DEFECT","items_purchased":["Self Repair","Coolheaded+1","Echo Form","Recycle+1","Pantograph","Mummified Hand"],"campfire_rested":0,"item_purchase_floors":[10,10,48,48,48,48],"current_hp_per_floor":[62,62,62,59,59,34,34,34,34,34,34,46,55,55,55,52,75,75,68,75,69,75,51,51,82,82,85,85,85,85,80,80,85,85,85,85,75,85,85,85,85,91,91,76,91,91,66,66,66,90],"gold":60,"neow_bonus":"RANDOM_COMMON_RELIC","is_prod":false,"is_daily":false,"chose_seed":false,"campfire_upgraded":7,"win_rate":0,"timestamp":1548397430,"path_taken":["M","?","M","M","M","E","M","R","T","?","R","M","?","M","R","BOSS","M","?","M","?","M","E","?","E","T","M","R","M","$","M","R","BOSS","M","?","?","M","?","R","E","M","T","?","?","?","M","$","R","BOSS"],"build_version":"2019-01-23","purchased_purges":1,"victory":true,"max_hp_per_floor":[75,75,75,75,75,75,75,75,75,75,75,75,75,75,75,75,75,75,75,75,75,75,75,75,85,85,85,85,85,85,85,85,85,85,85,85,85,85,85,85,85,91,91,91,91,91,91,91,91,91],"card_choices":[{"not_picked":["Hologram","Static Discharge"],"picked":"Ball Lightning","floor":1},{"not_picked":["Turbo+1","Redo+1"],"picked":"FTL","floor":3},{"not_picked":["Hologram+1","Gash"],"picked":"Steam+1","floor":4},{"not_picked":["Beam Cell","Lockon"],"picked":"Creative AI","floor":5},{"not_picked":["Streamline","Gash"],"picked":"Glacier+1","floor":6},{"not_picked":["Turbo+1","Steam+1"],"picked":"Beam Cell","floor":7},{"not_picked":["Conserve Battery+1","Amplify+1"],"picked":"Ball Lightning","floor":12},{"not_picked":["Lockon","Sweeping Beam"],"picked":"Coolheaded+1","floor":13},{"not_picked":["Cold Snap","Fission+1"],"picked":"Go for the Eyes","floor":14},{"not_picked":["Multi-Cast+1","Rainbow+1"],"picked":"Echo Form","floor":16},{"not_picked":["Skim+1","Compile Driver"],"picked":"Coolheaded+1","floor":18},{"not_picked":["Ball Lightning+1","Turbo+1"],"picked":"Double Energy+1","floor":20},{"not_picked":["Undo+1","Redo+1"],"picked":"BootSequence+1","floor":21},{"not_picked":["Stack+1","Rebound"],"picked":"Consume+1","floor":22},{"not_picked":["Redo+1","Skim+1"],"picked":"Coolheaded+1","floor":23},{"not_picked":["Reprogram+1","Barrage"],"picked":"Beam Cell+1","floor":25},{"not_picked":["Cold Snap","Compile Driver","Hologram+1"],"picked":"SKIP","floor":27},{"not_picked":["Glacier+1","Beam Cell"],"picked":"Biased Cognition","floor":29},{"not_picked":["Tempest+1","Gash+1"],"picked":"Blizzard+1","floor":31},{"not_picked":["Multi-Cast+1","Rainbow+1"],"picked":"Electrodynamics","floor":33},{"not_picked":["Stack+1","Leap+1","Auto Shields+1"],"picked":"SKIP","floor":35},{"not_picked":["Swift Strike","Purity+1"],"picked":"Panacea+1","floor":37},{"not_picked":["Secret Technique+1","Metamorphosis+1"],"picked":"Dark Shackles+1","floor":37},{"not_picked":["Streamline+1","Stack+1","Redo+1"],"picked":"SKIP","floor":38},{"not_picked":["Reprogram+1","Streamline+1"],"picked":"Static Discharge+1","floor":41},{"not_picked":["Coolheaded+1","Rebound+1","Heatsinks"],"picked":"SKIP","floor":42},{"not_picked":["Rip and Tear","Gash"],"picked":"Turbo+1","floor":44},{"not_picked":["Stack+1","Turbo+1","FTL"],"picked":"SKIP","floor":47}],"player_experience":354535,"relics_obtained":[{"floor":6,"key":"Darkstone Periapt"},{"floor":9,"key":"Bird Faced Urn"},{"floor":23,"key":"Torii"},{"floor":25,"key":"Pear"},{"floor":26,"key":"Bronze Scales"},{"floor":41,"key":"PreservedInsect"},{"floor":43,"key":"MawBank"},{"floor":45,"key":"Pocketwatch"}],"event_choices":[{"damage_healed":0,"gold_gain":0,"player_choice":"Paid Gold","damage_taken":0,"relics_obtained":["Toxic Egg 2"],"max_hp_gain":0,"max_hp_loss":0,"event_name":"WeMeetAgain","floor":2,"gold_loss":90},{"damage_healed":0,"gold_gain":0,"player_choice":"","damage_taken":7,"max_hp_gain":0,"max_hp_loss":0,"event_name":"Knowing Skull","floor":19,"potions_obtained":[],"gold_loss":0,"cards_obtained":[]},{"damage_healed":0,"gold_gain":0,"player_choice":"Opened","damage_taken":0,"relics_obtained":["Cables"],"max_hp_gain":0,"max_hp_loss":0,"event_name":"The Mausoleum","floor":24,"gold_loss":0},{"damage_healed":0,"gold_gain":0,"player_choice":"Ignored","damage_taken":0,"max_hp_gain":0,"max_hp_loss":0,"event_name":"Tomb of Lord Red Mask","floor":36,"gold_loss":0},{"damage_healed":0,"gold_gain":0,"player_choice":"Memory 3","damage_taken":10,"max_hp_gain":0,"max_hp_loss":0,"event_name":"SensoryStone","floor":37,"gold_loss":0},{"damage_healed":0,"gold_gain":100,"player_choice":"Pray","damage_taken":0,"max_hp_gain":0,"max_hp_loss":0,"event_name":"Golden Shrine","floor":39,"gold_loss":0},{"damage_healed":0,"gold_gain":0,"player_choice":"Fight","damage_taken":0,"max_hp_gain":0,"max_hp_loss":0,"event_name":"MindBloom","floor":45,"gold_loss":0},{"damage_healed":0,"gold_gain":0,"player_choice":"Forge","damage_taken":0,"max_hp_gain":0,"max_hp_loss":0,"event_name":"Accursed Blacksmith","floor":46,"gold_loss":0,"cards_upgraded":["Dualcast"]}],"is_beta":false,"boss_relics":[{"not_picked":["Tiny House","Ectoplasm"],"picked":"Sozu"},{"not_picked":["Fusion Hammer","Empty Cage"],"picked":"Inserter"}],"items_purged_floors":[30],"is_endless":false,"potions_floor_spawned":[3,12,13,18,23,29,31,33,47],"ascension_level":4}