{"gold_per_floor":[115,115,37,87,87,87,87,107,107,107,142,1,34,52,52,129,129,144,157,174,189,114,114,144,171,171,171,190,190,190,201,201,275,275,291,63,63,73,88,88,113,113,113,148,8,26,26,39,39,39,39],"floor_reached":51,"playtime":4497,"items_purged":["Strike_G"],"score":1491,"play_id":"c034bb19-137a-4c3a-bba5-975509718374","local_time":"20181027210252","is_ascension_mode":true,"campfire_choices":[{"floor":6.0,"key":"REST"},{"floor":10.0,"key":"REST"},{"data":"Footwork","floor":15.0,"key":"SMITH"},{"floor":23.0,"key":"REST"},{"floor":29,"key":"REST"},{"floor":30,"key":"REST"},{"data":"Corpse Explosion","floor":32,"key":"SMITH"},{"data":"Catalyst","floor":40,"key":"SMITH"},{"floor":42,"key":"REST"},{"data":"Outmaneuver","floor":47,"key":"SMITH"},{"floor":49,"key":"REST"}],"neow_cost":"NONE","seed_source_timestamp":729626928725800,"circlet_count":0,"master_deck":["Defend_G","Defend_G","Defend_G","Defend_G+1","Defend_G","Survivor","Neutralize","AscendersBane","After Image+1","A Thousand Cuts+1","Backflip+1","Dagger Throw+1","Footwork+1","Deadly Poison","Footwork","Dagger Spray","Leg Sweep","Corpse Explosion+1","Leg Sweep","Escape Plan","Dodge and Roll","Dagger Spray+1","Backflip","Footwork+1","Bouncing Flask","Die Die Die","Catalyst+1","Dash+1","Cloak And Dagger+1","Dodge and Roll+1","PiercingWail+1","Blur","Outmaneuver+1","Concentrate+1","Crippling Poison+1"],"special_seed":0,"relics":["Astrolabe","Pocketwatch","PreservedInsect","Ancient Tea Set","Mercury Hourglass","Lizard Tail","Red Mask","WingedGreaves","Frozen Egg 2","MutagenicStrength","Empty Cage","TwistedFunnel","Peace Pipe","Potion Belt","Ginger","Bottled Flame"],"potions_floor_usage":[33,35,41,48,50,50],"damage_taken":[{"damage":0.0,"enemies":"2 Louse","floor":1.0,"turns":4.0},{"damage":1.0,"enemies":"Jaw Worm","floor":8.0,"turns":3.0},{"damage":0.0,"enemies":"Lagavulin","floor":11.0,"turns":6.0},{"damage":0.0,"enemies":"3 Sentries","floor":13.0,"turns":6.0},{"damage":0.0,"enemies":"Cultist","floor":14.0,"turns":4.0},{"damage":2.0,"enemies":"Hexaghost","floor":16.0,"turns":12.0},{"damage":1.0,"enemies":"Chosen","floor":18.0,"turns":8.0},{"damage":18.0,"enemies":"3 Byrds","floor":19.0,"turns":3.0},{"damage":7.0,"enemies":"Sentry and Sphere","floor":20.0,"turns":9.0},{"damage":12.0,"enemies":"Shelled Parasite and Fungi","floor":21.0,"turns":12.0},{"damage":0.0,"enemies":"Masked Bandits","floor":24.0,"turns":2.0},{"damage":21.0,"enemies":"Slavers","floor":25.0,"turns":2.0},{"damage":12,"enemies":"Snake Plant","floor":28,"turns":8},{"damage":0,"enemies":"Snecko","floor":31,"turns":7},{"damage":20,"enemies":"Collector","floor":33,"turns":16},{"damage":8,"enemies":"Orb Walker","floor":35,"turns":5},{"damage":0,"enemies":"Mind Bloom Boss Battle","floor":37,"turns":8},{"damage":1,"enemies":"3 Shapes","floor":38,"turns":4},{"damage":0,"enemies":"Sphere and 2 Shapes","floor":39,"turns":9},{"damage":2,"enemies":"Reptomancer","floor":41,"turns":3},{"damage":16,"enemies":"Nemesis","floor":44,"turns":5},{"damage":0,"enemies":"4 Shapes","floor":46,"turns":4},{"damage":21,"enemies":"Transient","floor":48,"turns":6},{"damage":44,"enemies":"Time Eater","floor":50,"turns":26},{"damage":38,"enemies":"Awakened One","floor":51,"turns":6}],"seed_played":"-4374335057718756362","potions_obtained":[{"floor":11.0,"key":"Block Potion"},{"floor":14.0,"key":"SteroidPotion"},{"floor":18.0,"key":"Dexterity Potion"},{"floor":25.0,"key":"GhostInAJar"},{"floor":35,"key":"Dexterity Potion"},{"floor":38,"key":"GhostInAJar"},{"floor":41,"key":"Weak Potion"},{"floor":48,"key":"GamblersBrew"}],"is_trial":false,"path_per_floor":["M","?","$","?","?","R","?","M","T","R","E","$","E","M","R","B",null,"M","M","M","M","$","R","?","E","T","?","M","R","R","M","R","B",null,"M","$","?","M","M","R","E","R","T","E","$","M","R","M","R","B"],"character_chosen":"THE_SILENT","items_purchased":["Footwork","Footwork","SkillPotion","TwistedFunnel","Blur","Outmaneuver"],"campfire_rested":7,"item_purchase_floors":[3,12,12,36,45,45],"current_hp_per_floor":[59,39,39,33,7,26,26,25,25,44,44,44,44,44,44,42,60,59,41,34,22,22,41,41,20,20,20,8,27,46,46,46,26,56,48,48,48,47,47,47,45,64,64,48,48,48,48,27,46,2,0],"gold":39,"neow_bonus":"BOSS_RELIC","is_prod":false,"is_daily":false,"chose_seed":false,"campfire_upgraded":4,"win_rate":0,"timestamp":1540688572,"path_taken":["M","?","$","?","?","R","?","M","T","R","E","?","E","?","R","BOSS","M","?","M","M","$","R","?","E","T","?","M","R","R","M","R","BOSS","M","$","?","M","?","R","E","R","T","E","$","?","R","M","R","BOSS","BOSS"],"build_version":"2018-10-19","purchased_purges":1,"victory":false,"max_hp_per_floor":[66,66,66,66,66,66,66,66,66,66,66,66,66,66,66,66,66,66,66,66,66,66,66,66,66,66,66,66,66,66,66,66,66,66,66,66,66,66,66,66,66,66,66,66,66,66,66,66,66,66,66],"card_choices":[{"not_picked":["Expertise","Setup"],"picked":"Dagger Throw","floor":1.0},{"not_picked":["Acrobatics","Slice"],"picked":"Sucker Punch","floor":8.0},{"not_picked":["Dagger Throw","Doppelganger"],"picked":"Deadly Poison","floor":11.0},{"not_picked":["Infinite Blades","Flying Knee"],"picked":"Dagger Spray","floor":13.0},{"not_picked":["Bouncing Flask","Quick Slash"],"picked":"Leg Sweep","floor":14.0},{"not_picked":["Bullet Time","Phantasmal Killer"],"picked":"Corpse Explosion","floor":16.0},{"not_picked":["Quick Slash","Deflect","Poisoned Stab"],"picked":"SKIP","floor":18.0},{"not_picked":["Distraction","Slice"],"picked":"Leg Sweep","floor":19.0},{"not_picked":["Dagger Spray","Poisoned Stab"],"picked":"Escape Plan","floor":20.0},{"not_picked":["Dagger Spray","Calculated Gamble"],"picked":"Dodge and Roll","floor":21.0},{"not_picked":["Underhanded Strike","Endless Agony"],"picked":"Dagger Spray+1","floor":24.0},{"not_picked":["Masterful Stab","Poisoned Stab"],"picked":"Backflip","floor":25.0},{"not_picked":["Deflect+1","Caltrops+1"],"picked":"Footwork+1","floor":28},{"not_picked":["Dagger Throw+1","Tactician"],"picked":"Bouncing Flask","floor":31},{"not_picked":["Storm of Steel","Corpse Explosion"],"picked":"Die Die Die","floor":33},{"not_picked":["PiercingWail","Predator"],"picked":"Catalyst","floor":35},{"not_picked":["Bane","Dagger Spray"],"picked":"Dash+1","floor":37},{"not_picked":["Quick Slash+1","Deflect+1"],"picked":"Cloak And Dagger+1","floor":38},{"not_picked":["Prepared+1","Riddle With Holes+1","Endless Agony"],"picked":"SKIP","floor":39},{"not_picked":["Masterful Stab","Eviscerate"],"picked":"Dodge and Roll+1","floor":41},{"not_picked":["Leg Sweep","Dodge and Roll"],"picked":"PiercingWail+1","floor":44},{"not_picked":["Deflect","Dodge and Roll+1"],"picked":"Concentrate+1","floor":46},{"not_picked":["Cloak And Dagger","Acrobatics"],"picked":"Crippling Poison+1","floor":48}],"player_experience":1526405,"relics_obtained":[{"floor":9.0,"key":"PreservedInsect"},{"floor":11.0,"key":"Ancient Tea Set"},{"floor":13.0,"key":"Mercury Hourglass"},{"floor":24.0,"key":"Red Mask"},{"floor":25.0,"key":"WingedGreaves"},{"floor":26.0,"key":"Frozen Egg 2"},{"floor":37,"key":"Peace Pipe"},{"floor":41,"key":"Potion Belt"},{"floor":43,"key":"Ginger"},{"floor":44,"key":"Bottled Flame"}],"event_choices":[{"damage_healed":0.0,"max_hp_gain":0.0,"max_hp_loss":0.0,"gold_gain":0.0,"event_name":"Shining Light","player_choice":"Entered Light","floor":2.0,"gold_loss":0.0,"damage_taken":20.0,"cards_upgraded":["Dagger Throw","Defend_G"]},{"damage_healed":0.0,"max_hp_gain":0.0,"max_hp_loss":0.0,"gold_gain":50.0,"event_name":"FaceTrader","player_choice":"Touch","floor":4.0,"gold_loss":0.0,"damage_taken":6.0},{"damage_healed":0.0,"max_hp_gain":0.0,"max_hp_loss":0.0,"gold_gain":0.0,"event_name":"Scrap Ooze","player_choice":"Success","floor":5.0,"gold_loss":0.0,"damage_taken":26.0,"relics_obtained":["Pocketwatch"]},{"damage_healed":0.0,"max_hp_gain":0.0,"max_hp_loss":0.0,"gold_gain":0.0,"event_name":"Liars Game","player_choice":"Ignored","floor":7.0,"gold_loss":0.0,"damage_taken":0.0},{"damage_healed":0.0,"max_hp_gain":0.0,"max_hp_loss":0.0,"gold_gain":0.0,"event_name":"Masked Bandits","player_choice":"Fought Bandits","floor":24.0,"gold_loss":0.0,"damage_taken":0.0},{"damage_healed":0.0,"max_hp_gain":0.0,"max_hp_loss":0.0,"gold_gain":0.0,"event_name":"Drug Dealer","player_choice":"Inject Mutagens","floor":27.0,"gold_loss":0.0,"damage_taken":0.0,"relics_obtained":["MutagenicStrength"]},{"damage_healed":0,"gold_gain":0,"player_choice":"Fight","damage_taken":0,"max_hp_gain":0,"max_hp_loss":0,"event_name":"MindBloom","floor":37,"gold_loss":0}],"is_beta":true,"boss_relics":[{"not_picked":["Pandora\u0027s Box","White Beast Statue"],"picked":"Lizard Tail"},{"not_picked":["Tiny House","Calling Bell"],"picked":"Empty Cage"}],"items_purged_floors":[22],"is_endless":false,"potions_floor_spawned":[11,14,18,25,31,35,38,39,41,48],"killed_by":"Awakened One","ascension_level":20}