{"gold_per_floor":[212,61,61,79,95,126,126,126,180,180,355,368,391,406,406,527,527,546,646,396,396,420,420,260,299,346,366,382,400,400,443,443,562,562,577,600,666,666,666,666,697,697,724,494,525,525,545,878,878,878],"floor_reached":51,"playtime":5611,"items_purged":["Strike_B","Strike_B","Strike_B"],"score":743,"play_id":"3c477518-bbd8-4e5f-9ce7-75ee891ec797","local_time":"20180910163820","is_ascension_mode":false,"campfire_choices":[{"data":"Defragment","floor":7,"key":"SMITH"},{"data":"Zap","floor":10,"key":"SMITH"},{"floor":15,"key":"REST"},{"data":"Double Energy","floor":23,"key":"SMITH"},{"floor":30,"key":"REST"},{"floor":32,"key":"REST"},{"data":"Buffer","floor":40,"key":"SMITH"},{"floor":42,"key":"REST"},{"data":"Defragment","floor":46,"key":"SMITH"},{"data":"Seek","floor":49,"key":"SMITH"}],"neow_cost":"NONE","seed_source_timestamp":66813091806900,"circlet_count":0,"master_deck":["Defend_B","Defend_B","Defend_B+1","Defend_B","Zap+1","Dualcast","Coolheaded","Defragment+1","Chill+1","Echo Form","Double Energy+1","Go for the Eyes","Reboot","Electrodynamics","Go for the Eyes+1","Defragment+1","Redo+1","Ball Lightning","Stack","Seek+1","Echo Form","Barrage","Buffer+1","Coolheaded","Mind Blast","FTL+1","Self Repair","White Noise+1"],"relics":["Cracked Core","Pen Nib","Omamori","Inserter","DataDisk","PreservedInsect","Art of War","Vajra","Philosopher\u0027s Stone","Bird Faced Urn","War Paint","Blood Vial","Strawberry","Gambling Chip"],"potions_floor_usage":[25,50,50,50],"damage_taken":[{"damage":0,"enemies":"Small Slimes","floor":1,"turns":3},{"damage":6,"enemies":"Jaw Worm","floor":4,"turns":3},{"damage":0,"enemies":"2 Louse","floor":5,"turns":3},{"damage":30,"enemies":"Gremlin Nob","floor":6,"turns":5},{"damage":1,"enemies":"Looter","floor":12,"turns":4},{"damage":8,"enemies":"Large Slime","floor":13,"turns":5},{"damage":6,"enemies":"3 Louse","floor":14,"turns":3},{"damage":13,"enemies":"Slime Boss","floor":16,"turns":6},{"damage":8,"enemies":"3 Byrds","floor":18,"turns":4},{"damage":8,"enemies":"Shell Parasite","floor":22,"turns":6},{"damage":38,"enemies":"Slavers","floor":25,"turns":3},{"damage":10,"enemies":"Cultist and Chosen","floor":27,"turns":4},{"damage":0,"enemies":"3 Cultists","floor":28,"turns":3},{"damage":2,"enemies":"Snake Plant","floor":29,"turns":5},{"damage":12,"enemies":"Gremlin Leader","floor":31,"turns":7},{"damage":23,"enemies":"Automaton","floor":33,"turns":8},{"damage":6,"enemies":"Orb Walker","floor":35,"turns":4},{"damage":27,"enemies":"3 Darklings","floor":36,"turns":4},{"damage":12,"enemies":"Mysterious Sphere","floor":37,"turns":2},{"damage":31,"enemies":"2 Orb Walkers","floor":41,"turns":3},{"damage":0,"enemies":"Nemesis","floor":45,"turns":7},{"damage":15,"enemies":"Spire Growth","floor":47,"turns":5},{"damage":12,"enemies":"Donu and Deca","floor":50,"turns":8}],"seed_played":"-6880869395012273806","potions_obtained":[{"floor":4,"key":"Regen Potion"},{"floor":6,"key":"SteroidPotion"},{"floor":13,"key":"AttackPotion"},{"floor":28,"key":"Dexterity Potion"},{"floor":33,"key":"PowerPotion"}],"is_trial":false,"path_per_floor":["M","$","?","M","M","E","R","?","T","R","?","M","M","M","R","B",null,"M","?","$","?","M","R","$","E","T","M","M","M","R","E","R","B",null,"M","M","?","?","?","R","E","R","T","$","E","R","M","?","R","B"],"character_chosen":"DEFECT","items_purchased":["Defragment","DataDisk","Defragment","Self Repair","Strawberry"],"campfire_rested":4,"item_purchase_floors":[2,20,24,44,44],"current_hp_per_floor":[75,75,57,51,51,21,21,21,21,21,21,20,12,6,28,15,75,67,67,67,67,59,59,59,26,26,16,16,14,36,24,46,23,75,69,42,30,30,30,30,11,33,33,40,65,65,73,73,73,79],"gold":878,"neow_bonus":"HUNDRED_GOLD","is_prod":false,"is_daily":false,"chose_seed":false,"campfire_upgraded":6,"win_rate":0,"timestamp":1536565100,"path_taken":["M","$","?","M","M","E","R","?","T","R","?","M","M","M","R","BOSS","M","?","$","?","?","R","$","E","T","M","?","?","R","E","R","BOSS","M","M","?","?","?","R","E","R","T","?","E","R","?","?","R","BOSS"],"build_version":"2018-09-06","purchased_purges":3,"victory":true,"max_hp_per_floor":[75,75,75,75,75,75,75,75,75,75,75,75,75,75,75,75,75,75,75,75,75,75,75,75,75,75,75,75,75,75,75,75,75,75,75,75,75,75,75,75,75,75,75,82,82,82,82,82,82,82],"card_choices":[{"not_picked":["Streamline","Turbo"],"picked":"Coolheaded","floor":1},{"not_picked":["Coolheaded","Compile Driver"],"picked":"Chill","floor":4},{"not_picked":["Reinforced Body","Streamline","Sweeping Beam"],"picked":"SKIP","floor":5},{"not_picked":["Ball Lightning","White Noise"],"picked":"Echo Form","floor":6},{"not_picked":["Go for the Eyes","Redo"],"picked":"Double Energy","floor":12},{"not_picked":["Blizzard","Recycle"],"picked":"Go for the Eyes","floor":13},{"not_picked":["Steam Power","Streamline"],"picked":"Reboot","floor":14},{"not_picked":["Hyperbeam","Meteor Strike"],"picked":"Electrodynamics","floor":16},{"not_picked":["Blizzard","Gash","Cold Snap"],"picked":"SKIP","floor":18},{"not_picked":["Cold Snap","Beam Cell"],"picked":"Go for the Eyes+1","floor":22},{"not_picked":["Reinforced Body","Darkness","Rip and Tear"],"picked":"SKIP","floor":25},{"not_picked":["Reprogram","Reinforced Body+1"],"picked":"Redo+1","floor":27},{"not_picked":["Chaos","Barrage"],"picked":"Ball Lightning","floor":28},{"not_picked":["Undo","Sweeping Beam"],"picked":"Stack","floor":29},{"not_picked":["Cold Snap","Ball Lightning"],"picked":"Seek","floor":31},{"not_picked":["Amplify","Seek"],"picked":"Echo Form","floor":33},{"not_picked":["Force Field","Stack"],"picked":"Barrage","floor":35},{"not_picked":["Steam+1","Leap+1"],"picked":"Buffer","floor":36},{"not_picked":["Leap","Cold Snap+1"],"picked":"Coolheaded","floor":37},{"not_picked":["Forethought","Panacea"],"picked":"Mind Blast","floor":39},{"not_picked":["Beam Cell+1","Go for the Eyes"],"picked":"FTL+1","floor":41},{"not_picked":["Chaos+1","Hologram+1"],"picked":"White Noise+1","floor":45},{"not_picked":["Steam+1","Compile Driver","Chaos+1"],"picked":"SKIP","floor":47}],"player_experience":401808,"relics_obtained":[{"floor":6,"key":"Pen Nib"},{"floor":9,"key":"Omamori"},{"floor":25,"key":"PreservedInsect"},{"floor":26,"key":"Art of War"},{"floor":31,"key":"Vajra"},{"floor":37,"key":"Bird Faced Urn"},{"floor":41,"key":"War Paint"},{"floor":43,"key":"Blood Vial"},{"floor":45,"key":"Gambling Chip"}],"event_choices":[{"event_name":"Golden Idol","player_choice":"Take Damage","floor":3,"damage_taken":0},{"event_name":"Living Wall","player_choice":"Forget","floor":8,"damage_taken":0},{"event_name":"Liars Game","player_choice":"agreed","floor":11,"damage_taken":0},{"event_name":"Golden Shrine","player_choice":"Pray","floor":19,"damage_taken":0},{"event_name":"Ghosts","player_choice":"Ignored","floor":21,"damage_taken":0},{"event_name":"Mysterious Sphere","player_choice":"Fight","floor":37,"damage_taken":0},{"event_name":"Tomb of Lord Red Mask","player_choice":"Ignored","floor":38,"damage_taken":0},{"event_name":"SensoryStone","player_choice":"Memory 1","floor":39,"damage_taken":0},{"event_name":"The Moai Head","player_choice":"Gave Idol","floor":48,"damage_taken":0}],"is_beta":true,"boss_relics":[{"not_picked":["Lizard Tail","Fusion Hammer"],"picked":"Inserter"},{"not_picked":["Eternal Feather","Runic Pyramid"],"picked":"Philosopher\u0027s Stone"}],"items_purged_floors":[2,20,24],"is_endless":false,"potions_floor_spawned":[4,6,13,14,18,22,28,31,33,35,36],"ascension_level":0}