{"gold_per_floor":[114,264,264,339,9,9,19,19,19,35,35,35,62,79,79,156,156,173,187,102,102,115,115,165,191,191,191,220,220,234,246,246,325,325,337,348,1347,846,846,876,888,912,924,936,2,2,30,30,30,30],"floor_reached":50,"playtime":3331,"items_purged":["Strike_G","Normality","Normality"],"score":1118,"play_id":"9653f5b6-116a-447e-a63c-fc958021ca3a","local_time":"20181210044520","is_ascension_mode":true,"campfire_choices":[{"data":"Noxious Fumes","floor":6,"key":"SMITH"},{"data":"Neutralize","floor":8,"key":"SMITH"},{"floor":12,"key":"REST"},{"data":"Cloak And Dagger","floor":15,"key":"SMITH"},{"floor":23,"key":"REST"},{"data":"Calculated Gamble","floor":27,"key":"SMITH"},{"floor":32,"key":"REST"},{"floor":41,"key":"REST"},{"floor":46,"key":"REST"},{"floor":49,"key":"REST"}],"neow_cost":"NONE","seed_source_timestamp":690045381462300,"circlet_count":0,"master_deck":["AscendersBane","Defend_G","Defend_G","Defend_G","Defend_G","Defend_G","Strike_G","Strike_G","Survivor","Neutralize+1","Quick Slash","PiercingWail","Noxious Fumes+1","Leg Sweep","Quick Slash","Cloak And Dagger+1","Predator","Dodge and Roll","Leg Sweep","Die Die Die","Quick Slash+1","Backflip+1","Calculated Gamble+1","After Image","Blade Dance+1","Prepared","PiercingWail+1","Crippling Poison","Corpse Explosion","Finisher+1","Acrobatics","Footwork","PiercingWail","Expertise","Bouncing Flask+1","Dodge and Roll","Noxious Fumes","Doppelganger","Skewer"],"relics":["Cursed Key","Bag of Marbles","Eternal Feather","Tingsha","MutagenicStrength","Happy Flower","Pear","Fusion Hammer","Medical Kit","MawBank","HandDrill","Art of War","Regal Pillow"],"potions_floor_usage":[22,28,33,33,40,50],"damage_taken":[{"damage":5,"enemies":"Small Slimes","floor":1,"turns":5},{"damage":1,"enemies":"2 Louse","floor":7,"turns":3},{"damage":0,"enemies":"Cultist","floor":10,"turns":4},{"damage":4,"enemies":"3 Sentries","floor":13,"turns":7},{"damage":0,"enemies":"2 Fungi Beasts","floor":14,"turns":4},{"damage":31,"enemies":"Hexaghost","floor":16,"turns":10},{"damage":18,"enemies":"Spheric Guardian","floor":18,"turns":6},{"damage":15,"enemies":"Chosen","floor":19,"turns":6},{"damage":4,"enemies":"Snake Plant","floor":22,"turns":4},{"damage":16,"enemies":"Gremlin Leader","floor":25,"turns":8},{"damage":28,"enemies":"Book of Stabbing","floor":28,"turns":8},{"damage":0,"enemies":"Shelled Parasite and Fungi","floor":30,"turns":7},{"damage":10,"enemies":"Sentry and Sphere","floor":31,"turns":6},{"damage":33,"enemies":"Champ","floor":33,"turns":12},{"damage":7,"enemies":"3 Darklings","floor":35,"turns":4},{"damage":2,"enemies":"3 Shapes","floor":36,"turns":7},{"damage":31,"enemies":"Reptomancer","floor":40,"turns":8},{"damage":0,"enemies":"Jaw Worm Horde","floor":42,"turns":5},{"damage":12,"enemies":"Nemesis","floor":47,"turns":9},{"damage":89,"enemies":"Time Eater","floor":50,"turns":14}],"seed_played":"7409004368753710408","potions_obtained":[{"floor":7,"key":"Strength Potion"},{"floor":13,"key":"SpeedPotion"},{"floor":16,"key":"Ancient Potion"},{"floor":22,"key":"GhostInAJar"},{"floor":28,"key":"SteroidPotion"},{"floor":35,"key":"Strength Potion"},{"floor":36,"key":"Regen Potion"}],"is_trial":false,"path_per_floor":["M","?","?","?","$","R","M","R","T","M","T","R","E","M","R","B",null,"M","M","?","?","M","R","?","E","T","R","E","?","M","M","R","B",null,"M","M","?","$","?","E","R","M","T","T","$","R","E","$","R","B"],"character_chosen":"THE_SILENT","items_purchased":["PiercingWail","Noxious Fumes","Leg Sweep","Quick Slash","Medical Kit","Footwork","PiercingWail","Expertise","Noxious Fumes","HandDrill","Art of War","GhostInAJar","Doppelganger","Skewer"],"campfire_rested":6,"item_purchase_floors":[5,5,5,5,38,38,38,38,45,45,45,45,45,45],"current_hp_per_floor":[54,54,47,36,36,36,35,35,35,35,35,54,50,50,50,19,54,36,21,21,21,17,51,51,35,35,50,32,32,32,22,59,26,64,57,55,55,55,55,39,76,76,76,76,76,76,64,64,76,0],"gold":30,"neow_bonus":"BOSS_RELIC","is_prod":false,"is_daily":false,"chose_seed":false,"campfire_upgraded":4,"win_rate":0,"timestamp":1544435120,"path_taken":["M","?","?","?","$","R","M","R","T","M","?","R","E","M","R","BOSS","M","M","?","?","M","R","?","E","T","R","E","?","M","?","R","BOSS","M","M","?","$","?","E","R","M","T","?","$","R","E","?","R","BOSS"],"build_version":"2018-11-15","purchased_purges":3,"victory":false,"max_hp_per_floor":[66,66,66,66,66,66,66,66,66,66,66,66,66,66,66,66,66,66,66,66,66,66,66,66,66,66,66,76,76,76,76,76,76,76,76,76,76,76,76,76,76,76,76,76,76,76,76,76,76,76],"card_choices":[{"not_picked":["Acrobatics","Cloak And Dagger"],"picked":"Quick Slash","floor":1},{"not_picked":["Underhanded Strike","Heel Hook"],"picked":"Cloak And Dagger","floor":7},{"not_picked":["Slice","Caltrops"],"picked":"Predator","floor":10},{"not_picked":["Masterful Stab","Deadly Poison"],"picked":"Dodge and Roll","floor":13},{"not_picked":["Predator","Doppelganger"],"picked":"Leg Sweep","floor":14},{"not_picked":["Bullet Time","Glass Knife"],"picked":"Die Die Die","floor":16},{"not_picked":["Flying Knee","Slice+1"],"picked":"Quick Slash+1","floor":18},{"not_picked":["Eviscerate","Underhanded Strike"],"picked":"Backflip+1","floor":19},{"not_picked":["Flechettes","Concentrate+1"],"picked":"Calculated Gamble","floor":22},{"not_picked":["Slice","Flying Knee"],"picked":"After Image","floor":25},{"not_picked":["Accuracy","Deadly Poison"],"picked":"Blade Dance+1","floor":28},{"not_picked":["All Out Attack","Flying Knee"],"picked":"PiercingWail+1","floor":30},{"not_picked":["Dodge and Roll","Deflect"],"picked":"Crippling Poison","floor":31},{"not_picked":["Glass Knife","Unload"],"picked":"Corpse Explosion","floor":33},{"not_picked":["Distraction","Backstab+1"],"picked":"Finisher+1","floor":35},{"not_picked":["Underhanded Strike+1","Riddle With Holes+1"],"picked":"Acrobatics","floor":36},{"not_picked":["Sucker Punch+1","Outmaneuver+1"],"picked":"Bouncing Flask+1","floor":40},{"not_picked":["All Out Attack","Dagger Throw"],"picked":"Dodge and Roll","floor":42},{"not_picked":["Grand Finale","Outmaneuver","Endless Agony"],"picked":"SKIP","floor":47}],"player_experience":1799389,"relics_obtained":[{"floor":13,"key":"Bag of Marbles"},{"floor":25,"key":"Happy Flower"},{"floor":28,"key":"Pear"},{"floor":40,"key":"MawBank"},{"floor":47,"key":"Regal Pillow"}],"event_choices":[{"damage_healed":0,"gold_gain":150,"player_choice":"AGREE","damage_taken":0,"max_hp_gain":0,"max_hp_loss":0,"event_name":"Liars Game","floor":2,"gold_loss":0,"cards_obtained":["Doubt"]},{"cards_removed":["Doubt"],"damage_healed":0,"gold_gain":0,"player_choice":"Card Removal","damage_taken":7,"max_hp_gain":0,"max_hp_loss":0,"event_name":"Golden Wing","floor":3,"gold_loss":0},{"damage_healed":0,"gold_gain":75,"player_choice":"Gather Gold","damage_taken":11,"max_hp_gain":0,"max_hp_loss":0,"event_name":"World of Goop","floor":4,"gold_loss":0},{"damage_healed":0,"gold_gain":0,"player_choice":"Obtained Relic","damage_taken":0,"relics_obtained":["Tingsha"],"max_hp_gain":0,"max_hp_loss":0,"event_name":"Addict","floor":20,"gold_loss":85},{"damage_healed":0,"gold_gain":0,"player_choice":"Inject Mutagens","damage_taken":0,"relics_obtained":["MutagenicStrength"],"max_hp_gain":0,"max_hp_loss":0,"event_name":"Drug Dealer","floor":21,"gold_loss":0},{"damage_healed":0,"gold_gain":50,"player_choice":"Stole From Cult","damage_taken":0,"max_hp_gain":0,"max_hp_loss":0,"event_name":"Nest","floor":24,"gold_loss":0},{"damage_healed":0,"gold_gain":0,"cards_transformed":["Strike_G"],"player_choice":"Transformed","damage_taken":0,"max_hp_gain":0,"max_hp_loss":0,"event_name":"Transmorgrifier","floor":29,"gold_loss":0,"cards_obtained":["Prepared"]},{"damage_healed":0,"gold_gain":999,"player_choice":"Gold","damage_taken":0,"max_hp_gain":0,"max_hp_loss":0,"event_name":"MindBloom","floor":37,"gold_loss":0,"cards_obtained":["Normality","Normality"]},{"cards_removed":["Strike_G"],"damage_healed":0,"gold_gain":0,"player_choice":"Removed Attack","damage_taken":0,"max_hp_gain":0,"max_hp_loss":0,"event_name":"Falling","floor":39,"gold_loss":0}],"is_beta":true,"boss_relics":[{"not_picked":["Coffee Dripper","Busted Crown"],"picked":"Eternal Feather"},{"not_picked":["Calling Bell","Runic Dome"],"picked":"Fusion Hammer"}],"items_purged_floors":[5,38,45],"is_endless":false,"potions_floor_spawned":[7,13,14,16,19,22,28,31,35,36,47],"killed_by":"Time Eater","ascension_level":20}