{"gold_per_floor":[20,20,20,40,51,86,98,125,163,175,18,90,90,115,115,186,186,204,479,489,215,215,215,215,227,227,227,227,246,246,260,260,336,336,347,174,188,19,34,34,47,3,3,3,103,132,150,150,150,150],"floor_reached":51,"playtime":2545,"items_purged":["Regret"],"score":1407,"play_id":"cce28676-1270-4d49-90d5-2a5ee1eed88f","local_time":"20190209181509","is_ascension_mode":true,"campfire_choices":[{"data":"Creative AI","floor":7.0,"key":"SMITH"},{"data":"Zap","floor":10.0,"key":"SMITH"},{"floor":13.0,"key":"REST"},{"floor":15.0,"key":"REST"},{"floor":23,"key":"REST"},{"data":"Buffer","floor":28,"key":"SMITH"},{"data":"Heatsinks","floor":30,"key":"SMITH"},{"data":"Force Field","floor":32,"key":"SMITH"},{"floor":40,"key":"REST"},{"data":"Glacier","floor":44,"key":"SMITH"},{"data":"Storm","floor":49,"key":"SMITH"}],"neow_cost":"NO_GOLD","seed_source_timestamp":667013880633472,"circlet_count":0,"master_deck":["AscendersBane","Strike_B+1","Strike_B+1","Defend_B+1","Defend_B+1","Defend_B+1","Defend_B+1","Zap+1","Dualcast","Creative AI+1","Sweeping Beam","Glacier+1","Leap","Force Field+1","Heatsinks+1","Electrodynamics","Buffer+1","Storm","Self Repair","Loop+1","Static Discharge","Loop+1","Storm+1"],"special_seed":0,"relics":["Cracked Core","MawBank","Art of War","Molten Egg 2","Blood Vial","Philosopher\u0027s Stone","Omamori","Singing Bowl","Gremlin Horn","Lizard Tail","Lantern","DataDisk","Darkstone Periapt","Incense Burner","Blue Candle"],"potions_floor_usage":[29,33,46,46,50],"damage_taken":[{"damage":3.0,"enemies":"Small Slimes","floor":1.0,"turns":3.0},{"damage":9.0,"enemies":"2 Louse","floor":4.0,"turns":3.0},{"damage":0.0,"enemies":"Cultist","floor":5.0,"turns":3.0},{"damage":8.0,"enemies":"Lagavulin","floor":6.0,"turns":10.0},{"damage":6.0,"enemies":"Red Slaver","floor":8.0,"turns":5.0},{"damage":24.0,"enemies":"Gremlin Nob","floor":14.0,"turns":4.0},{"damage":33.0,"enemies":"The Guardian","floor":16.0,"turns":10.0},{"damage":0.0,"enemies":"3 Byrds","floor":18.0,"turns":2.0},{"damage":48,"enemies":"2 Thieves","floor":20,"turns":4},{"damage":0,"enemies":"3 Cultists","floor":25,"turns":3},{"damage":6,"enemies":"Snecko","floor":29,"turns":5},{"damage":0,"enemies":"Centurion and Healer","floor":31,"turns":5},{"damage":0,"enemies":"Champ","floor":33,"turns":12},{"damage":1,"enemies":"3 Shapes","floor":35,"turns":4},{"damage":54,"enemies":"3 Darklings","floor":37,"turns":3},{"damage":0,"enemies":"4 Shapes","floor":39,"turns":2},{"damage":4,"enemies":"Sphere and 2 Shapes","floor":41,"turns":4},{"damage":10,"enemies":"Mind Bloom Boss Battle","floor":45,"turns":7},{"damage":21,"enemies":"Nemesis","floor":46,"turns":7},{"damage":0,"enemies":"Maw","floor":47,"turns":7},{"damage":77,"enemies":"Time Eater","floor":50,"turns":8}],"seed_played":"-8491574998988340893","potions_obtained":[{"floor":4.0,"key":"SpeedPotion"},{"floor":14.0,"key":"GamblersBrew"},{"floor":31,"key":"EssenceOfSteel"},{"floor":33,"key":"FearPotion"},{"floor":41,"key":"SpeedPotion"},{"floor":45,"key":"PowerPotion"},{"floor":46,"key":"Fire Potion"}],"is_trial":false,"path_per_floor":["M","?","?","M","M","E","R","M","T","R","$","T","R","E","R","B",null,"M","?","M","$","T","R","?","M","T","?","R","M","R","M","R","B",null,"M","$","M","$","M","R","M","$","T","R","?","E","M","?","R","B",null],"character_chosen":"DEFECT","items_purchased":["Electrodynamics","Self Repair","Omamori","Lantern","DataDisk","Static Discharge"],"campfire_rested":4,"item_purchase_floors":[11,21,21,36,38,42],"current_hp_per_floor":[61,61,61,52,52,44,44,38,38,38,38,38,59,35,56,25,60,62,62,16,16,16,37,37,46,46,46,46,51,51,55,55,66,74,79,79,34,34,45,69,76,76,76,76,75,65,74,74,74,50],"gold":150,"neow_bonus":"THREE_RARE_CARDS","is_prod":false,"is_daily":false,"chose_seed":false,"campfire_upgraded":7,"win_rate":0,"timestamp":1549736109,"path_taken":["M","?","?","?","M","E","R","M","T","R","$","?","R","E","R","BOSS","M","?","M","$","?","R","?","M","T","?","R","M","R","M","R","BOSS","M","?","M","$","M","R","M","$","T","R","?","E","?","?","R","BOSS"],"build_version":"2019-01-23","purchased_purges":1,"victory":true,"max_hp_per_floor":[71,71,71,71,71,71,71,71,71,71,71,71,71,71,71,71,71,71,71,71,71,71,71,71,71,71,71,71,73,73,75,75,77,77,79,79,81,81,83,83,85,85,85,85,85,87,87,87,87,87],"card_choices":[{"not_picked":["Amplify","Thunder Strike"],"picked":"Creative AI","floor":0.0},{"not_picked":["Streamline","Beam Cell"],"picked":"Sweeping Beam","floor":1.0},{"not_picked":["Cold Snap","Leap"],"picked":"Glacier","floor":4.0},{"not_picked":["Beam Cell","Redo"],"picked":"Leap","floor":5.0},{"not_picked":["Rebound","Scrape"],"picked":"Force Field","floor":6.0},{"not_picked":["Cold Snap","Barrage"],"picked":"Heatsinks","floor":8.0},{"not_picked":["Ball Lightning+1","Steam","Hello World"],"picked":"SKIP","floor":14.0},{"not_picked":["Reboot","Meteor Strike+1"],"picked":"Buffer","floor":16.0},{"not_picked":["Chaos","Redo","Leap"],"picked":"SKIP","floor":18.0},{"not_picked":["Doom and Gloom+1","Stack"],"picked":"Storm","floor":20},{"not_picked":["Rip and Tear+1","Reinforced Body"],"picked":"Loop+1","floor":25},{"not_picked":["Leap","Streamline+1","Gash+1"],"picked":"Singing Bowl","floor":29},{"not_picked":["Turbo","Cold Snap+1","Redo"],"picked":"Singing Bowl","floor":31},{"not_picked":["Machine Learning","Multi-Cast","Rainbow"],"picked":"Singing Bowl","floor":33},{"not_picked":["Gash+1","Reinforced Body","Tempest"],"picked":"Singing Bowl","floor":35},{"not_picked":["Leap","Coolheaded","Fusion+1"],"picked":"Singing Bowl","floor":37},{"not_picked":["Gash+1","Blizzard+1","Leap"],"picked":"Singing Bowl","floor":39},{"not_picked":["Cold Snap+1","Ball Lightning+1","Hello World"],"picked":"Singing Bowl","floor":41},{"not_picked":["Rip and Tear+1","Sunder+1"],"picked":"Loop+1","floor":45},{"not_picked":["Turbo+1","Rebound+1","Compile Driver+1"],"picked":"Singing Bowl","floor":46},{"not_picked":["Reprogram","All For One+1"],"picked":"Storm","floor":47}],"player_experience":1287724,"relics_obtained":[{"floor":6.0,"key":"MawBank"},{"floor":9.0,"key":"Art of War"},{"floor":12.0,"key":"Molten Egg 2"},{"floor":14.0,"key":"Blood Vial"},{"floor":22,"key":"Singing Bowl"},{"floor":26,"key":"Gremlin Horn"},{"floor":43,"key":"Darkstone Periapt"},{"floor":45,"key":"Incense Burner"},{"floor":46,"key":"Blue Candle"}],"event_choices":[{"damage_healed":0.0,"max_hp_gain":0.0,"max_hp_loss":0.0,"gold_gain":0.0,"event_name":"The Cleric","player_choice":"Leave","floor":2.0,"gold_loss":0.0,"damage_taken":0.0},{"damage_healed":0.0,"max_hp_gain":0.0,"max_hp_loss":0.0,"gold_gain":0.0,"event_name":"WeMeetAgain","player_choice":"Ignored","floor":3.0,"gold_loss":0.0,"damage_taken":0.0},{"damage_healed":0.0,"max_hp_gain":0.0,"max_hp_loss":0.0,"gold_gain":275.0,"event_name":"Golden Shrine","player_choice":"Desecrate","floor":19.0,"gold_loss":0.0,"damage_taken":0.0,"cards_obtained":["Regret"]},{"damage_healed":0,"gold_gain":0,"player_choice":"Simplicity","damage_taken":0,"max_hp_gain":0,"max_hp_loss":0,"event_name":"Back to Basics","floor":24,"gold_loss":0,"cards_upgraded":["Strike_B","Strike_B","Strike_B","Strike_B","Defend_B","Defend_B","Defend_B","Defend_B"]},{"cards_removed":["Strike_B"],"damage_healed":0,"gold_gain":0,"player_choice":"Purged","damage_taken":0,"max_hp_gain":0,"max_hp_loss":0,"event_name":"Purifier","floor":27,"gold_loss":0},{"damage_healed":0,"gold_gain":0,"player_choice":"Fight","damage_taken":0,"max_hp_gain":0,"max_hp_loss":0,"event_name":"MindBloom","floor":45,"gold_loss":0},{"cards_removed":["Strike_B"],"damage_healed":0,"gold_gain":0,"player_choice":"Removed Attack","damage_taken":0,"max_hp_gain":0,"max_hp_loss":0,"event_name":"Falling","floor":48,"gold_loss":0}],"is_beta":false,"boss_relics":[{"not_picked":["Velvet Choker","Tiny House"],"picked":"Philosopher\u0027s Stone"},{"not_picked":["Fusion Hammer","Pandora\u0027s Box"],"picked":"Lizard Tail"}],"items_purged_floors":[21],"is_endless":false,"potions_floor_spawned":[4,14,16,31,33,41,45,46],"ascension_level":19}