{"gold_per_floor":[109,109,109,384,397,397,408,441,487,502,502,514,528,543,543,543],"floor_reached":16,"playtime":641,"items_purged":[],"score":166,"play_id":"585bc8b8-cfb3-49f5-9c74-f47dabbb3e94","local_time":"20181227211404","is_ascension_mode":true,"campfire_choices":[{"data":"Auto Shields","floor":6,"key":"SMITH"},{"floor":11,"key":"REST"},{"data":"Loop","floor":15,"key":"SMITH"}],"neow_cost":"NONE","seed_source_timestamp":12411249101714,"circlet_count":0,"master_deck":["AscendersBane","Strike_B","Strike_B","Strike_B","Defend_B","Defend_B","Defend_B","Defend_B","Zap+1","Dualcast","Gash","Auto Shields+1","Sweeping Beam","Capacitor","Loop+1","BootSequence","Gash","Conserve Battery"],"relics":["Cracked Core","Omamori","Mango","Potion Belt"],"potions_floor_usage":[16,16,16,16],"damage_taken":[{"damage":2,"enemies":"Jaw Worm","floor":1,"turns":3},{"damage":4,"enemies":"Small Slimes","floor":5,"turns":4},{"damage":0,"enemies":"Cultist","floor":7,"turns":3},{"damage":30,"enemies":"Gremlin Nob","floor":8,"turns":5},{"damage":17,"enemies":"Looter","floor":10,"turns":3},{"damage":0,"enemies":"Large Slime","floor":12,"turns":5},{"damage":17,"enemies":"Lots of Slimes","floor":13,"turns":4},{"damage":7,"enemies":"3 Louse","floor":14,"turns":3},{"damage":16,"enemies":"Hexaghost","floor":16,"turns":9}],"seed_played":"-8878398814780367940","potions_obtained":[{"floor":1,"key":"Swift Potion"},{"floor":8,"key":"SneckoOil"},{"floor":10,"key":"SteroidPotion"},{"floor":12,"key":"Explosive Potion"}],"is_trial":false,"path_per_floor":["M","?","?","?","M","R","M","E","T","M","R","M","M","M","R","B"],"character_chosen":"DEFECT","items_purchased":[],"campfire_rested":1,"item_purchase_floors":[],"current_hp_per_floor":[66,63,63,63,59,59,59,43,43,26,52,52,35,28,28,12],"gold":543,"neow_bonus":"REMOVE_CARD","is_prod":false,"is_daily":false,"chose_seed":false,"campfire_upgraded":2,"win_rate":0,"timestamp":1545963244,"path_taken":["M","?","?","?","M","R","M","E","T","M","R","M","?","M","R","BOSS"],"build_version":"2018-12-20","purchased_purges":0,"victory":false,"max_hp_per_floor":[75,75,75,75,75,75,75,89,89,89,89,89,89,89,89,89],"card_choices":[{"not_picked":["Rip and Tear","Compile Driver"],"picked":"Gash","floor":1},{"not_picked":["Cold Snap","Fusion"],"picked":"Auto Shields","floor":5},{"not_picked":["Heatsinks","Barrage"],"picked":"Sweeping Beam","floor":7},{"not_picked":["Turbo","Heatsinks"],"picked":"Capacitor","floor":8},{"not_picked":["Sweeping Beam","Stack"],"picked":"Loop","floor":10},{"not_picked":["Rebound","Stack"],"picked":"BootSequence","floor":12},{"not_picked":["BootSequence","Leap"],"picked":"Gash","floor":13},{"not_picked":["Undo","Hologram"],"picked":"Conserve Battery","floor":14}],"player_experience":414137,"relics_obtained":[{"floor":8,"key":"Mango"},{"floor":9,"key":"Potion Belt"}],"event_choices":[{"damage_healed":0,"gold_gain":0,"player_choice":"Success","damage_taken":3,"relics_obtained":["Omamori"],"max_hp_gain":0,"max_hp_loss":0,"event_name":"Scrap Ooze","floor":2,"gold_loss":0},{"damage_healed":0,"gold_gain":0,"player_choice":"Grow","damage_taken":0,"max_hp_gain":0,"max_hp_loss":0,"event_name":"Living Wall","floor":3,"gold_loss":0,"cards_upgraded":["Zap"]},{"damage_healed":0,"gold_gain":275,"player_choice":"Desecrate","damage_taken":0,"max_hp_gain":0,"max_hp_loss":0,"event_name":"Golden Shrine","floor":4,"gold_loss":0,"cards_obtained":["Regret"]}],"is_beta":false,"boss_relics":[],"items_purged_floors":[],"is_endless":false,"potions_floor_spawned":[1,8,10,12,13],"killed_by":"Hexaghost","ascension_level":12}