{"gold_per_floor":[111,129,54,54,54,54,85,85,85,85,99,114,14,27,27,127,127,127,127,127,2,2,2,2,2,2,2,2,2,2,2,2,2,2,2,2,0,0,0,0,0,0,0,0,0,0,0,0,0,0],"floor_reached":50,"playtime":1423,"items_purged":["Strike_B","Regret","Strike_B"],"score":503,"play_id":"3a29fb0d-10e7-4052-bca5-ccd77d5e7144","local_time":"20181115230609","is_ascension_mode":false,"campfire_choices":[{"data":"Dualcast","floor":6,"key":"SMITH"},{"data":"Zap","floor":8,"key":"SMITH"},{"data":"Steam","floor":10,"key":"SMITH"},{"data":"Multi-Cast","floor":15,"key":"SMITH"},{"data":"Fission","floor":23,"key":"SMITH"},{"floor":25,"key":"REST"},{"data":"Defragment","floor":29,"key":"SMITH"},{"floor":32,"key":"REST"},{"floor":45,"key":"REST"},{"floor":49,"key":"REST"}],"neow_cost":"TEN_PERCENT_HP_LOSS","seed_source_timestamp":7748646882417,"circlet_count":0,"master_deck":["Defend_B","Defend_B","Defend_B","Defend_B","Zap+1","Dualcast+1","Doom and Gloom+1","Conserve Battery+1","Ball Lightning","Multi-Cast+1","Doom and Gloom","Fission+1","Conserve Battery","Loop","Thunder Strike","Redo","Defragment+1","FTL+1","Fission","Madness","Madness"],"relics":["Cracked Core","Symbiotic Virus","Regal Pillow","Kunai","Ectoplasm","Pear","Omamori","Molten Egg 2","Art of War","Cables","Busted Crown","Red Mask","Oddly Smooth Stone","Darkstone Periapt"],"potions_floor_usage":[27,50],"damage_taken":[{"damage":1,"enemies":"Jaw Worm","floor":1,"turns":3},{"damage":0,"enemies":"2 Louse","floor":2,"turns":2},{"damage":12,"enemies":"Lagavulin","floor":7,"turns":6},{"damage":2,"enemies":"Cultist","floor":11,"turns":3},{"damage":2,"enemies":"Large Slime","floor":12,"turns":2},{"damage":0,"enemies":"Lots of Slimes","floor":14,"turns":3},{"damage":8,"enemies":"Slime Boss","floor":16,"turns":6},{"damage":0,"enemies":"Spheric Guardian","floor":18,"turns":3},{"damage":0,"enemies":"Shell Parasite","floor":20,"turns":2},{"damage":53,"enemies":"Book of Stabbing","floor":24,"turns":6},{"damage":28,"enemies":"Gremlin Leader","floor":27,"turns":4},{"damage":0,"enemies":"Snecko","floor":31,"turns":2},{"damage":52,"enemies":"Collector","floor":33,"turns":6},{"damage":10,"enemies":"3 Darklings","floor":35,"turns":4},{"damage":0,"enemies":"Orb Walker","floor":39,"turns":2},{"damage":41,"enemies":"Maw","floor":40,"turns":6},{"damage":7,"enemies":"Spire Growth","floor":41,"turns":2},{"damage":0,"enemies":"Transient","floor":44,"turns":5},{"damage":46,"enemies":"Maw","floor":48,"turns":8},{"damage":71,"enemies":"Time Eater","floor":50,"turns":5}],"seed_played":"-7765453442773621743","potions_obtained":[{"floor":7,"key":"Poison Potion"},{"floor":12,"key":"Energy Potion"},{"floor":16,"key":"LiquidBronze"},{"floor":18,"key":"FocusPotion"},{"floor":27,"key":"FearPotion"},{"floor":41,"key":"Fire Potion"},{"floor":44,"key":"SpeedPotion"}],"is_trial":false,"path_per_floor":["M","M","$","?","?","R","E","R","T","R","M","M","$","M","R","B",null,"M","?","M","$","?","R","E","R","T","E","$","R","?","M","R","B",null,"M","?","?","?","M","M","M","?","T","M","R","T","$","M","R","B"],"character_chosen":"DEFECT","items_purchased":[],"campfire_rested":4,"item_purchase_floors":[],"current_hp_per_floor":[67,67,67,67,53,53,41,41,41,41,39,37,37,37,37,29,68,68,78,78,78,78,78,25,63,63,35,35,35,35,35,73,21,78,68,58,58,58,58,17,10,10,10,10,48,48,48,2,40,0],"gold":0,"neow_bonus":"TRANSFORM_TWO_CARDS","is_prod":false,"is_daily":false,"chose_seed":false,"campfire_upgraded":6,"win_rate":0,"timestamp":1542290769,"path_taken":["M","M","$","?","?","R","E","R","T","R","M","?","?","M","R","BOSS","M","?","?","$","?","R","E","R","T","E","?","R","?","M","R","BOSS","M","?","?","?","M","?","M","?","T","M","R","?","$","M","R","BOSS"],"build_version":"2018-11-08","purchased_purges":3,"victory":false,"max_hp_per_floor":[68,68,68,68,68,68,68,68,68,68,68,68,68,68,68,68,68,68,78,78,78,78,78,78,78,78,78,78,78,78,78,78,78,78,78,78,78,78,78,78,78,78,78,78,78,78,78,78,78,78],"card_choices":[{"not_picked":["Barrage","Turbo"],"picked":"Conserve Battery","floor":1},{"not_picked":["Lockon","Force Field","Scrape"],"picked":"SKIP","floor":2},{"not_picked":["Hologram","Recycle"],"picked":"Chill","floor":7},{"not_picked":["Leap","Undo"],"picked":"Ball Lightning","floor":11},{"not_picked":["Ball Lightning","Beam Cell"],"picked":"Multi-Cast","floor":12},{"not_picked":["Coolheaded","Undo"],"picked":"Doom and Gloom","floor":14},{"not_picked":["Hyperbeam","Core Surge"],"picked":"Fission","floor":16},{"not_picked":["Fusion","Loop"],"picked":"Conserve Battery","floor":18},{"not_picked":["Melter","Gash"],"picked":"Loop","floor":20},{"not_picked":["Beam Cell","Cold Snap"],"picked":"Redo","floor":24},{"not_picked":["Heatsinks","FTL+1"],"picked":"Defragment","floor":27},{"not_picked":["Hologram","Cold Snap+1"],"picked":"FTL+1","floor":31},{"not_picked":["Reboot","Thunder Strike+1"],"picked":"Fission","floor":33},{"not_picked":["Coolheaded"],"picked":"SKIP","floor":35},{"not_picked":["Melter+1"],"picked":"SKIP","floor":39},{"not_picked":["Tempest+1"],"picked":"SKIP","floor":40},{"not_picked":["Compile Driver+1"],"picked":"SKIP","floor":41},{"not_picked":["Steam Power"],"picked":"SKIP","floor":44},{"not_picked":["Beam Cell+1"],"picked":"SKIP","floor":48}],"player_experience":567352,"relics_obtained":[{"floor":7,"key":"Regal Pillow"},{"floor":9,"key":"Kunai"},{"floor":24,"key":"Omamori"},{"floor":26,"key":"Molten Egg 2"},{"floor":27,"key":"Art of War"},{"floor":43,"key":"Oddly Smooth Stone"},{"floor":46,"key":"Darkstone Periapt"}],"event_choices":[{"damage_healed":0,"gold_gain":0,"player_choice":"Box","damage_taken":0,"relics_obtained":["Symbiotic Virus"],"max_hp_gain":0,"max_hp_loss":0,"event_name":"Big Fish","floor":4,"gold_loss":0,"cards_obtained":["Regret"]},{"damage_healed":0,"gold_gain":0,"player_choice":"Entered Light","damage_taken":14,"max_hp_gain":0,"max_hp_loss":0,"event_name":"Shining Light","floor":5,"gold_loss":0,"cards_upgraded":["Doom and Gloom","Conserve Battery"]},{"cards_removed":["Chill"],"damage_healed":0,"gold_gain":0,"player_choice":"Gave Card","damage_taken":0,"relics_obtained":["Pear"],"max_hp_gain":0,"max_hp_loss":0,"event_name":"WeMeetAgain","floor":19,"gold_loss":0},{"damage_healed":0,"gold_gain":0,"player_choice":"1 cards matched","damage_taken":0,"max_hp_gain":0,"max_hp_loss":0,"event_name":"Match and Keep!","floor":22,"gold_loss":0,"cards_obtained":["Thunder Strike"]},{"damage_healed":0,"gold_gain":0,"player_choice":"Stole Relic","damage_taken":0,"relics_obtained":["Cables"],"max_hp_gain":0,"max_hp_loss":0,"event_name":"Addict","floor":30,"gold_loss":0,"cards_obtained":["Shame"]},{"damage_healed":0,"gold_gain":0,"player_choice":"Embrace Madness","damage_taken":10,"max_hp_gain":0,"max_hp_loss":0,"event_name":"Winding Halls","floor":36,"gold_loss":0,"cards_obtained":["Madness","Madness"]},{"damage_healed":0,"gold_gain":0,"player_choice":"Paid","damage_taken":0,"relics_obtained":["Red Mask"],"max_hp_gain":0,"max_hp_loss":0,"event_name":"Tomb of Lord Red Mask","floor":37,"gold_loss":2},{"cards_removed":["Steam"],"damage_healed":0,"gold_gain":0,"player_choice":"Removed Skill","damage_taken":0,"max_hp_gain":0,"max_hp_loss":0,"event_name":"Falling","floor":38,"gold_loss":0},{"damage_healed":0,"gold_gain":0,"player_choice":"Ignored","damage_taken":0,"max_hp_gain":0,"max_hp_loss":0,"event_name":"Mysterious Sphere","floor":42,"gold_loss":0}],"is_beta":false,"boss_relics":[{"not_picked":["Pandora\u0027s Box","FrozenCore"],"picked":"Ectoplasm"},{"not_picked":["Lizard Tail","Runic Pyramid"],"picked":"Busted Crown"}],"items_purged_floors":[3,13,21],"is_endless":false,"potions_floor_spawned":[7,12,16,18,24,27,33,39,41,44],"killed_by":"Time Eater","ascension_level":0}