{"gold_per_floor":[113,129,145,158,171,200,200,212,258,284,284,301,317,57,57,161,161,172,156,174,185,199,199,199],"floor_reached":24,"playtime":2431,"items_purged":[],"score":216,"play_id":"e073238a-0ba4-41fa-ad1e-28bee3cc4913","local_time":"20181225233742","is_ascension_mode":false,"campfire_choices":[{"data":"Creative AI","floor":7.0,"key":"SMITH"},{"floor":11.0,"key":"REST"},{"floor":15.0,"key":"REST"},{"floor":23,"key":"REST"}],"neow_cost":"NONE","seed_source_timestamp":0,"circlet_count":0,"master_deck":["Strike_B","Strike_B","Strike_B","Strike_B","Defend_B","Defend_B","Defend_B","Defend_B","Zap","Dualcast","Loop","Cold Snap","Coolheaded","Sunder","Creative AI+1","Darkness","Redo","Hello World","White Noise","Rainbow","White Noise","Barrage+1","Conserve Battery+1","Reprogram","Consume"],"special_seed":0,"relics":["Cracked Core","Orichalcum","Potion Belt","Happy Flower","Incense Burner","Bottled Tornado","Sozu"],"potions_floor_usage":[],"damage_taken":[{"damage":0.0,"enemies":"Small Slimes","floor":1.0,"turns":4.0},{"damage":2.0,"enemies":"Jaw Worm","floor":2.0,"turns":4.0},{"damage":0.0,"enemies":"Cultist","floor":3.0,"turns":4.0},{"damage":4.0,"enemies":"Blue Slaver","floor":4.0,"turns":4.0},{"damage":14.0,"enemies":"Exordium Thugs","floor":5.0,"turns":9.0},{"damage":16.0,"enemies":"Gremlin Nob","floor":6.0,"turns":4.0},{"damage":21.0,"enemies":"Exordium Wildlife","floor":8.0,"turns":7.0},{"damage":8.0,"enemies":"Lagavulin","floor":10.0,"turns":6.0},{"damage":9.0,"enemies":"Red Slaver","floor":12.0,"turns":5.0},{"damage":13.0,"enemies":"Lots of Slimes","floor":13.0,"turns":4.0},{"damage":25.0,"enemies":"The Guardian","floor":16.0,"turns":10.0},{"damage":11.0,"enemies":"Chosen","floor":18.0,"turns":5.0},{"damage":21.0,"enemies":"2 Thieves","floor":19.0,"turns":4.0},{"damage":22.0,"enemies":"Sentry and Sphere","floor":20.0,"turns":6.0},{"damage":9,"enemies":"Cultist and Chosen","floor":21,"turns":6},{"damage":0,"enemies":"Snake Plant","floor":22,"turns":4},{"damage":40,"enemies":"Slavers","floor":24,"turns":3}],"seed_played":"9041227225233970911","potions_obtained":[{"floor":2.0,"key":"Energy Potion"},{"floor":4.0,"key":"FocusPotion"},{"floor":6.0,"key":"EssenceOfSteel"},{"floor":8.0,"key":"SteroidPotion"},{"floor":10.0,"key":"SkillPotion"}],"is_trial":false,"path_per_floor":["M","M","M","M","M","E","R","M","T","E","R","M","M","$","R","B",null,"M","M","M","M","M","R","E"],"character_chosen":"DEFECT","items_purchased":["Bottled Tornado"],"campfire_rested":3,"item_purchase_floors":[14],"current_hp_per_floor":[75,73,73,69,55,39,39,18,18,10,32,23,10,10,32,7,75,64,43,21,12,12,34,0],"gold":199,"neow_bonus":"RANDOM_COMMON_RELIC","is_prod":false,"is_daily":false,"chose_seed":false,"campfire_upgraded":1,"win_rate":0.0,"timestamp":1545777462,"path_taken":["M","M","M","M","M","E","R","M","T","E","R","M","M","$","R","BOSS","M","M","M","M","M","R","E"],"build_version":"2018-12-20","purchased_purges":0,"victory":false,"max_hp_per_floor":[75,75,75,75,75,75,75,75,75,75,75,75,75,75,75,75,75,75,75,75,75,75,75,75],"card_choices":[{"not_picked":["Sweeping Beam","Steam","Gash"],"picked":"SKIP","floor":1.0},{"not_picked":["Steam Power","Gash"],"picked":"Loop","floor":2.0},{"not_picked":["Steam Power","Aggregate"],"picked":"Cold Snap","floor":3.0},{"not_picked":["Steam","Rebound"],"picked":"Coolheaded","floor":4.0},{"not_picked":["Compile Driver","Redo"],"picked":"Sunder","floor":5.0},{"not_picked":["FTL","Heatsinks"],"picked":"Creative AI","floor":6.0},{"not_picked":["Coolheaded","Hologram"],"picked":"Darkness","floor":8.0},{"not_picked":["Darkness","Rip and Tear"],"picked":"Redo","floor":10.0},{"not_picked":["Steam","Go for the Eyes"],"picked":"Hello World","floor":12.0},{"not_picked":["Conserve Battery","Rebound"],"picked":"White Noise","floor":13.0},{"not_picked":["Biased Cognition","Machine Learning"],"picked":"Rainbow","floor":16.0},{"not_picked":["Streamline+1","Go for the Eyes"],"picked":"White Noise","floor":18.0},{"not_picked":["Genetic Algorithm","Rebound+1"],"picked":"Barrage+1","floor":19.0},{"not_picked":["Auto Shields","Ball Lightning"],"picked":"Conserve Battery+1","floor":20.0},{"not_picked":["Sweeping Beam+1","Fission"],"picked":"Reprogram","floor":21},{"not_picked":["Streamline","Leap"],"picked":"Consume","floor":22}],"player_experience":43320,"relics_obtained":[{"floor":6.0,"key":"Potion Belt"},{"floor":9.0,"key":"Happy Flower"},{"floor":10.0,"key":"Incense Burner"}],"event_choices":[],"is_beta":false,"boss_relics":[{"not_picked":["Snecko Eye","Cursed Key"],"picked":"Sozu"}],"items_purged_floors":[],"is_endless":false,"potions_floor_spawned":[2,4,6,8,10,20,21],"killed_by":"Slavers","ascension_level":0}