{"gold_per_floor":[110,110,121,139,64,89,89,120,193,193,368,382,392,417,417,518,518,538,550,244,244,37,37,68,68,68,0,0,20,40,56,56,155,155,167,167,117,127,143,143,143],"floor_reached":41,"playtime":3214,"items_purged":["Strike_R","Doubt","Strike_R","Strike_R"],"score":547,"play_id":"4fbd77a8-4d2b-44fd-abc0-59091eeb6ffc","local_time":"20190120223746","is_ascension_mode":true,"campfire_choices":[{"floor":7.0,"key":"REST"},{"data":"Armaments","floor":10.0,"key":"SMITH"},{"data":"Bludgeon","floor":15.0,"key":"SMITH"},{"data":"Demon Form","floor":23.0,"key":"SMITH"},{"floor":28.0,"key":"REST"},{"floor":32.0,"key":"REST"},{"floor":40,"key":"RECALL"}],"neow_cost":"PERCENT_DAMAGE","seed_source_timestamp":0,"circlet_count":0,"master_deck":["Strike_R","Strike_R","Defend_R","Defend_R+1","Defend_R","Defend_R+1","Bash","Clothesline","Armaments+1","Evolve","Metallicize","Perfected Strike","Bludgeon+1","Warcry","Feel No Pain","Demon Form+1","Metallicize","Shrug It Off+1","Blood for Blood","Heavy Blade+1","Rage","Barricade","Uppercut+1","Fire Breathing","Armaments+1","Parasite","Headbutt+1"],"special_seed":0,"relics":["Burning Blood","Thread and Needle","Bird Faced Urn","Smiling Mask","Kunai","Potion Belt","Velvet Choker","Bottled Flame","War Paint","Blood Vial","Nilry\u0027s Codex","Self Forming Clay","White Beast Statue"],"potions_floor_usage":[39,41,41],"damage_taken":[{"damage":0.0,"enemies":"2 Louse","floor":1.0,"turns":3.0},{"damage":0.0,"enemies":"Cultist","floor":3.0,"turns":3.0},{"damage":0.0,"enemies":"Jaw Worm","floor":4.0,"turns":4.0},{"damage":47.0,"enemies":"Gremlin Nob","floor":6.0,"turns":7.0},{"damage":15.0,"enemies":"3 Sentries","floor":8.0,"turns":10.0},{"damage":2.0,"enemies":"3 Louse","floor":12.0,"turns":5.0},{"damage":5.0,"enemies":"2 Fungi Beasts","floor":13.0,"turns":4.0},{"damage":10.0,"enemies":"Gremlin Nob","floor":14.0,"turns":4.0},{"damage":21.0,"enemies":"The Guardian","floor":16.0,"turns":12.0},{"damage":0.0,"enemies":"Chosen","floor":18.0,"turns":4.0},{"damage":26.0,"enemies":"2 Thieves","floor":19.0,"turns":4.0},{"damage":53.0,"enemies":"Slavers","floor":24.0,"turns":7.0},{"damage":32.0,"enemies":"Snecko","floor":29.0,"turns":6.0},{"damage":25.0,"enemies":"Chosen and Byrds","floor":30.0,"turns":7.0},{"damage":23.0,"enemies":"Cultist and Chosen","floor":31.0,"turns":7.0},{"damage":46.0,"enemies":"Automaton","floor":33.0,"turns":12.0},{"damage":9,"enemies":"Orb Walker","floor":35,"turns":4},{"damage":17,"enemies":"3 Darklings","floor":38,"turns":5},{"damage":13,"enemies":"Writhing Mass","floor":39,"turns":6},{"damage":103,"enemies":"Giant Head","floor":41,"turns":8}],"seed_played":"8773448018192312425","potions_obtained":[{"floor":4.0,"key":"Dexterity Potion"},{"floor":12.0,"key":"LiquidBronze"},{"floor":14.0,"key":"BloodPotion"},{"floor":16.0,"key":"PowerPotion"},{"floor":18.0,"key":"AttackPotion"},{"floor":29.0,"key":"Regen Potion"},{"floor":31.0,"key":"SkillPotion"},{"floor":35,"key":"SteroidPotion"},{"floor":38,"key":"SpeedPotion"},{"floor":39,"key":"Poison Potion"}],"is_trial":false,"path_per_floor":["M","?","M","M","$","E","R","E","T","R","?","M","M","E","R","B",null,"M","M","$","?","$","R","E","?","T","?","R","M","M","M","R","B",null,"M","?","$","M","M","R","E"],"character_chosen":"IRONCLAD","items_purchased":["Bottled Flame","War Paint"],"campfire_rested":3,"item_purchase_floors":[20,22],"current_hp_per_floor":[62,62,68,74,74,33,57,52,52,52,52,58,61,59,59,50,80,80,62,62,62,62,62,33,17,17,17,41,27,35,28,52,28,80,77,77,77,71,72,72,0],"gold":143,"neow_bonus":"ONE_RARE_RELIC","is_prod":false,"is_daily":false,"chose_seed":false,"campfire_upgraded":3,"win_rate":0,"timestamp":1548041866,"path_taken":["M","?","M","?","$","E","R","E","T","R","?","M","M","E","R","BOSS","M","M","$","?","$","R","E","?","T","?","R","M","?","M","R","BOSS","M","?","?","M","M","R","E"],"build_version":"2019-01-17v2","purchased_purges":4,"victory":false,"max_hp_per_floor":[80,80,80,80,80,80,80,80,80,80,80,80,80,80,80,80,80,80,80,80,80,80,80,80,80,80,80,80,80,80,80,80,80,80,80,80,80,80,80,80,80],"card_choices":[{"not_picked":["Heavy Blade","Flex"],"picked":"Clothesline","floor":1.0},{"not_picked":["Entrench","Burning Pact"],"picked":"Armaments","floor":3.0},{"not_picked":["Body Slam","Thunderclap"],"picked":"Evolve","floor":4.0},{"not_picked":["Disarm","Pummel"],"picked":"Metallicize","floor":6.0},{"not_picked":["Thunderclap","Blood for Blood"],"picked":"Perfected Strike","floor":8.0},{"not_picked":["Anger","Thunderclap"],"picked":"Bludgeon","floor":12.0},{"not_picked":["Armaments","Second Wind"],"picked":"Warcry","floor":13.0},{"not_picked":["Double Tap","Armaments"],"picked":"Feel No Pain","floor":14.0},{"not_picked":["Berserk","Immolate"],"picked":"Demon Form","floor":16.0},{"not_picked":["Headbutt+1","Armaments"],"picked":"Metallicize","floor":18.0},{"not_picked":["Hemokinesis","Dual Wield"],"picked":"Shrug It Off+1","floor":19.0},{"not_picked":["Clash+1","Clothesline"],"picked":"Blood for Blood","floor":24.0},{"not_picked":["Blood for Blood","Wild Strike"],"picked":"Heavy Blade+1","floor":29.0},{"not_picked":["Twin Strike","Clash"],"picked":"Rage","floor":30.0},{"not_picked":["Dual Wield","Wild Strike","Bludgeon"],"picked":"SKIP","floor":31.0},{"not_picked":["Bludgeon","Juggernaut"],"picked":"Barricade","floor":33.0},{"not_picked":["Dual Wield+1","Armaments"],"picked":"Uppercut+1","floor":35},{"not_picked":["Sword Boomerang","Heavy Blade+1"],"picked":"Armaments+1","floor":38},{"not_picked":["Heavy Blade+1","Flex"],"picked":"Headbutt+1","floor":39}],"player_experience":265446,"relics_obtained":[{"floor":6.0,"key":"Bird Faced Urn"},{"floor":8.0,"key":"Smiling Mask"},{"floor":9.0,"key":"Kunai"},{"floor":14.0,"key":"Potion Belt"},{"floor":24.0,"key":"Blood Vial"},{"floor":25.0,"key":"Nilry\u0027s Codex"},{"floor":26.0,"key":"Self Forming Clay"}],"event_choices":[{"damage_healed":0.0,"max_hp_gain":0.0,"max_hp_loss":0.0,"gold_gain":0.0,"event_name":"The Woman in Blue","player_choice":"Bought 0 Potions","floor":2.0,"gold_loss":0.0,"damage_taken":0.0},{"damage_healed":0.0,"max_hp_gain":0.0,"max_hp_loss":0.0,"gold_gain":175.0,"event_name":"Liars Game","player_choice":"AGREE","floor":11.0,"gold_loss":0.0,"damage_taken":0.0,"cards_obtained":["Doubt"]},{"damage_healed":0.0,"max_hp_gain":0.0,"max_hp_loss":0.0,"gold_gain":0.0,"event_name":"Vampires","player_choice":"Ignored","floor":21.0,"gold_loss":0.0,"damage_taken":0.0},{"damage_healed":0.0,"max_hp_gain":0.0,"max_hp_loss":0.0,"gold_gain":0.0,"event_name":"Cursed Tome","player_choice":"Obtained Book","floor":25.0,"gold_loss":0.0,"damage_taken":16.0},{"damage_healed":0.0,"max_hp_gain":0.0,"max_hp_loss":0.0,"gold_gain":0.0,"event_name":"Masked Bandits","player_choice":"Paid Fearfully","floor":27.0,"gold_loss":68.0,"damage_taken":0.0},{"damage_healed":0,"gold_gain":0,"player_choice":"1 cards matched","damage_taken":0,"max_hp_gain":0,"max_hp_loss":0,"event_name":"Match and Keep!","floor":36,"gold_loss":0,"cards_obtained":["Fire Breathing"]}],"is_beta":false,"boss_relics":[{"not_picked":["Orrery","Sozu"],"picked":"Velvet Choker"},{"not_picked":["Black Star","Philosopher\u0027s Stone"],"picked":"White Beast Statue"}],"items_purged_floors":[5,20,22,37],"is_endless":false,"potions_floor_spawned":[4,12,14,16,18,29,31,35,38,39],"killed_by":"Giant Head","ascension_level":4}