{"path_per_floor":["M","M","?","$","M","R","E","R","T","R","?","M","E","$","R","B",null,"M","?","?","$","M","E","M","R","T","R","E","M","R","M","R","B",null,"M","M","M","$","M","R","?","R","T","R","M","M","M","M","R"],"character_chosen":"IRONCLAD","items_purchased":["Inflame","Flex","Iron Wave","Calipers","Flex"],"gold_per_floor":[115,132,132,54,66,66,94,94,170,170,170,184,218,139,139,240,240,257,257,172,172,187,215,225,225,225,225,257,275,275,287,287,385,385,399,418,438,15,28,28,0,0,48,48,61,80,96,108,108,108],"floor_reached":50,"campfire_rested":1,"playtime":2908,"current_hp_per_floor":[80,80,80,80,80,80,72,72,72,72,72,70,80,80,80,60,87,73,73,73,73,77,86,87,87,87,87,84,88,88,68,68,47,97,86,97,87,87,77,77,77,77,77,77,82,97,77,69,97,0],"items_purged":["Strike_R"],"gold":108,"score":544,"play_id":"03315b8a-819e-4195-81d6-bcb1696aa940","local_time":"20180328164545","is_prod":false,"is_daily":false,"is_ascension_mode":false,"campfire_upgraded":11,"timestamp":1522269945,"path_taken":["M","M","?","?","M","R","E","R","T","R","?","M","E","$","R","BOSS","M","?","?","?","M","E","?","R","T","R","E","M","R","M","R","BOSS","M","?","?","$","?","R","?","R","T","R","M","M","M","M","R","BOSS"],"build_version":"2018-03-22v2","purchased_purges":1,"victory":false,"master_deck":["Strike_R","Strike_R","Strike_R","Strike_R","Defend_R","Defend_R","Defend_R","Sword Boomerang+1","Cleave","Inflame+1","Flex+1","Twin Strike","Iron Wave+1","Flex+1","Iron Wave+1","Limit Break+1","Feel No Pain+1","Seeing Red+1","Burning Pact","Heavy Blade+1","Heavy Blade+1","Sword Boomerang+1","Exhume","Cleave+1","Sword Boomerang+1","Flex+1","Berserk"],"max_hp_per_floor":[80,80,80,80,80,80,80,80,80,80,80,80,87,87,87,87,87,87,87,87,87,87,87,87,87,87,87,97,97,97,97,97,97,97,97,97,97,97,97,97,97,97,97,97,97,97,97,97,97,97],"relics":["Black Blood","Pen Nib","Matryoshka","Strawberry","Velvet Choker","Magic Flower","Happy Flower","Bag of Preparation","Sundial","Pear","Calipers","Red Mask","Blood Vial","Bottled Tornado"],"card_choices":[{"not_picked":["Perfected Strike","Reckless Charge"],"picked":"Sword Boomerang","floor":1},{"not_picked":["Second Wind","Reckless Charge"],"picked":"Cleave","floor":2},{"not_picked":["Iron Wave","Intimidate"],"picked":"Flex","floor":5},{"not_picked":["Exhume","Headbutt"],"picked":"Twin Strike","floor":7},{"not_picked":["Ghostly Armor","Pommel Strike"],"picked":"Iron Wave","floor":12},{"not_picked":["Demon Form","Double Tap"],"picked":"Limit Break","floor":16},{"not_picked":["Clothesline","Clash"],"picked":"Feel No Pain","floor":18},{"not_picked":["Bloodletting","Clothesline"],"picked":"Seeing Red","floor":22},{"not_picked":["Bloodletting","Clash"],"picked":"Burning Pact","floor":23},{"not_picked":["True Grit","Warcry"],"picked":"Heavy Blade","floor":24},{"not_picked":["Demon Form","Shrug It Off"],"picked":"Heavy Blade","floor":28},{"not_picked":["Seeing Red","Clash"],"picked":"Sword Boomerang","floor":31},{"not_picked":["Brutality","Dark Embrace"],"picked":"Exhume","floor":33},{"not_picked":["Havoc","Anger"],"picked":"Cleave","floor":36},{"not_picked":["Perfected Strike","Blood for Blood"],"picked":"Sword Boomerang","floor":37},{"not_picked":["Thunderclap","Corruption"],"picked":"Berserk","floor":47}],"player_experience":44316,"potions_floor_usage":[13,13,16,16,24,37,45,48,50],"damage_taken":[{"damage":6,"enemies":"2 Louse","floor":1,"turns":3},{"damage":0,"enemies":"Small Slimes","floor":2,"turns":3},{"damage":1,"enemies":"Cultist","floor":5,"turns":3},{"damage":14,"enemies":"3 Sentries","floor":7,"turns":5},{"damage":8,"enemies":"Large Slime","floor":12,"turns":3},{"damage":3,"enemies":"Lagavulin","floor":13,"turns":4},{"damage":26,"enemies":"Hexaghost","floor":16,"turns":8},{"damage":20,"enemies":"2 Thieves","floor":18,"turns":3},{"damage":5,"enemies":"Shell Parasite","floor":22,"turns":4},{"damage":0,"enemies":"Gremlin Leader","floor":23,"turns":3},{"damage":0,"enemies":"Sentry and Sphere","floor":24,"turns":3},{"damage":22,"enemies":"Book of Stabbing","floor":28,"turns":4},{"damage":5,"enemies":"Snecko","floor":29,"turns":3},{"damage":29,"enemies":"Slaver and Parasite","floor":31,"turns":4},{"damage":30,"enemies":"Champ","floor":33,"turns":6},{"damage":26,"enemies":"3 Shapes","floor":35,"turns":2},{"damage":0,"enemies":"Orb Walker","floor":36,"turns":2},{"damage":25,"enemies":"4 Shapes","floor":37,"turns":4},{"damage":25,"enemies":"3 Darklings","floor":39,"turns":3},{"damage":33,"enemies":"Maw","floor":45,"turns":6},{"damage":0,"enemies":"Sphere and 2 Shapes","floor":46,"turns":4},{"damage":35,"enemies":"4 Shapes","floor":47,"turns":2},{"damage":26,"enemies":"Maw","floor":48,"turns":5},{"damage":101,"enemies":"Awakened One","floor":50,"turns":5}],"event_choices":[{"event_name":"Living Wall","player_choice":"Forget","floor":3,"damage_taken":0},{"event_name":"Bonfire Elementals","player_choice":"BASIC","floor":11,"damage_taken":0},{"event_name":"Drug Dealer","player_choice":"Ignored","floor":19,"damage_taken":0},{"event_name":"Addict","player_choice":"Obtained Relic","floor":20,"damage_taken":0},{"event_name":"Tomb of Lord Red Mask","player_choice":"Paid","floor":41,"damage_taken":0}],"boss_relics":[{"not_picked":["Astrolabe","Runic Dome"],"picked":"Velvet Choker"},{"not_picked":["Cursed Key","Question Card"],"picked":"Black Blood"}],"potions_floor_spawned":[2,5,7,13,22,33,36,45,46],"seed_played":"8675350713610542585","killed_by":"Awakened One","ascension_level":0,"is_trial":false}