{"gold_per_floor":[110,185,196,121,121,121,147,147,172,172,198,233,248,218,218,316,316,326,241,340,265,285,285,360,360,360,360,360,378,396,147,147,248,248,260,280,82,82,82,82,82,0,0,16,27,27,46,66,66,66,66,66,66,101,101],"floor_reached":55,"playtime":1837,"items_purged":["Strike_R","Strike_R"],"score":701,"play_id":"dd19a1db-e9d0-41ee-9942-a9ab26a1252a","local_time":"20181223233838","is_ascension_mode":false,"campfire_choices":[{"data":"Flex","floor":6,"key":"SMITH"},{"data":"Evolve","floor":8,"key":"SMITH"},{"data":"Armaments","floor":15,"key":"SMITH"},{"data":"Flame Barrier","floor":23,"key":"SMITH"},{"floor":25,"key":"RECALL"},{"data":"Heavy Blade","floor":28,"key":"SMITH"},{"data":"Limit Break","floor":32,"key":"SMITH"},{"data":"Limit Break","floor":40,"key":"SMITH"},{"data":"Thinking Ahead","floor":49,"key":"SMITH"},{"data":"Barricade","floor":52,"key":"SMITH"}],"neow_cost":"NONE","seed_source_timestamp":540940596877140,"circlet_count":0,"master_deck":["Defend_R","Defend_R","Defend_R","Bash","Flex+1","Evolve+1","Cleave","Barricade+1","Heavy Blade+1","Armaments+1","Impervious","Flame Barrier+1","Dropkick+1","Warcry","Limit Break+1","Inflame","Limit Break+1","Blood for Blood+1","Flame Barrier+1","Second Wind+1","Shockwave","Inflame+1","Limit Break+1","Thinking Ahead+1","Shrug It Off+1","Iron Wave+1","Shockwave"],"relics":["Burning Blood","NeowsBlessing","Bag of Preparation","Art of War","Omamori","PreservedInsect","Velvet Choker","Meat on the Bone","Matryoshka","Shuriken","Molten Egg 2","Astrolabe","DollysMirror","Red Mask","Centennial Puzzle","Dream Catcher","Blood Vial"],"potions_floor_usage":[10,33,33,45,55,55],"damage_taken":[{"damage":0,"enemies":"Small Slimes","floor":1,"turns":1},{"damage":0,"enemies":"Jaw Worm","floor":3,"turns":1},{"damage":0,"enemies":"Gremlin Nob","floor":7,"turns":1},{"damage":22,"enemies":"3 Sentries","floor":12,"turns":6},{"damage":4,"enemies":"2 Louse","floor":13,"turns":2},{"damage":0,"enemies":"Looter","floor":14,"turns":4},{"damage":57,"enemies":"The Guardian","floor":16,"turns":13},{"damage":23,"enemies":"Shell Parasite","floor":18,"turns":7},{"damage":5,"enemies":"Chosen","floor":22,"turns":5},{"damage":29,"enemies":"Colosseum Slavers","floor":27,"turns":4},{"damage":18,"enemies":"Snake Plant","floor":29,"turns":5},{"damage":0,"enemies":"Snecko","floor":30,"turns":5},{"damage":47,"enemies":"Collector","floor":33,"turns":7},{"damage":29,"enemies":"3 Darklings","floor":35,"turns":6},{"damage":4,"enemies":"3 Shapes","floor":36,"turns":6},{"damage":27,"enemies":"Transient","floor":44,"turns":5},{"damage":24,"enemies":"Jaw Worm Horde","floor":45,"turns":4},{"damage":0,"enemies":"Maw","floor":47,"turns":4},{"damage":9,"enemies":"Sphere and 2 Shapes","floor":48,"turns":4},{"damage":40,"enemies":"Awakened One","floor":50,"turns":10},{"damage":14,"enemies":"Shield and Spear","floor":54,"turns":5},{"damage":86,"enemies":"The Heart","floor":55,"turns":3}],"seed_played":"-847877950687891840","potions_obtained":[{"floor":1,"key":"LiquidBronze"},{"floor":7,"key":"Fruit Juice"},{"floor":22,"key":"SkillPotion"},{"floor":29,"key":"Poison Potion"},{"floor":30,"key":"BloodPotion"},{"floor":35,"key":"Swift Potion"},{"floor":44,"key":"Poison Potion"}],"is_trial":false,"path_per_floor":["M","?","M","$","?","R","E","R","T","?","T","E","M","M","R","B",null,"M","?","?","?","M","R","T","R","T","?","R","M","M","$","R","B",null,"M","M","$","?","$","R","?","?","T","M","M","$","M","M","R","B",null,"R","$","E","B"],"character_chosen":"IRONCLAD","items_purchased":["Limit Break","Inflame","DollysMirror"],"campfire_rested":0,"item_purchase_floors":[31,31,37],"current_hp_per_floor":[80,69,75,75,68,68,74,74,74,84,84,68,70,76,76,25,90,73,73,73,73,74,74,74,74,74,63,63,63,69,69,69,49,90,67,69,69,69,69,69,69,69,69,60,54,54,60,57,57,35,90,90,90,82,0],"gold":101,"neow_bonus":"THREE_ENEMY_KILL","is_prod":false,"is_daily":false,"chose_seed":false,"campfire_upgraded":9,"win_rate":0,"timestamp":1545575918,"path_taken":["M","?","M","$","?","R","E","R","T","?","?","E","M","M","R","BOSS","M","?","?","?","M","R","?","R","T","?","R","M","M","$","R","BOSS","M","M","$","?","$","R","?","?","T","M","M","?","?","M","R","BOSS","R","$","E","BOSS"],"build_version":"2018-12-20","purchased_purges":2,"victory":false,"max_hp_per_floor":[80,80,80,80,80,80,80,80,80,90,90,90,90,90,90,90,90,90,90,90,90,90,90,90,90,90,90,90,90,90,90,90,90,90,90,90,90,90,90,90,90,90,90,90,90,90,90,90,90,90,90,90,90,90,90],"card_choices":[{"not_picked":["Reckless Charge","Havoc"],"picked":"Flex","floor":1},{"not_picked":["Twin Strike","Flex"],"picked":"Evolve","floor":3},{"not_picked":["Twin Strike","Clothesline"],"picked":"Cleave","floor":7},{"not_picked":["Infernal Blade","Battle Trance"],"picked":"Barricade","floor":12},{"not_picked":["Dropkick","Bloodletting"],"picked":"Heavy Blade","floor":13},{"not_picked":["Anger","Fire Breathing"],"picked":"Armaments","floor":14},{"not_picked":["Brutality","Offering"],"picked":"Impervious","floor":16},{"not_picked":["Metallicize","Wild Strike+1"],"picked":"Flame Barrier","floor":18},{"not_picked":["Second Wind","Rupture+1","Headbutt+1"],"picked":"SKIP","floor":22},{"not_picked":["Heavy Blade+1","Power Through"],"picked":"Dropkick+1","floor":29},{"not_picked":["Heavy Blade+1","Anger+1"],"picked":"Warcry","floor":30},{"not_picked":["Juggernaut","Impervious"],"picked":"Limit Break","floor":33},{"not_picked":["Shrug It Off+1","True Grit"],"picked":"Shockwave","floor":35},{"not_picked":["Heavy Blade+1","Clothesline+1"],"picked":"Inflame+1","floor":36},{"not_picked":["Discovery","Deep Breath"],"picked":"Thinking Ahead","floor":41},{"not_picked":["Uppercut+1","Sword Boomerang+1"],"picked":"Shrug It Off+1","floor":44},{"not_picked":["Cleave+1","Anger+1","Burning Pact+1"],"picked":"SKIP","floor":45},{"not_picked":["Warcry","Hemokinesis+1"],"picked":"Iron Wave+1","floor":47},{"not_picked":["Sever Soul+1","Bloodletting+1"],"picked":"Shockwave","floor":48},{"not_picked":["Cleave+1","Fire Breathing","Double Tap"],"picked":"SKIP","floor":54}],"player_experience":651026,"relics_obtained":[{"floor":7,"key":"Art of War"},{"floor":11,"key":"Omamori"},{"floor":12,"key":"PreservedInsect"},{"floor":24,"key":"Matryoshka"},{"floor":26,"key":"Shuriken"},{"floor":26,"key":"Molten Egg 2"},{"floor":43,"key":"Centennial Puzzle"},{"floor":43,"key":"Dream Catcher"},{"floor":54,"key":"Blood Vial"}],"event_choices":[{"damage_healed":0,"gold_gain":75,"player_choice":"Gather Gold","damage_taken":11,"max_hp_gain":0,"max_hp_loss":0,"event_name":"World of Goop","floor":2,"gold_loss":0},{"damage_healed":0,"gold_gain":0,"player_choice":"Success","damage_taken":7,"relics_obtained":["Bag of Preparation"],"max_hp_gain":0,"max_hp_loss":0,"event_name":"Scrap Ooze","floor":5,"gold_loss":0},{"damage_healed":0,"gold_gain":0,"player_choice":"Donut","damage_taken":0,"max_hp_gain":5,"max_hp_loss":0,"event_name":"Big Fish","floor":10,"gold_loss":0},{"damage_healed":0,"gold_gain":0,"player_choice":"Obtained Relic","damage_taken":0,"relics_obtained":["Meat on the Bone"],"max_hp_gain":0,"max_hp_loss":0,"event_name":"Addict","floor":19,"gold_loss":85},{"damage_healed":0,"gold_gain":99,"player_choice":"Stole From Cult","damage_taken":0,"max_hp_gain":0,"max_hp_loss":0,"event_name":"Nest","floor":20,"gold_loss":0},{"cards_removed":["Strike_R"],"damage_healed":0,"gold_gain":0,"player_choice":"Gave Gold","damage_taken":0,"max_hp_gain":0,"max_hp_loss":0,"event_name":"Beggar","floor":21,"gold_loss":75},{"damage_healed":0,"gold_gain":0,"player_choice":"Fight","damage_taken":0,"max_hp_gain":0,"max_hp_loss":0,"event_name":"Colosseum","floor":27,"gold_loss":0},{"damage_healed":0,"gold_gain":0,"player_choice":"Fled From Nobs","damage_taken":0,"max_hp_gain":0,"max_hp_loss":0,"event_name":"Colosseum","floor":27,"gold_loss":0},{"damage_healed":0,"gold_gain":0,"player_choice":"Ignored","damage_taken":0,"max_hp_gain":0,"max_hp_loss":0,"event_name":"Mysterious Sphere","floor":38,"gold_loss":0},{"damage_healed":0,"gold_gain":0,"player_choice":"Memory 1","damage_taken":0,"max_hp_gain":0,"max_hp_loss":0,"event_name":"SensoryStone","floor":41,"gold_loss":0},{"damage_healed":0,"gold_gain":0,"player_choice":"Paid","damage_taken":0,"relics_obtained":["Red Mask"],"max_hp_gain":0,"max_hp_loss":0,"event_name":"Tomb of Lord Red Mask","floor":42,"gold_loss":82}],"is_beta":false,"boss_relics":[{"not_picked":["Busted Crown","Black Blood"],"picked":"Velvet Choker"},{"not_picked":["Calling Bell","White Beast Statue"],"picked":"Astrolabe"}],"items_purged_floors":[4,31],"is_endless":false,"potions_floor_spawned":[1,7,22,29,30,35,44],"killed_by":"The Heart","ascension_level":0}