{"gold_per_floor":[212,212,226,237,187,187,198,198,247,91,91,104,120,120,120,219,219,234,244,76,89,103,103,132,144,156,168,180,218,247,270,282,390,402,430,216,235,254,265,265,296,296,296,296,351,370,381,26,26,26],"floor_reached":50,"playtime":4765,"items_purged":["Strike_G","Strike_G","Defend_G"],"score":511,"play_id":"8ea197cb-5209-4b78-b500-04858984a9f5","local_time":"20180817202300","is_ascension_mode":false,"campfire_choices":[{"data":"Neutralize","floor":6,"key":"SMITH"},{"data":"Footwork","floor":8,"key":"SMITH"},{"data":"Deadly Poison","floor":11,"key":"SMITH"},{"floor":15,"key":"REST"},{"data":"Burst","floor":23,"key":"SMITH"},{"data":"Footwork","floor":25,"key":"SMITH"},{"data":"Crippling Poison","floor":28,"key":"SMITH"},{"data":"Footwork","floor":32,"key":"SMITH"},{"floor":40,"key":"REST"},{"floor":42,"key":"REST"},{"floor":49,"key":"REST"}],"neow_cost":"NONE","seed_source_timestamp":80266001721165,"circlet_count":0,"master_deck":["Defend_G","Defend_G","Defend_G","Defend_G","Survivor","Neutralize+1","Backflip","Deadly Poison+1","Poisoned Stab","Footwork+1","Escape Plan","Outmaneuver","Endless Agony","Dagger Spray","Burst+1","Escape Plan+1","Blade Dance+1","Footwork+1","Blade Dance+1","Cloak And Dagger","Prepared","Crippling Poison+1","Endless Agony+1","Footwork+1","Cloak And Dagger+1","Night Terror","PiercingWail+1","Accuracy","Bane","Deadly Poison+1","All Out Attack+1","Catalyst+1","Dagger Throw+1","Dodge and Roll+1","Finisher+1","Distraction","Infinite Blades+1","Noxious Fumes+1","Infinite Blades","Calculated Gamble","Crippling Poison"],"relics":["Ring of the Snake","Anchor","Dream Catcher","Sozu","MawBank","Bag of Preparation","Red Mask","Empty Cage","Vajra","Matryoshka","Centennial Puzzle","Dead Branch","Nunchaku","TwistedFunnel"],"potions_floor_usage":[47,50],"damage_taken":[{"damage":1,"enemies":"Jaw Worm","floor":1,"turns":8},{"damage":2,"enemies":"Small Slimes","floor":3,"turns":5},{"damage":5,"enemies":"Cultist","floor":4,"turns":4},{"damage":9,"enemies":"Large Slime","floor":7,"turns":6},{"damage":6,"enemies":"2 Fungi Beasts","floor":12,"turns":4},{"damage":0,"enemies":"Blue Slaver","floor":13,"turns":3},{"damage":12,"enemies":"Hexaghost","floor":16,"turns":9},{"damage":0,"enemies":"3 Byrds","floor":18,"turns":6},{"damage":10,"enemies":"Shell Parasite","floor":19,"turns":6},{"damage":8,"enemies":"3 Cultists","floor":21,"turns":8},{"damage":2,"enemies":"Snake Plant","floor":22,"turns":5},{"damage":14,"enemies":"Book of Stabbing","floor":24,"turns":6},{"damage":0,"floor":29,"turns":3},{"damage":0,"enemies":"Centurion and Healer","floor":30,"turns":5},{"damage":1,"enemies":"3 Cultists","floor":31,"turns":6},{"damage":21,"enemies":"Collector","floor":33,"turns":11},{"damage":1,"enemies":"Flame Bruiser 1 Orb","floor":35,"turns":4},{"damage":5,"enemies":"3 Darklings","floor":37,"turns":6},{"damage":12,"enemies":"Flame Bruiser 2 Orb","floor":38,"turns":6},{"damage":38,"enemies":"Sphere and 2 Shapes","floor":39,"turns":7},{"damage":15,"enemies":"Nemesis","floor":41,"turns":6},{"damage":20,"floor":45,"turns":4},{"damage":0,"enemies":"Transient","floor":46,"turns":5},{"damage":0,"enemies":"Flame Bruiser 2 Orb","floor":47,"turns":5},{"damage":60,"enemies":"Donu and Deca","floor":50,"turns":5}],"seed_played":"9136410564103451354","potions_obtained":[{"floor":3,"key":"Ancient Potion"},{"floor":4,"key":"Dexterity Potion"},{"floor":13,"key":"Strength Potion"},{"floor":14,"key":"FairyPotion"},{"floor":14,"key":"GhostInAJar"}],"is_trial":false,"path_per_floor":["M","?","M","M","?","R","M","R","T","$","R","M","M","?","R","B",null,"M","M","$","M","M","R","E","R","T","?","R","?","M","M","R","B",null,"M","$","M","M","M","R","E","R","T","T","?","M","M","$","R"],"character_chosen":"THE_SILENT","items_purchased":["Escape Plan","Footwork","Accuracy","Bane","Infinite Blades","TwistedFunnel","Calculated Gamble"],"campfire_rested":4,"item_purchase_floors":[10,20,36,36,48,48,48],"current_hp_per_floor":[69,36,34,29,29,29,20,20,20,20,20,14,14,14,35,23,70,70,60,60,52,50,50,36,36,36,36,36,36,36,35,35,14,70,69,69,64,52,14,35,20,41,41,41,21,21,21,21,42,0],"gold":26,"neow_bonus":"HUNDRED_GOLD","is_prod":false,"is_daily":false,"chose_seed":false,"campfire_upgraded":7,"win_rate":0,"timestamp":1534504980,"path_taken":["M","?","?","M","?","R","M","R","T","$","R","M","M","?","R","BOSS","M","?","$","M","M","R","E","R","T","?","R","?","?","?","R","BOSS","M","$","M","?","M","R","E","R","T","?","?","M","?","$","R","BOSS"],"build_version":"2018-08-16","purchased_purges":3,"victory":false,"max_hp_per_floor":[70,70,70,70,70,70,70,70,70,70,70,70,70,70,70,70,70,70,70,70,70,70,70,70,70,70,70,70,70,70,70,70,70,70,70,70,70,70,70,70,70,70,70,70,70,70,70,70,70,70],"card_choices":[{"not_picked":["Acrobatics","Sucker Punch"],"picked":"Backflip","floor":1},{"not_picked":["Slice","All Out Attack"],"picked":"Deadly Poison","floor":3},{"not_picked":["All Out Attack","Leg Sweep"],"picked":"Poisoned Stab","floor":4},{"not_picked":["Backstab","Setup"],"picked":"Footwork","floor":7},{"not_picked":["Reflex","Slice"],"picked":"Outmaneuver","floor":12},{"not_picked":["Dagger Throw","Dash"],"picked":"Endless Agony","floor":13},{"not_picked":["Finisher","Blur"],"picked":"Dagger Spray","floor":15},{"not_picked":["Grand Finale","Malaise"],"picked":"Burst","floor":16},{"not_picked":["Quick Slash","Eviscerate"],"picked":"Escape Plan+1","floor":18},{"not_picked":["Dagger Throw+1","Quick Slash"],"picked":"Blade Dance+1","floor":19},{"not_picked":["Prepared+1","Phantasmal Killer"],"picked":"Blade Dance+1","floor":21},{"not_picked":["Tactician+1","Reflex"],"picked":"Cloak And Dagger","floor":22},{"not_picked":["Sucker Punch+1","Flying Knee"],"picked":"Prepared","floor":24},{"not_picked":["Terror","Prepared"],"picked":"Endless Agony+1","floor":29},{"not_picked":["Outmaneuver","Deflect"],"picked":"Footwork","floor":30},{"not_picked":["Heel Hook","Sucker Punch"],"picked":"Cloak And Dagger+1","floor":31},{"not_picked":["Wraith Form v2","Venomology"],"picked":"Night Terror","floor":33},{"not_picked":["Slice+1","Outmaneuver+1"],"picked":"PiercingWail+1","floor":35},{"not_picked":["Underhanded Strike+1","Finisher+1"],"picked":"Deadly Poison+1","floor":37},{"not_picked":["Backstab+1","Dagger Spray+1"],"picked":"All Out Attack+1","floor":38},{"not_picked":["PiercingWail+1","Prepared+1"],"picked":"Catalyst+1","floor":39},{"not_picked":["Deadly Poison","Acrobatics"],"picked":"Dagger Throw+1","floor":40},{"not_picked":["Caltrops","Doppelganger"],"picked":"Dodge and Roll+1","floor":41},{"not_picked":["Flying Knee+1","Slice"],"picked":"Finisher+1","floor":42},{"not_picked":["Leg Sweep","Slice"],"picked":"Distraction","floor":45},{"not_picked":["Flying Knee+1","Deflect"],"picked":"Infinite Blades+1","floor":46},{"not_picked":["Accuracy+1","After Image"],"picked":"Noxious Fumes+1","floor":47},{"not_picked":["Dodge and Roll","Acrobatics+1"],"picked":"Crippling Poison","floor":49}],"player_experience":330347,"relics_obtained":[{"floor":9,"key":"Dream Catcher"},{"floor":24,"key":"MawBank"},{"floor":26,"key":"Bag of Preparation"},{"floor":29,"key":"Red Mask"},{"floor":41,"key":"Vajra"},{"floor":43,"key":"Matryoshka"},{"floor":44,"key":"Centennial Puzzle"},{"floor":44,"key":"Dead Branch"},{"floor":45,"key":"Nunchaku"}],"event_choices":[{"event_name":"Scrap Ooze","player_choice":"success","floor":2,"damage_taken":33},{"event_name":"The Cleric","player_choice":"Card Removal","floor":5,"damage_taken":0},{"event_name":"The Lab","player_choice":"Got Potions","floor":14,"damage_taken":0},{"event_name":"The Library","player_choice":"Read","floor":27,"damage_taken":0},{"event_name":"Masked Bandits","player_choice":"Fought Bandits","floor":29,"damage_taken":0},{"event_name":"Mysterious Sphere","player_choice":"Fight","floor":45,"damage_taken":0}],"is_beta":true,"boss_relics":[{"not_picked":["Runic Pyramid","Fusion Hammer"],"picked":"Sozu"},{"not_picked":["Ring of the Serpent","Astrolabe"],"picked":"Empty Cage"}],"items_purged_floors":[10,20,36],"is_endless":false,"potions_floor_spawned":[3,4,13,24,30,35,38,39,41],"killed_by":"Donu and Deca","ascension_level":0}