{"gold_per_floor":[14,30,30,105,105,133,20,20,20,51,63,92,115,137,149,161],"floor_reached":16,"playtime":601,"items_purged":["Strike_B"],"score":163,"play_id":"3a220067-5cd6-4898-ba6b-4b63b39893d4","local_time":"20181106221705","is_ascension_mode":true,"campfire_choices":[{"data":"Glacier","floor":8,"key":"SMITH"},{"data":"Zap","floor":15,"key":"SMITH"}],"neow_cost":"NO_GOLD","seed_source_timestamp":264942480657051,"circlet_count":0,"master_deck":["AscendersBane","Strike_B","Strike_B","Strike_B","Defend_B","Defend_B","Defend_B","Defend_B","Zap+1","Dualcast","Melter","Capacitor","Machine Learning","Glacier+1","Turbo","Go for the Eyes","Stack"],"relics":["Cracked Core","Mercury Hourglass","MawBank"],"potions_floor_usage":[6,16],"damage_taken":[{"damage":4,"enemies":"Jaw Worm","floor":1,"turns":4},{"damage":12,"enemies":"Small Slimes","floor":2,"turns":2},{"damage":37,"enemies":"Lagavulin","floor":6,"turns":8},{"damage":0,"enemies":"2 Louse","floor":10,"turns":3},{"damage":12,"enemies":"Blue Slaver","floor":12,"turns":4},{"damage":7,"enemies":"Looter","floor":13,"turns":3},{"damage":1,"enemies":"Exordium Thugs","floor":14,"turns":5},{"damage":27,"enemies":"Hexaghost","floor":16,"turns":15}],"seed_played":"-5762097773963066504","potions_obtained":[{"floor":2,"key":"Fire Potion"},{"floor":10,"key":"Swift Potion"}],"is_trial":false,"path_per_floor":["M","M","?","?","?","E","$","R","T","M","$","M","M","M","R","B"],"character_chosen":"DEFECT","items_purchased":["Glacier"],"campfire_rested":0,"item_purchase_floors":[7],"current_hp_per_floor":[78,66,66,55,84,47,47,47,47,47,47,35,28,27,27,0],"gold":161,"neow_bonus":"TWENTY_PERCENT_HP_BONUS","is_prod":false,"is_daily":false,"chose_seed":false,"campfire_upgraded":2,"win_rate":0,"timestamp":1541510225,"path_taken":["M","M","?","?","?","E","$","R","T","M","?","M","?","M","R","BOSS"],"build_version":"2018-11-01","purchased_purges":1,"victory":false,"max_hp_per_floor":[89,89,89,89,89,89,89,89,89,89,89,89,89,89,89,89],"card_choices":[{"not_picked":["Redo","Sweeping Beam"],"picked":"Melter","floor":1},{"not_picked":["Barrage","Heatsinks"],"picked":"Capacitor","floor":2},{"not_picked":["White Noise","Rebound"],"picked":"Machine Learning","floor":6},{"not_picked":["Reinforced Body","Sweeping Beam"],"picked":"Turbo","floor":10},{"not_picked":["Rebound","Auto Shields"],"picked":"Go for the Eyes","floor":12},{"not_picked":["Compile Driver","Steam Power","Sweeping Beam"],"picked":"SKIP","floor":13},{"not_picked":["Hologram","Rip and Tear"],"picked":"Stack","floor":14}],"player_experience":556247,"relics_obtained":[{"floor":6,"key":"Mercury Hourglass"},{"floor":9,"key":"MawBank"}],"event_choices":[{"damage_healed":0,"gold_gain":0,"player_choice":"Leave","damage_taken":0,"max_hp_gain":0,"max_hp_loss":0,"event_name":"The Cleric","floor":3,"gold_loss":0},{"damage_healed":0,"gold_gain":75,"player_choice":"Gather Gold","damage_taken":11,"max_hp_gain":0,"max_hp_loss":0,"event_name":"World of Goop","floor":4,"gold_loss":0},{"damage_healed":29,"gold_gain":0,"player_choice":"Banana","damage_taken":0,"max_hp_gain":0,"max_hp_loss":0,"event_name":"Big Fish","floor":5,"gold_loss":0}],"is_beta":false,"boss_relics":[],"items_purged_floors":[7],"is_endless":false,"potions_floor_spawned":[2,10],"killed_by":"Hexaghost","ascension_level":12}