{"gold_per_floor":[116,136,61,211,211,239,95,121,121,121,131,146,166,221,221,221],"floor_reached":16,"playtime":463,"items_purged":["Doubt"],"score":236,"play_id":"48d993b1-1aae-48a5-a513-c66c5bb5710a","local_time":"20181229180247","is_ascension_mode":true,"campfire_choices":[{"data":"Coolheaded","floor":10,"key":"SMITH"},{"data":"Darkness","floor":15,"key":"SMITH"}],"neow_cost":"NONE","seed_source_timestamp":173911694410143,"circlet_count":0,"master_deck":["AscendersBane","Strike_B","Strike_B","Strike_B","Defend_B","Defend_B","Defend_B","Defend_B","Zap","Dualcast","Coolheaded+1","Doom and Gloom+1","Electrodynamics","Storm","Genetic Algorithm","Hologram","Undo","Go for the Eyes","Darkness+1"],"relics":["Cracked Core","NeowsBlessing","Question Card","Happy Flower","Calipers","Centennial Puzzle"],"potions_floor_usage":[16,16,16],"damage_taken":[{"damage":0,"enemies":"Small Slimes","floor":1,"turns":1},{"damage":0,"enemies":"Jaw Worm","floor":2,"turns":1},{"damage":0,"enemies":"3 Sentries","floor":6,"turns":1},{"damage":29,"enemies":"Gremlin Nob","floor":8,"turns":4},{"damage":0,"enemies":"Cultist","floor":11,"turns":3},{"damage":6,"enemies":"Looter","floor":12,"turns":2},{"damage":5,"enemies":"2 Fungi Beasts","floor":13,"turns":2},{"damage":18,"enemies":"Lagavulin Event","floor":14,"turns":7},{"damage":10,"enemies":"Hexaghost","floor":16,"turns":7}],"seed_played":"-2519464931425751685","potions_obtained":[{"floor":1,"key":"SteroidPotion"},{"floor":8,"key":"Fire Potion"},{"floor":11,"key":"EntropicBrew"}],"is_trial":false,"path_per_floor":["M","M","?","?","?","E","$","E","T","R","M","M","M","?","R","B"],"character_chosen":"DEFECT","items_purchased":["Storm"],"campfire_rested":0,"item_purchase_floors":[7],"current_hp_per_floor":[64,64,64,64,64,64,64,35,35,35,35,29,24,6,6,0],"gold":221,"neow_bonus":"THREE_ENEMY_KILL","is_prod":false,"is_daily":false,"chose_seed":false,"campfire_upgraded":2,"win_rate":0,"timestamp":1546124567,"path_taken":["M","M","?","?","?","E","?","E","T","R","?","M","M","?","R","BOSS"],"build_version":"2018-12-20","purchased_purges":1,"victory":false,"max_hp_per_floor":[71,71,71,71,71,71,71,71,71,71,71,71,71,71,71,71],"card_choices":[{"not_picked":["Streamline","Conserve Battery"],"picked":"Coolheaded","floor":1},{"not_picked":["Compile Driver","Gash"],"picked":"Doom and Gloom","floor":2},{"not_picked":["Skim","FTL"],"picked":"Electrodynamics","floor":6},{"not_picked":["Reprogram","Stack","Steam"],"picked":"Genetic Algorithm","floor":8},{"not_picked":["Leap","Stack","Tempest"],"picked":"Hologram","floor":11},{"not_picked":["Gash","Doom and Gloom","Barrage"],"picked":"Undo","floor":12},{"not_picked":["FTL","Leap","Hologram"],"picked":"Go for the Eyes","floor":13},{"not_picked":["Turbo","Machine Learning","Coolheaded"],"picked":"Darkness","floor":14}],"player_experience":433216,"relics_obtained":[{"floor":6,"key":"Question Card"},{"floor":8,"key":"Happy Flower"},{"floor":9,"key":"Calipers"},{"floor":14,"key":"Centennial Puzzle"}],"event_choices":[{"cards_removed":["Strike_B"],"damage_healed":0,"gold_gain":0,"player_choice":"Card Removal","damage_taken":0,"max_hp_gain":0,"max_hp_loss":0,"event_name":"The Cleric","floor":3,"gold_loss":75},{"damage_healed":0,"gold_gain":150,"player_choice":"AGREE","damage_taken":0,"max_hp_gain":0,"max_hp_loss":0,"event_name":"Liars Game","floor":4,"gold_loss":0,"cards_obtained":["Doubt"]},{"damage_healed":0,"gold_gain":0,"player_choice":"Grow","damage_taken":0,"max_hp_gain":0,"max_hp_loss":0,"event_name":"Living Wall","floor":5,"gold_loss":0,"cards_upgraded":["Doom and Gloom"]},{"damage_healed":0,"gold_gain":30,"player_choice":"Searched \u00272\u0027 times","damage_taken":0,"max_hp_gain":0,"max_hp_loss":0,"event_name":"Dead Adventurer","floor":14,"gold_loss":0}],"is_beta":false,"boss_relics":[],"items_purged_floors":[7],"is_endless":false,"potions_floor_spawned":[1,8,11,12],"killed_by":"Hexaghost","ascension_level":15}