{"gold_per_floor":[111,111,128,145,158,188,188,220,243,255,255,274,274,2,2,99,99,119,119,129,148,159,159,159,84,384,416,55,55,55,5,5,101,101,112,0,10,10,10],"floor_reached":39,"playtime":4086,"items_purged":["Strike_B","Defend_B"],"score":454,"play_id":"707c55c6-8e0f-4bab-a02e-916681368b26","local_time":"20180930221356","is_ascension_mode":true,"campfire_choices":[{"floor":7.0,"key":"REST"},{"floor":11.0,"key":"REST"},{"data":"Streamline","floor":13.0,"key":"SMITH"},{"data":"Consume","floor":15.0,"key":"SMITH"},{"data":"Ghostly","floor":30,"key":"SMITH"},{"data":"Metamorphosis","floor":32,"key":"SMITH"}],"neow_cost":"NONE","seed_source_timestamp":1453423946337622,"circlet_count":0,"master_deck":["Strike_B","Strike_B","Defend_B","Defend_B","Zap","Dualcast","Streamline+1","Conserve Battery","Loop","Hologram","Gash","Melter","Ball Lightning","Consume+1","All For One","Sweeping Beam","FTL","Ball Lightning","Conserve Battery+1","Streamline","Metamorphosis+1","Core Surge","Ghostly","Ghostly","Ghostly","Ghostly","Ghostly+1","Machine Learning","Sweeping Beam+1","Ball Lightning+1"],"special_seed":0,"relics":["FrozenCore","NeowsBlessing","Pen Nib","Omamori","Vajra","Toy Ornithopter","Empty Cage","Old Coin","Juzu Bracelet","Red Mask","Calipers"],"potions_floor_usage":[21,33,35],"damage_taken":[{"damage":0.0,"enemies":"Small Slimes","floor":1.0,"turns":1.0},{"damage":0.0,"enemies":"2 Louse","floor":3.0,"turns":1.0},{"damage":0.0,"enemies":"Cultist","floor":4.0,"turns":1.0},{"damage":0.0,"enemies":"Large Slime","floor":5.0,"turns":5.0},{"damage":19.0,"enemies":"Lagavulin","floor":6.0,"turns":6.0},{"damage":29.0,"enemies":"Gremlin Nob","floor":8.0,"turns":4.0},{"damage":10.0,"enemies":"Looter","floor":10.0,"turns":3.0},{"damage":7.0,"enemies":"2 Fungi Beasts","floor":12.0,"turns":3.0},{"damage":17.0,"enemies":"The Guardian","floor":16.0,"turns":8.0},{"damage":30.0,"enemies":"3 Byrds","floor":18.0,"turns":4.0},{"damage":0.0,"enemies":"Chosen","floor":20.0,"turns":4.0},{"damage":33,"enemies":"Centurion and Healer","floor":21,"turns":4},{"damage":16,"enemies":"Snake Plant","floor":22,"turns":3},{"damage":44,"enemies":"Book of Stabbing","floor":27,"turns":6},{"damage":35,"enemies":"Collector","floor":33,"turns":8},{"damage":4,"enemies":"Orb Walker","floor":35,"turns":4},{"damage":13,"enemies":"3 Darklings","floor":37,"turns":6},{"damage":15,"enemies":"Mind Bloom Boss Battle","floor":38,"turns":8},{"damage":11,"enemies":"Reptomancer","floor":39,"turns":6}],"seed_played":"-5710214663377778306","potions_obtained":[{"floor":5.0,"key":"Explosive Potion"},{"floor":6.0,"key":"SteroidPotion"},{"floor":10.0,"key":"PowerPotion"},{"floor":16.0,"key":"Fire Potion"},{"floor":20,"key":"Block Potion"},{"floor":33,"key":"AttackPotion"},{"floor":37,"key":"SteroidPotion"}],"is_trial":false,"path_per_floor":["M","?","M","M","M","E","R","E","T","M","R","M","R","$","R","B",null,"M","?","M","M","M","?","?","$","T","E","$","?","R","$","R","B",null,"M","?","M","?"],"character_chosen":"DEFECT","items_purchased":["Toy Ornithopter","Consume","Metamorphosis","Core Surge","SkillPotion"],"campfire_rested":2,"item_purchase_floors":[14,14,28,28,31],"current_hp_per_floor":[75,80,80,80,80,61,80,51,51,41,65,58,58,58,58,46,80,55,55,55,27,11,11,80,80,80,36,36,36,36,36,36,6,40,39,39,26,11,0],"gold":10,"neow_bonus":"THREE_ENEMY_KILL","is_prod":false,"is_daily":false,"chose_seed":false,"campfire_upgraded":4,"win_rate":0,"timestamp":1538360036,"path_taken":["M","?","M","M","M","E","R","E","T","?","R","M","R","$","R","BOSS","M","?","M","M","M","?","?","$","T","E","$","?","R","$","R","BOSS","M","?","M","?","M"],"build_version":"2018-09-27","purchased_purges":2,"victory":false,"max_hp_per_floor":[75,80,80,80,80,80,80,80,80,80,80,80,80,80,80,80,80,80,80,80,80,80,80,80,80,80,80,80,40,40,40,40,40,40,40,40,40,40,40],"card_choices":[{"not_picked":["Compile Driver","Conserve Battery"],"picked":"Streamline","floor":1.0},{"not_picked":["Gash","Compile Driver"],"picked":"Conserve Battery","floor":3.0},{"not_picked":["Rebound","Double Energy"],"picked":"Loop","floor":4.0},{"not_picked":["Cold Snap","Compile Driver"],"picked":"Hologram","floor":5.0},{"not_picked":["BootSequence","Echo Form"],"picked":"Gash","floor":6.0},{"not_picked":["Recycle","Stack"],"picked":"Melter","floor":8.0},{"not_picked":["Chaos","Self Repair"],"picked":"Ball Lightning","floor":10.0},{"not_picked":["Hologram","Coolheaded","Loop"],"picked":"SKIP","floor":12.0},{"not_picked":["Buffer","Thunder Strike"],"picked":"All For One","floor":16.0},{"not_picked":["Turbo","Undo+1"],"picked":"Sweeping Beam","floor":18.0},{"not_picked":["Scrape","Reinforced Body"],"picked":"Capacitor+1","floor":20},{"not_picked":["Coolheaded","Recycle"],"picked":"Ball Lightning","floor":21},{"not_picked":["Beam Cell","Rip and Tear+1"],"picked":"Conserve Battery+1","floor":22},{"not_picked":["Rebound","Sweeping Beam","Beam Cell"],"picked":"SKIP","floor":27},{"not_picked":["Thunder Strike","Creative AI"],"picked":"Machine Learning","floor":33},{"not_picked":["Leap","BootSequence+1"],"picked":"Sweeping Beam+1","floor":35},{"not_picked":["Sweeping Beam","Barrage+1","Melter"],"picked":"SKIP","floor":37},{"not_picked":["Reprogram","Blizzard"],"picked":"Ball Lightning+1","floor":38}],"player_experience":134842,"relics_obtained":[{"floor":6.0,"key":"Pen Nib"},{"floor":8.0,"key":"Omamori"},{"floor":9.0,"key":"Vajra"},{"floor":26,"key":"Old Coin"},{"floor":27,"key":"Juzu Bracelet"},{"floor":38,"key":"Calipers"}],"event_choices":[{"event_name":"Big Fish","player_choice":"Donut","floor":2.0,"damage_taken":0.0},{"event_name":"The Library","player_choice":"Read","floor":19.0,"damage_taken":0.0},{"event_name":"Match and Keep!","player_choice":"1 cards matched","floor":23,"damage_taken":0},{"event_name":"Bonfire Elementals","player_choice":"UNCOMMON","floor":24,"damage_taken":0},{"event_name":"Ghosts","player_choice":"Became a Ghost","floor":29,"damage_taken":0},{"event_name":"Tomb of Lord Red Mask","player_choice":"Paid","floor":36,"damage_taken":0},{"event_name":"MindBloom","player_choice":"Fight","floor":38,"damage_taken":0}],"is_beta":false,"boss_relics":[{"not_picked":["Tiny House","Ectoplasm"],"picked":"Empty Cage"},{"not_picked":["Coffee Dripper","White Beast Statue"],"picked":"FrozenCore"}],"items_purged_floors":[25,28],"is_endless":false,"potions_floor_spawned":[5,6,10,16,20,33,37],"killed_by":"Reptomancer","ascension_level":1}