{"gold_per_floor":[114,189,189,114,289,289,304,133,133,133,151,164,164,64,64,160,160,170,10,10,20,34,34,34,34,34,34,51,51,51,61,61,166,166,178,231,247,127,127,127,142,162,162,162,162,178,193,212,212,212],"floor_reached":50,"playtime":2943,"items_purged":["Strike_B","Doubt","Strike_B","Defend_B"],"score":432,"play_id":"4789646e-ef85-4ec9-9ea6-803c61fc75a8","local_time":"20181008213204","is_ascension_mode":false,"campfire_choices":[{"data":"Self Repair","floor":6,"key":"SMITH"},{"data":"Glacier","floor":10,"key":"SMITH"},{"data":"Barrage","floor":13,"key":"SMITH"},{"data":"Zap","floor":15,"key":"SMITH"},{"data":"Conserve Battery","floor":23,"key":"SMITH"},{"data":"Conserve Battery","floor":25,"key":"SMITH"},{"data":"Lockon","floor":27,"key":"SMITH"},{"data":"Ball Lightning","floor":32,"key":"SMITH"},{"data":"Panache","floor":40,"key":"SMITH"},{"floor":45,"key":"REST"},{"data":"Defragment","floor":49,"key":"SMITH"}],"neow_cost":"PERCENT_DAMAGE","seed_source_timestamp":83312458570828,"circlet_count":0,"master_deck":["Defend_B","Defend_B","Defend_B","Zap+1","Dualcast","Self Repair+1","FTL","Glacier+1","Barrage+1","Echo Form","Lockon+1","FTL","Conserve Battery+1","Conserve Battery+1","Ball Lightning+1","Electrodynamics","Self Repair+1","Conserve Battery+1","Panache+1","Capacitor+1","Defragment+1","Madness","Madness","Stack+1","Loop","Redo+1","Static Discharge+1","Chill+1"],"relics":["Cracked Core","FossilizedHelix","The Courier","Sozu","Runic Capacitor","Gremlin Horn","Philosopher\u0027s Stone","Prayer Wheel","Centennial Puzzle"],"potions_floor_usage":[37,50],"damage_taken":[{"damage":0,"enemies":"Cultist","floor":1,"turns":3},{"damage":0,"enemies":"2 Louse","floor":7,"turns":4},{"damage":0,"enemies":"Small Slimes","floor":11,"turns":4},{"damage":0,"enemies":"Red Slaver","floor":12,"turns":5},{"damage":13,"enemies":"Slime Boss","floor":16,"turns":11},{"damage":0,"enemies":"Chosen","floor":18,"turns":6},{"damage":8,"enemies":"Spheric Guardian","floor":21,"turns":4},{"damage":1,"enemies":"Cultist and Chosen","floor":22,"turns":7},{"damage":3,"enemies":"Snecko","floor":28,"turns":9},{"damage":0,"enemies":"Centurion and Healer","floor":31,"turns":6},{"damage":12,"enemies":"Champ","floor":33,"turns":11},{"damage":0,"enemies":"Orb Walker","floor":35,"turns":3},{"damage":11,"enemies":"Mysterious Sphere","floor":36,"turns":5},{"damage":0,"enemies":"3 Shapes","floor":37,"turns":6},{"damage":10,"enemies":"3 Darklings","floor":41,"turns":3},{"damage":51,"enemies":"4 Shapes","floor":42,"turns":6},{"damage":20,"enemies":"Maw","floor":46,"turns":8},{"damage":14,"enemies":"Spire Growth","floor":47,"turns":5},{"damage":43,"enemies":"Reptomancer","floor":48,"turns":4},{"damage":61,"enemies":"Donu and Deca","floor":50,"turns":4}],"seed_played":"-8965671134683737745","potions_obtained":[{"floor":1,"key":"Block Potion"},{"floor":12,"key":"Ancient Potion"},{"floor":16,"key":"Weak Potion"}],"is_trial":false,"path_per_floor":["M","?","?","$","?","R","M","$","T","R","M","M","R","$","R","B",null,"M","$","?","M","M","R","?","R","T","R","M","?","$","M","R","B",null,"M","?","M","$","?","R","M","M","T","?","R","M","M","M","R"],"character_chosen":"DEFECT","items_purchased":["Glacier","Runic Capacitor"],"campfire_rested":1,"item_purchase_floors":[8,19],"current_hp_per_floor":[54,43,43,43,43,43,53,53,53,53,63,73,73,73,73,60,75,75,75,75,75,75,75,75,75,75,75,75,75,75,75,75,73,75,75,64,75,75,75,75,75,44,44,35,57,75,75,52,52,0],"gold":212,"neow_bonus":"ONE_RARE_RELIC","is_prod":false,"is_daily":false,"chose_seed":false,"campfire_upgraded":10,"win_rate":0,"timestamp":1539001924,"path_taken":["M","?","?","$","?","R","M","$","T","R","?","M","R","$","R","BOSS","M","$","?","M","M","R","?","R","T","R","?","?","?","M","R","BOSS","M","?","M","$","?","R","M","?","T","?","R","M","?","M","R","BOSS"],"build_version":"2018-10-04","purchased_purges":4,"victory":false,"max_hp_per_floor":[75,75,75,75,75,75,75,75,75,75,75,75,75,75,75,75,75,75,75,75,75,75,75,75,75,75,75,75,75,75,75,75,75,75,75,75,75,75,75,75,75,75,75,75,75,75,75,75,75,75],"card_choices":[{"not_picked":["Hologram","Reprogram"],"picked":"Self Repair","floor":1},{"not_picked":["Chill","Turbo"],"picked":"FTL","floor":7},{"not_picked":["Hologram","Turbo","Steam Power"],"picked":"SKIP","floor":11},{"not_picked":["Stack","Gash"],"picked":"Barrage","floor":12},{"not_picked":["Reboot","Buffer"],"picked":"Echo Form","floor":16},{"not_picked":["Consume+1","Hello World","Compile Driver"],"picked":"SKIP","floor":18},{"not_picked":["Cold Snap","Turbo"],"picked":"Conserve Battery","floor":21},{"not_picked":["Static Discharge","Aggregate"],"picked":"Conserve Battery","floor":22},{"not_picked":["Gash","Go for the Eyes+1"],"picked":"Ball Lightning","floor":28},{"not_picked":["Recycle","Hello World+1","Blizzard"],"picked":"SKIP","floor":31},{"not_picked":["Machine Learning","Rainbow"],"picked":"Electrodynamics","floor":33},{"not_picked":["Turbo","Doom and Gloom","Consume"],"picked":"SKIP","floor":35},{"not_picked":["Consume","Sweeping Beam"],"picked":"Self Repair+1","floor":36},{"not_picked":["Barrage+1","Rebound+1"],"picked":"Conserve Battery+1","floor":37},{"not_picked":["Rebound+1","Reinforced Body","Streamline"],"picked":"SKIP","floor":37},{"not_picked":["Transmutation","Finesse"],"picked":"Panache","floor":39},{"not_picked":["Rebound","Sweeping Beam"],"picked":"Capacitor+1","floor":41},{"not_picked":["Turbo","Reinforced Body","Steam+1"],"picked":"SKIP","floor":41},{"not_picked":["Compile Driver","Rebound"],"picked":"Defragment","floor":42},{"not_picked":["Leap","Chaos+1","Static Discharge+1"],"picked":"SKIP","floor":42},{"not_picked":["Double Energy","Barrage"],"picked":"Stack+1","floor":46},{"not_picked":["Conserve Battery","Skim"],"picked":"Loop","floor":46},{"not_picked":["Melter+1","Reinforced Body+1"],"picked":"Redo+1","floor":47},{"not_picked":["Rip and Tear+1","Rainbow"],"picked":"Static Discharge+1","floor":47},{"not_picked":["Turbo","White Noise"],"picked":"Chill+1","floor":48},{"not_picked":["Chaos+1","Conserve Battery","Rebound"],"picked":"SKIP","floor":48}],"player_experience":485856,"relics_obtained":[{"floor":9,"key":"The Courier"},{"floor":26,"key":"Gremlin Horn"},{"floor":36,"key":"Prayer Wheel"},{"floor":43,"key":"Centennial Puzzle"}],"event_choices":[{"event_name":"World of Goop","player_choice":"Gather Gold","floor":2,"damage_taken":0},{"event_name":"NoteForYourself","player_choice":"Ignored","floor":3,"damage_taken":0},{"event_name":"Liars Game","player_choice":"agreed","floor":5,"damage_taken":0},{"event_name":"Drug Dealer","player_choice":"Became Test Subject","floor":20,"damage_taken":0},{"event_name":"The Lab","player_choice":"Got Potions","floor":24,"damage_taken":0},{"event_name":"Vampires","player_choice":"Ignored","floor":29,"damage_taken":0},{"event_name":"Mysterious Sphere","player_choice":"Fight","floor":36,"damage_taken":0},{"event_name":"SensoryStone","player_choice":"Memory 1","floor":39,"damage_taken":0},{"event_name":"Winding Halls","player_choice":"Embrace Madness","floor":44,"damage_taken":0}],"is_beta":true,"boss_relics":[{"not_picked":["Calling Bell","Runic Pyramid"],"picked":"Sozu"},{"not_picked":["Coffee Dripper","Runic Dome"],"picked":"Philosopher\u0027s Stone"}],"items_purged_floors":[4,8,14,38],"is_endless":false,"potions_floor_spawned":[1,12,16,22,28,33,41,46,47],"killed_by":"Donu and Deca","ascension_level":0}