{"gold_per_floor":[109,124,124,124,124,124,124,124,124,147,182,182,223,188,188,282,282,300,53,68,68,82,82,82,82,82,132,151,66,66],"floor_reached":30,"playtime":1535,"items_purged":["Strike_G"],"score":468,"play_id":"5d1d616c-352e-4c9d-ad62-93ff1d030eb5","local_time":"20181029025843","is_ascension_mode":true,"campfire_choices":[{"data":"Neutralize","floor":6,"key":"SMITH"},{"data":"Footwork","floor":8,"key":"SMITH"},{"data":"Footwork","floor":12,"key":"SMITH"},{"data":"After Image","floor":15,"key":"SMITH"},{"data":"Noxious Fumes","floor":23,"key":"SMITH"},{"floor":25,"key":"REST"}],"neow_cost":"NONE","seed_source_timestamp":840366901139700,"circlet_count":0,"master_deck":["Defend_G","Defend_G","Defend_G","Defend_G","Defend_G","Strike_G","Strike_G","Strike_G","Survivor","Neutralize+1","AscendersBane","Dagger Spray","Leg Sweep","All Out Attack","Footwork+1","Sucker Punch","Blade Dance","Infinite Blades","Footwork+1","After Image+1","Adrenaline","Dash","Noxious Fumes+1","Finisher","Deadly Poison","Dodge and Roll"],"relics":["Orrery","Golden Idol","WingedGreaves","Pear","Thread and Needle","Regal Pillow","Black Star","Bird Faced Urn"],"potions_floor_usage":[11,21,30,30],"damage_taken":[{"damage":0,"enemies":"2 Louse","floor":1,"turns":2},{"damage":0,"enemies":"Cultist","floor":2,"turns":4},{"damage":7,"enemies":"Small Slimes","floor":10,"turns":4},{"damage":6,"enemies":"3 Sentries","floor":11,"turns":9},{"damage":23,"enemies":"Lagavulin","floor":13,"turns":9},{"damage":24,"enemies":"The Guardian","floor":16,"turns":19},{"damage":0,"enemies":"Shell Parasite","floor":18,"turns":9},{"damage":10,"enemies":"Chosen","floor":20,"turns":5},{"damage":0,"enemies":"Colosseum Slavers","floor":21,"turns":1},{"damage":4,"enemies":"Snake Plant","floor":22,"turns":8},{"damage":26,"enemies":"Cultist and Chosen","floor":28,"turns":9},{"damage":59,"enemies":"Gremlin Leader","floor":30,"turns":4}],"seed_played":"2936683171246946771","potions_obtained":[{"floor":1,"key":"EssenceOfSteel"},{"floor":10,"key":"SmokeBomb"},{"floor":28,"key":"Dexterity Potion"}],"is_trial":false,"path_per_floor":["M","M","?","?","?","R","?","R","T","M","E","R","E","?","R","B",null,"M","$","M","?","M","R","?","R","T","?","M","$"],"character_chosen":"THE_SILENT","items_purchased":["Noxious Fumes","Finisher","LiquidBronze"],"campfire_rested":1,"item_purchase_floors":[19,19,29],"current_hp_per_floor":[59,59,59,64,64,64,53,53,63,56,50,50,27,45,45,21,61,61,61,51,51,47,47,47,74,74,74,50,50,0],"gold":66,"neow_bonus":"BOSS_RELIC","is_prod":false,"is_daily":false,"chose_seed":false,"campfire_upgraded":5,"win_rate":0,"timestamp":1540796323,"path_taken":["M","M","?","?","?","R","?","R","T","M","E","R","E","?","R","BOSS","M","$","M","?","M","R","?","R","T","?","M","$","E"],"build_version":"2018-10-19","purchased_purges":1,"victory":false,"max_hp_per_floor":[66,66,66,71,64,64,64,64,74,74,74,74,74,74,74,74,74,74,74,74,74,74,74,74,74,74,74,74,74,74],"card_choices":[{"not_picked":["Choke","Dagger Throw"],"picked":"Dagger Spray","floor":0},{"not_picked":["Outmaneuver","Slice"],"picked":"Leg Sweep","floor":0},{"not_picked":["Poisoned Stab","Accuracy"],"picked":"All Out Attack","floor":0},{"not_picked":["Outmaneuver","Backflip"],"picked":"Footwork","floor":1},{"not_picked":["Slice","Acrobatics"],"picked":"Sucker Punch","floor":2},{"not_picked":["Quick Slash","PiercingWail"],"picked":"Infinite Blades","floor":10},{"not_picked":["Crippling Poison","Endless Agony"],"picked":"Footwork","floor":11},{"not_picked":["Backflip","Blur"],"picked":"After Image","floor":13},{"not_picked":["Envenom","Glass Knife"],"picked":"Adrenaline","floor":16},{"not_picked":["Outmaneuver","Flying Knee+1"],"picked":"Dash","floor":18},{"not_picked":["Slice","Tactician","Footwork"],"picked":"SKIP","floor":20},{"not_picked":["Eviscerate","Slice"],"picked":"Deadly Poison","floor":22},{"not_picked":["Skewer","Dagger Throw"],"picked":"Dodge and Roll","floor":28}],"player_experience":1546384,"relics_obtained":[{"floor":9,"key":"Pear"},{"floor":11,"key":"Thread and Needle"},{"floor":13,"key":"Regal Pillow"},{"floor":26,"key":"Bird Faced Urn"}],"event_choices":[{"damage_healed":0,"gold_gain":0,"cards_transformed":["Strike_G"],"player_choice":"Transformed","damage_taken":0,"max_hp_gain":0,"max_hp_loss":0,"event_name":"Transmorgrifier","floor":3,"gold_loss":0,"cards_obtained":["Blade Dance"]},{"damage_healed":0,"gold_gain":0,"player_choice":"Donut","damage_taken":0,"max_hp_gain":5,"max_hp_loss":0,"event_name":"Big Fish","floor":4,"gold_loss":0},{"damage_healed":0,"gold_gain":0,"player_choice":"Lose Max HP","damage_taken":0,"relics_obtained":["Golden Idol"],"max_hp_gain":0,"max_hp_loss":7,"event_name":"Golden Idol","floor":5,"gold_loss":0},{"damage_healed":0,"gold_gain":0,"player_choice":"Success","damage_taken":11,"relics_obtained":["WingedGreaves"],"max_hp_gain":0,"max_hp_loss":0,"event_name":"Scrap Ooze","floor":7,"gold_loss":0},{"damage_healed":18,"gold_gain":0,"player_choice":"Healed","damage_taken":0,"max_hp_gain":0,"max_hp_loss":0,"event_name":"The Cleric","floor":14,"gold_loss":35},{"damage_healed":0,"gold_gain":0,"player_choice":"Fight","damage_taken":0,"max_hp_gain":0,"max_hp_loss":0,"event_name":"Colosseum","floor":21,"gold_loss":0},{"damage_healed":0,"gold_gain":0,"player_choice":"Fled From Nobs","damage_taken":0,"max_hp_gain":0,"max_hp_loss":0,"event_name":"Colosseum","floor":21,"gold_loss":0},{"damage_healed":0,"gold_gain":0,"player_choice":"Ignored","damage_taken":0,"max_hp_gain":0,"max_hp_loss":0,"event_name":"The Mausoleum","floor":24,"gold_loss":0},{"damage_healed":0,"gold_gain":50,"player_choice":"Stole From Cult","damage_taken":0,"max_hp_gain":0,"max_hp_loss":0,"event_name":"Nest","floor":27,"gold_loss":0}],"is_beta":true,"boss_relics":[{"not_picked":["Runic Dome","Velvet Choker"],"picked":"Black Star"}],"items_purged_floors":[19],"is_endless":false,"potions_floor_spawned":[1,10,28],"killed_by":"Gremlin Leader","ascension_level":20}