{"gold_per_floor":[112,125,138,138,63,96,108,108,165,165,192,192,92,152,152,255,255,272,272,272,288,205,205],"floor_reached":23,"playtime":1082,"items_purged":["Decay","Strike_R"],"score":236,"play_id":"7b608a3b-ae6e-430d-af04-d5b2d1c1feee","local_time":"20190120184716","is_ascension_mode":true,"campfire_choices":[{"data":"Armaments","floor":8,"key":"SMITH"},{"data":"True Grit","floor":10,"key":"SMITH"},{"floor":12,"key":"REST"},{"data":"Bludgeon","floor":15,"key":"SMITH"}],"neow_cost":"CURSE","seed_source_timestamp":1025703720050665,"circlet_count":0,"master_deck":["Strike_R","Strike_R","Strike_R","Strike_R","Defend_R","Defend_R","Defend_R","Defend_R","Bash","Bludgeon+1","Iron Wave","True Grit+1","Headbutt","Armaments+1","Feel No Pain","Cleave","Iron Wave","Limit Break","RitualDagger"],"relics":["Burning Blood","Regal Pillow","Tiny Chest","Bronze Scales","Juzu Bracelet","Black Star","Red Skull"],"potions_floor_usage":[7,11,11,14,21],"damage_taken":[{"damage":6,"enemies":"Cultist","floor":1,"turns":3},{"damage":9,"enemies":"2 Louse","floor":2,"turns":3},{"damage":12,"enemies":"Small Slimes","floor":3,"turns":2},{"damage":40,"enemies":"Lagavulin","floor":6,"turns":5},{"damage":12,"enemies":"Blue Slaver","floor":7,"turns":3},{"damage":15,"enemies":"Gremlin Nob","floor":11,"turns":5},{"damage":16,"enemies":"Gremlin Nob","floor":14,"turns":3},{"damage":48,"enemies":"Hexaghost","floor":16,"turns":9},{"damage":23,"enemies":"2 Thieves","floor":18,"turns":3},{"damage":25,"enemies":"Chosen","floor":21,"turns":8},{"damage":60,"enemies":"Gremlin Leader","floor":23,"turns":5}],"seed_played":"-7473787962891956178","potions_obtained":[{"floor":1,"key":"Swift Potion"},{"floor":3,"key":"Weak Potion"},{"floor":7,"key":"Energy Potion"},{"floor":11,"key":"FearPotion"},{"floor":18,"key":"Regen Potion"}],"is_trial":false,"path_per_floor":["M","M","M","?","$","E","M","R","T","R","E","R","$","?","R","B",null,"M","?","?","M","?","E"],"character_chosen":"IRONCLAD","items_purchased":[],"campfire_rested":1,"item_purchase_floors":[],"current_hp_per_floor":[80,77,71,80,80,46,40,40,40,40,31,70,70,60,60,18,80,63,63,57,50,50,0],"gold":205,"neow_bonus":"THREE_RARE_CARDS","is_prod":false,"is_daily":false,"chose_seed":false,"campfire_upgraded":3,"win_rate":0,"timestamp":1548028036,"path_taken":["M","M","M","?","$","E","M","R","T","R","E","R","?","?","R","BOSS","M","?","?","M","?","E"],"build_version":"2019-01-17v2","purchased_purges":2,"victory":false,"max_hp_per_floor":[80,80,80,80,80,80,80,80,80,80,80,80,80,80,80,80,80,80,80,80,80,80,80],"card_choices":[{"not_picked":["Offering","Impervious"],"picked":"Bludgeon","floor":0},{"not_picked":["Searing Blow","Bloodletting"],"picked":"Iron Wave","floor":1},{"not_picked":["Clash","Impervious"],"picked":"True Grit","floor":2},{"not_picked":["Fire Breathing","Corruption"],"picked":"Headbutt","floor":3},{"not_picked":["Havoc","Feel No Pain"],"picked":"Armaments","floor":6},{"not_picked":["Armaments","Burning Pact"],"picked":"Feel No Pain","floor":7},{"not_picked":["Pommel Strike","Body Slam"],"picked":"Cleave","floor":11},{"not_picked":["Bludgeon","Thunderclap"],"picked":"Iron Wave","floor":14},{"not_picked":["Bludgeon","Berserk"],"picked":"Limit Break","floor":16},{"not_picked":["Clash","Entrench+1","Sword Boomerang"],"picked":"SKIP","floor":18},{"not_picked":["True Grit","Second Wind","Anger+1"],"picked":"SKIP","floor":21}],"player_experience":264364,"relics_obtained":[{"floor":6,"key":"Regal Pillow"},{"floor":9,"key":"Tiny Chest"},{"floor":11,"key":"Bronze Scales"},{"floor":14,"key":"Juzu Bracelet"}],"event_choices":[{"damage_healed":9,"gold_gain":0,"player_choice":"Full Heal","damage_taken":0,"max_hp_gain":0,"max_hp_loss":0,"event_name":"Wheel of Change","floor":4,"gold_loss":0},{"damage_healed":0,"gold_gain":0,"player_choice":"Searched \u00271\u0027 times","damage_taken":0,"max_hp_gain":0,"max_hp_loss":0,"event_name":"Dead Adventurer","floor":14,"gold_loss":0},{"damage_healed":0,"gold_gain":0,"player_choice":"Ignored","damage_taken":0,"max_hp_gain":0,"max_hp_loss":0,"event_name":"N\u0027loth","floor":19,"gold_loss":0},{"damage_healed":0,"gold_gain":0,"player_choice":"Joined the Cult","damage_taken":6,"max_hp_gain":0,"max_hp_loss":0,"event_name":"Nest","floor":20,"gold_loss":0,"cards_obtained":["RitualDagger"]},{"damage_healed":0,"gold_gain":0,"player_choice":"Paid Gold","damage_taken":0,"relics_obtained":["Red Skull"],"max_hp_gain":0,"max_hp_loss":0,"event_name":"WeMeetAgain","floor":22,"gold_loss":83}],"is_beta":false,"boss_relics":[{"not_picked":["Busted Crown","Orrery"],"picked":"Black Star"}],"items_purged_floors":[5,13],"is_endless":false,"potions_floor_spawned":[1,3,7,11,18],"killed_by":"Gremlin Leader","ascension_level":4}