{"gold_per_floor":[119,132,152,171,171,197,197,208,208,222,238,251,251,282,282,387,387,387,387,387,387,387],"floor_reached":22,"playtime":1958,"items_purged":[],"score":200,"play_id":"cac1b519-205e-4954-90fc-2907c4ea6127","local_time":"20190115200446","is_ascension_mode":false,"campfire_choices":[{"data":"Neutralize","floor":7,"key":"SMITH"},{"floor":13,"key":"REST"},{"data":"Footwork","floor":15,"key":"SMITH"}],"neow_cost":"NONE","seed_source_timestamp":1188707519773105,"circlet_count":0,"master_deck":["Defend_G","Defend_G","Defend_G","Defend_G","Strike_G","Strike_G","Strike_G","Strike_G","Survivor","Neutralize+1","Die Die Die","Well Laid Plans","Flechettes","Calculated Gamble","Flying Knee","Footwork+1","Skewer+1","Quick Slash+1","Terror","Sucker Punch+1","Dagger Spray+1","After Image","Distraction","All Out Attack+1"],"relics":["Ring of the Snake","Molten Egg 2","Regal Pillow","Omamori","Ectoplasm","Nilry\u0027s Codex","Potion Belt"],"potions_floor_usage":[],"damage_taken":[{"damage":0,"enemies":"Cultist","floor":1,"turns":4},{"damage":0,"enemies":"Small Slimes","floor":2,"turns":2},{"damage":0,"enemies":"2 Louse","floor":3,"turns":2},{"damage":3,"enemies":"Exordium Wildlife","floor":4,"turns":7},{"damage":17,"enemies":"3 Sentries","floor":6,"turns":8},{"damage":3,"enemies":"Exordium Thugs","floor":8,"turns":4},{"damage":3,"enemies":"Large Slime","floor":10,"turns":4},{"damage":8,"enemies":"Gremlin Gang","floor":11,"turns":4},{"damage":3,"enemies":"2 Fungi Beasts","floor":12,"turns":3},{"damage":14,"enemies":"Gremlin Nob","floor":14,"turns":4},{"damage":31,"enemies":"The Guardian","floor":16,"turns":9},{"damage":21,"enemies":"3 Byrds","floor":18,"turns":5},{"damage":21,"enemies":"Shell Parasite","floor":21,"turns":5},{"damage":12,"enemies":"Shelled Parasite and Fungi","floor":22,"turns":1}],"seed_played":"9131684296132020277","potions_obtained":[{"floor":1,"key":"Ancient Potion"},{"floor":3,"key":"SpeedPotion"},{"floor":11,"key":"Explosive Potion"},{"floor":21,"key":"Weak Potion"}],"is_trial":false,"path_per_floor":["M","M","M","M","?","E","R","M","T","M","M","M","R","E","R","B",null,"M","?","T","M","M"],"character_chosen":"THE_SILENT","items_purchased":[],"campfire_rested":1,"item_purchase_floors":[],"current_hp_per_floor":[70,70,70,67,60,43,43,40,40,37,29,26,62,48,48,17,70,49,33,33,12,0],"gold":387,"neow_bonus":"TRANSFORM_CARD","is_prod":false,"is_daily":false,"chose_seed":false,"campfire_upgraded":2,"win_rate":0.0,"timestamp":1547579086,"path_taken":["M","M","M","?","?","E","R","M","T","M","M","M","R","E","R","BOSS","M","?","?","M","M"],"build_version":"2019-01-10","purchased_purges":0,"victory":false,"max_hp_per_floor":[70,70,70,70,70,70,70,70,70,70,70,70,70,70,70,70,70,70,70,70,70,70],"card_choices":[{"not_picked":["Infinite Blades","Blade Dance"],"picked":"Well Laid Plans","floor":1},{"not_picked":["Underhanded Strike","Outmaneuver"],"picked":"Flechettes","floor":2},{"not_picked":["Deflect","Footwork"],"picked":"Calculated Gamble","floor":3},{"not_picked":["Quick Slash","Glass Knife"],"picked":"Flying Knee","floor":4},{"not_picked":["Bouncing Flask","Eviscerate"],"picked":"Footwork","floor":6},{"not_picked":["Bane+1","Riddle With Holes+1"],"picked":"Skewer+1","floor":8},{"not_picked":["Dagger Throw+1","Skewer+1"],"picked":"Quick Slash+1","floor":10},{"not_picked":["Finisher+1","Calculated Gamble"],"picked":"Terror","floor":11},{"not_picked":["Slice+1","Dodge and Roll"],"picked":"Sucker Punch+1","floor":12},{"not_picked":["Skewer+1","Calculated Gamble"],"picked":"Dagger Spray+1","floor":14},{"not_picked":["Doppelganger","A Thousand Cuts"],"picked":"After Image","floor":16},{"not_picked":["PiercingWail","Deadly Poison+1"],"picked":"Distraction","floor":18},{"not_picked":["Flying Knee+1","Bane+1"],"picked":"All Out Attack+1","floor":21}],"player_experience":184237,"relics_obtained":[{"floor":6,"key":"Molten Egg 2"},{"floor":9,"key":"Regal Pillow"},{"floor":14,"key":"Omamori"},{"floor":19,"key":"Nilry\u0027s Codex"},{"floor":20,"key":"Potion Belt"}],"event_choices":[{"cards_removed":["Strike_G"],"damage_healed":0,"gold_gain":0,"player_choice":"Card Removal","damage_taken":7,"max_hp_gain":0,"max_hp_loss":0,"event_name":"Golden Wing","floor":5,"gold_loss":0},{"damage_healed":0,"gold_gain":0,"player_choice":"Obtained Book","damage_taken":16,"max_hp_gain":0,"max_hp_loss":0,"event_name":"Cursed Tome","floor":19,"gold_loss":0}],"is_beta":false,"boss_relics":[{"not_picked":["WristBlade","Eternal Feather"],"picked":"Ectoplasm"}],"items_purged_floors":[],"is_endless":false,"potions_floor_spawned":[1,3,11,12,16,21],"killed_by":"Shelled Parasite and Fungi","ascension_level":0}