{"gold_per_floor":[110,120,195,44,44,44,79,98,98,40,40,40,57,57,57,177,177,191,49,49,62,62,62],"floor_reached":23,"playtime":633,"items_purged":["Strike_B"],"score":299,"play_id":"2b2591d3-8705-4808-a31f-59ae14fcc6b2","local_time":"20181227205946","is_ascension_mode":true,"campfire_choices":[{"data":"Coolheaded","floor":6,"key":"SMITH"},{"data":"Darkness","floor":15,"key":"SMITH"}],"neow_cost":"NONE","seed_source_timestamp":11560806310895,"circlet_count":0,"master_deck":["AscendersBane","Strike_B","Strike_B","Defend_B","Defend_B","Defend_B","Defend_B","Zap+1","Dualcast","Loop+1","Coolheaded+1","BootSequence","Self Repair","Darkness+1","Echo Form","Leap","Turbo","Storm+1","Capacitor"],"relics":["Cracked Core","DataDisk","Bag of Preparation","The Courier","Golden Idol","Inserter"],"potions_floor_usage":[23],"damage_taken":[{"damage":2,"enemies":"2 Louse","floor":1,"turns":3},{"damage":9,"enemies":"Small Slimes","floor":2,"turns":3},{"damage":23,"enemies":"Lagavulin","floor":7,"turns":8},{"damage":0,"enemies":"Jaw Worm","floor":8,"turns":3},{"damage":0,"enemies":"Large Slime","floor":13,"turns":4},{"damage":6,"enemies":"Hexaghost","floor":16,"turns":7},{"damage":15,"enemies":"Shell Parasite","floor":18,"turns":4},{"damage":0,"enemies":"Chosen","floor":21,"turns":4},{"damage":59,"enemies":"Slavers","floor":23,"turns":4}],"seed_played":"-2089487071702420638","potions_obtained":[{"floor":1,"key":"Energy Potion"},{"floor":2,"key":"Strength Potion"}],"is_trial":false,"path_per_floor":["M","M","?","$","?","R","E","M","T","$","?","?","M","?","R","B",null,"M","$","?","M","$","E"],"character_chosen":"DEFECT","items_purchased":["DataDisk","Self Repair","Turbo","Storm"],"campfire_rested":0,"item_purchase_floors":[4,10,19,19],"current_hp_per_floor":[66,57,46,46,51,51,28,28,28,28,28,28,35,35,35,36,65,50,50,50,57,57,0],"gold":62,"neow_bonus":"UPGRADE_CARD","is_prod":false,"is_daily":false,"chose_seed":false,"campfire_upgraded":2,"win_rate":0,"timestamp":1545962386,"path_taken":["M","M","?","$","?","R","E","M","T","?","?","?","?","?","R","BOSS","M","$","?","M","?","E"],"build_version":"2018-12-20","purchased_purges":1,"victory":false,"max_hp_per_floor":[75,75,75,75,80,80,80,80,80,80,80,80,80,74,74,74,74,74,74,74,74,74,74],"card_choices":[{"not_picked":["Go for the Eyes","Beam Cell"],"picked":"Loop","floor":1},{"not_picked":["Barrage","Compile Driver"],"picked":"Coolheaded","floor":2},{"not_picked":["Tempest","Scrape"],"picked":"BootSequence","floor":7},{"not_picked":["Turbo","Go for the Eyes","Heatsinks"],"picked":"SKIP","floor":8},{"not_picked":["Undo","Go for the Eyes"],"picked":"Darkness","floor":13},{"not_picked":["Core Surge","Electrodynamics"],"picked":"Echo Form","floor":16},{"not_picked":["Ball Lightning","Go for the Eyes"],"picked":"Leap","floor":18},{"not_picked":["Turbo","Self Repair"],"picked":"Capacitor","floor":21}],"player_experience":413504,"relics_obtained":[{"floor":7,"key":"Bag of Preparation"},{"floor":9,"key":"The Courier"}],"event_choices":[{"damage_healed":0,"gold_gain":75,"player_choice":"Gather Gold","damage_taken":11,"max_hp_gain":0,"max_hp_loss":0,"event_name":"World of Goop","floor":3,"gold_loss":0},{"damage_healed":0,"gold_gain":0,"player_choice":"Donut","damage_taken":0,"max_hp_gain":5,"max_hp_loss":0,"event_name":"Big Fish","floor":5,"gold_loss":0},{"damage_healed":0,"gold_gain":0,"player_choice":"Grow","damage_taken":0,"max_hp_gain":0,"max_hp_loss":0,"event_name":"Living Wall","floor":11,"gold_loss":0,"cards_upgraded":["Loop"]},{"cards_removed":["Strike_B"],"damage_healed":0,"gold_gain":0,"player_choice":"Offered Basic","damage_taken":0,"max_hp_gain":0,"max_hp_loss":0,"event_name":"Bonfire Elementals","floor":12,"gold_loss":0},{"damage_healed":0,"gold_gain":0,"player_choice":"Lose Max HP","damage_taken":0,"relics_obtained":["Golden Idol"],"max_hp_gain":0,"max_hp_loss":6,"event_name":"Golden Idol","floor":14,"gold_loss":0},{"damage_healed":0,"gold_gain":0,"player_choice":"Upgraded","damage_taken":0,"max_hp_gain":0,"max_hp_loss":0,"event_name":"Upgrade Shrine","floor":20,"gold_loss":0,"cards_upgraded":["Storm"]}],"is_beta":false,"boss_relics":[{"not_picked":["Pandora\u0027s Box","Busted Crown"],"picked":"Inserter"}],"items_purged_floors":[19],"is_endless":false,"potions_floor_spawned":[1,2,13,18,21],"killed_by":"Slavers","ascension_level":12}