{"path_per_floor":["M","M","M","?","M","R","?","R","T","M","M","?","R","M","R","B",null,"M","?","M","$"],"character_chosen":"DEFECT","items_purchased":["Loop"],"gold_per_floor":[119,137,148,148,158,158,108,108,135,145,165,165,165,180,180,281,281,291,291,306,164,164],"floor_reached":22,"campfire_rested":0,"playtime":1472,"item_purchase_floors":[21],"current_hp_per_floor":[37,36,32,32,28,28,28,28,28,20,10,37,37,32,32,19,92,66,66,41,41,0],"items_purged":["Strike_B"],"gold":164,"score":203,"play_id":"6fb4075a-120c-4894-8ae7-510dba576ba2","local_time":"20180521124736","is_prod":false,"is_daily":false,"chose_seed":false,"is_ascension_mode":false,"campfire_upgraded":2,"timestamp":1526874456,"campfire_choices":[{"data":"Strike_B","floor":6,"key":"PURGE"},{"data":"Defend_B","floor":8,"key":"PURGE"},{"data":"Fusion","floor":13,"key":"SMITH"},{"data":"Static Discharge","floor":15,"key":"SMITH"}],"path_taken":["M","M","?","?","?","R","?","R","T","?","M","?","R","M","R","BOSS","M","?","?","$","?"],"build_version":"2018-05-18","seed_source_timestamp":4823406235831,"purchased_purges":1,"victory":false,"master_deck":["Strike_B","Defend_B","Defend_B","Defend_B","Zap","Dualcast","Fusion+1","Hello World","Go for the Eyes","Static Discharge+1","Aggregate","Streamline","Double Energy","Creative AI","Injury","Normality","Parasite","Reprogram","Defragment","Melter","Loop"],"max_hp_per_floor":[75,75,75,82,82,82,82,82,82,82,82,82,82,82,82,82,92,92,92,92,92,92],"relics":["Cracked Core","Peace Pipe","Strawberry","Bag of Preparation","Calling Bell","Happy Flower","Pear","Girya"],"card_choices":[{"not_picked":["Chill","Gash"],"picked":"Fusion","floor":1},{"not_picked":["Double Energy","Ball Lightning"],"picked":"Hello World","floor":2},{"not_picked":["Lockon","Scrape"],"picked":"Go for the Eyes","floor":3},{"not_picked":["Coolheaded","Axe Kick"],"picked":"Static Discharge","floor":5},{"not_picked":["Sweeping Beam","Reprogram"],"picked":"Aggregate","floor":10},{"not_picked":["Stack","Force Field"],"picked":"Streamline","floor":11},{"not_picked":["Reinforced Body","Force Field"],"picked":"Double Energy","floor":14},{"not_picked":["All For One","Electrodynamics"],"picked":"Creative AI","floor":16},{"not_picked":["Steam","Genetic Algorithm"],"picked":"Reprogram","floor":18},{"not_picked":["Rip and Tear","Barrage+1"],"picked":"Melter","floor":20}],"player_experience":141713,"potions_floor_usage":[5,16,18,22,22,22],"damage_taken":[{"damage":1,"enemies":"Cultist","floor":1,"turns":3},{"damage":1,"enemies":"Jaw Worm","floor":2,"turns":4},{"damage":4,"enemies":"2 Louse","floor":3,"turns":4},{"damage":4,"enemies":"Gremlin Gang","floor":5,"turns":5},{"damage":8,"enemies":"2 Fungi Beasts","floor":10,"turns":4},{"damage":10,"enemies":"3 Louse","floor":11,"turns":5},{"damage":5,"enemies":"Exordium Thugs","floor":14,"turns":4},{"damage":13,"enemies":"Hexaghost","floor":16,"turns":6},{"damage":26,"enemies":"2 Thieves","floor":18,"turns":4},{"damage":25,"enemies":"Spheric Guardian","floor":20,"turns":3},{"damage":45,"enemies":"3 Cultists","floor":22,"turns":4}],"relics_obtained":[{"floor":9,"key":"Bag of Preparation"},{"floor":17,"key":"Happy Flower"},{"floor":17,"key":"Pear"},{"floor":17,"key":"Girya"}],"event_choices":[{"event_name":"Scrap Ooze","player_choice":"success","floor":4,"damage_taken":7},{"event_name":"The Cleric","player_choice":"Card Removal","floor":7,"damage_taken":0},{"event_name":"Big Fish","player_choice":"Banana","floor":12,"damage_taken":0},{"event_name":"The Library","player_choice":"Read","floor":19,"damage_taken":0}],"boss_relics":[{"not_picked":["Lizard Tail","Eternal Feather"],"picked":"Calling Bell"}],"items_purged_floors":[21],"potions_floor_spawned":[1,2,3,11,18,20],"seed_played":"6516824777245595475","killed_by":"3 Cultists","ascension_level":0,"potions_obtained":[{"floor":1,"key":"Block Potion"},{"floor":2,"key":"Fire Potion"},{"floor":3,"key":"AttackPotion"},{"floor":11,"key":"Poison Potion"},{"floor":18,"key":"SkillPotion"},{"floor":20,"key":"Swift Potion"}],"is_trial":false}