{"gold_per_floor":[117,192,157,177,189,189,202,219,219,252,252,74,89,121,121,195,195,205,205,218,218,231,231,231],"floor_reached":24,"playtime":1158,"items_purged":[],"score":516,"play_id":"d85dbb16-a3f5-431e-b8f6-06c3b2e17da3","local_time":"20190127174440","is_ascension_mode":true,"campfire_choices":[{"data":"Neutralize","floor":6,"key":"SMITH"},{"data":"Strike_G","floor":11,"key":"PURGE"},{"data":"Catalyst","floor":15,"key":"SMITH"},{"floor":23,"key":"REST"}],"neow_cost":"NONE","seed_source_timestamp":175291951725500,"circlet_count":0,"master_deck":["AscendersBane","Defend_G","Defend_G","Defend_G","Defend_G","Defend_G","Strike_G","Strike_G","Strike_G","Strike_G","Survivor","Neutralize+1","Sucker Punch","Dash","Dash","Dagger Throw","Quick Slash","Acrobatics","Catalyst+1","Deadly Poison","Well Laid Plans","Crippling Poison","Crippling Poison","Corpse Explosion","Backflip","Prepared+1","Pain","Crippling Poison","Expertise"],"relics":["Cursed Key","Peace Pipe","Dream Catcher","Sozu","MutagenicStrength","WarpedTongs"],"potions_floor_usage":[14,16,24],"damage_taken":[{"damage":0,"enemies":"Small Slimes","floor":1,"turns":4},{"damage":7,"enemies":"2 Louse","floor":4,"turns":2},{"damage":0,"enemies":"Jaw Worm","floor":5,"turns":4},{"damage":0,"enemies":"Red Slaver","floor":7,"turns":2},{"damage":2,"enemies":"3 Louse","floor":8,"turns":3},{"damage":0,"enemies":"3 Sentries","floor":10,"turns":9},{"damage":7,"enemies":"Gremlin Gang","floor":13,"turns":6},{"damage":0,"enemies":"Lagavulin","floor":14,"turns":6},{"damage":25,"enemies":"Slime Boss","floor":16,"turns":14},{"damage":10,"enemies":"Shell Parasite","floor":18,"turns":4},{"damage":9,"enemies":"3 Byrds","floor":20,"turns":4},{"damage":34,"enemies":"Sentry and Sphere","floor":22,"turns":6},{"damage":21,"enemies":"Snake Plant","floor":24,"turns":3}],"seed_played":"6664956337837267638","potions_obtained":[{"floor":5,"key":"Energy Potion"},{"floor":8,"key":"Poison Potion"},{"floor":16,"key":"Energy Potion"}],"is_trial":false,"path_per_floor":["M","?","?","M","M","R","M","M","T","E","R","$","M","E","R","B",null,"M","?","M","?","M","R","M"],"character_chosen":"THE_SILENT","items_purchased":["Catalyst","Deadly Poison","Well Laid Plans"],"campfire_rested":1,"item_purchase_floors":[12,12,12],"current_hp_per_floor":[59,48,64,57,57,57,57,55,55,55,55,55,48,48,48,23,55,45,45,36,36,2,21,0],"gold":231,"neow_bonus":"BOSS_RELIC","is_prod":false,"is_daily":false,"chose_seed":false,"campfire_upgraded":2,"win_rate":0,"timestamp":1548629080,"path_taken":["M","?","?","M","M","R","M","M","T","E","R","?","M","E","R","BOSS","M","?","M","?","M","R","M"],"build_version":"2019-01-23","purchased_purges":0,"victory":false,"max_hp_per_floor":[66,66,66,66,66,66,66,66,66,66,66,66,66,66,66,66,66,66,66,66,66,66,66,66],"card_choices":[{"not_picked":["Underhanded Strike","Setup"],"picked":"Sucker Punch","floor":1},{"not_picked":["Tactician","PiercingWail"],"picked":"Dash","floor":4},{"not_picked":["Setup","Underhanded Strike"],"picked":"Dash","floor":5},{"not_picked":["Blade Dance","Accuracy"],"picked":"Dagger Throw","floor":7},{"not_picked":["PiercingWail","Acrobatics"],"picked":"Quick Slash","floor":8},{"not_picked":["Underhanded Strike","Accuracy"],"picked":"Acrobatics","floor":10},{"not_picked":["PiercingWail","Endless Agony"],"picked":"Crippling Poison","floor":13},{"not_picked":["Tactician","Dodge and Roll"],"picked":"Crippling Poison","floor":14},{"not_picked":["Adrenaline","Die Die Die"],"picked":"Corpse Explosion","floor":16},{"not_picked":["Caltrops","Skewer"],"picked":"Backflip","floor":18},{"not_picked":["Infinite Blades","Dagger Throw"],"picked":"Prepared+1","floor":20},{"not_picked":["Prepared+1","Concentrate+1"],"picked":"Crippling Poison","floor":22},{"not_picked":["Dodge and Roll","Quick Slash"],"picked":"Expertise","floor":23}],"player_experience":1953193,"relics_obtained":[{"floor":10,"key":"Peace Pipe"},{"floor":14,"key":"Dream Catcher"}],"event_choices":[{"damage_healed":0,"gold_gain":75,"player_choice":"Gather Gold","damage_taken":11,"max_hp_gain":0,"max_hp_loss":0,"event_name":"World of Goop","floor":2,"gold_loss":0},{"damage_healed":16,"gold_gain":0,"player_choice":"Healed","damage_taken":0,"max_hp_gain":0,"max_hp_loss":0,"event_name":"The Cleric","floor":3,"gold_loss":35},{"damage_healed":0,"gold_gain":0,"player_choice":"Inject Mutagens","damage_taken":0,"relics_obtained":["MutagenicStrength"],"max_hp_gain":0,"max_hp_loss":0,"event_name":"Drug Dealer","floor":19,"gold_loss":0},{"damage_healed":0,"gold_gain":0,"player_choice":"Rummage","damage_taken":0,"relics_obtained":["WarpedTongs"],"max_hp_gain":0,"max_hp_loss":0,"event_name":"Accursed Blacksmith","floor":21,"gold_loss":0,"cards_obtained":["Pain"]}],"is_beta":true,"boss_relics":[{"not_picked":["White Beast Statue","Ectoplasm"],"picked":"Sozu"}],"items_purged_floors":[],"is_endless":false,"potions_floor_spawned":[5,8,13,16,22],"killed_by":"Snake Plant","ascension_level":20}