{"gold_per_floor":[116,116,135,19,19,46,56,69,69,69],"floor_reached":10,"playtime":668,"items_purged":["Strike_R"],"score":78,"play_id":"a24a1410-0a63-476c-ada3-95315fbf0544","local_time":"20190114214328","is_ascension_mode":true,"campfire_choices":[],"neow_cost":"NONE","seed_source_timestamp":517429093348755,"circlet_count":0,"master_deck":["Strike_R","Strike_R","Strike_R","Defend_R","Defend_R","Defend_R","Defend_R","Bash","Clothesline","Flame Barrier","Rupture","Clothesline","Flash of Steel","Shrug It Off","Disarm","Cleave"],"relics":["Burning Blood","Centennial Puzzle","The Courier","Molten Egg 2"],"potions_floor_usage":[6],"damage_taken":[{"damage":5,"enemies":"Small Slimes","floor":1,"turns":3},{"damage":6,"enemies":"2 Louse","floor":3,"turns":3},{"damage":65,"enemies":"Lagavulin","floor":6,"turns":11},{"damage":0,"enemies":"Cultist","floor":7,"turns":3},{"damage":10,"enemies":"Lots of Slimes","floor":8,"turns":6},{"damage":30,"enemies":"Lagavulin Event","floor":10,"turns":6}],"seed_played":"1463029011133498177","potions_obtained":[{"floor":1,"key":"LiquidBronze"}],"is_trial":false,"path_per_floor":["M","?","M","$","?","E","M","M","T","?"],"character_chosen":"IRONCLAD","items_purchased":["Rupture"],"campfire_rested":0,"item_purchase_floors":[4],"current_hp_per_floor":[88,81,81,81,81,22,28,24,24,0],"gold":69,"neow_bonus":"TEN_PERCENT_HP_BONUS","is_prod":false,"is_daily":false,"chose_seed":false,"campfire_upgraded":0,"win_rate":0,"timestamp":1547520208,"path_taken":["M","?","M","$","?","E","?","?","T","?"],"build_version":"2019-01-10","purchased_purges":1,"victory":false,"max_hp_per_floor":[88,88,88,88,88,88,88,88,88,88],"card_choices":[{"not_picked":["Seeing Red","Searing Blow"],"picked":"Clothesline","floor":1},{"not_picked":["Entrench","Pommel Strike"],"picked":"Flame Barrier","floor":3},{"not_picked":["Infernal Blade","Body Slam"],"picked":"Shrug It Off","floor":6},{"not_picked":["Twin Strike","Anger"],"picked":"Disarm","floor":7},{"not_picked":["Havoc","True Grit"],"picked":"Cleave","floor":8}],"player_experience":223124,"relics_obtained":[{"floor":6,"key":"Centennial Puzzle"},{"floor":9,"key":"The Courier"}],"event_choices":[{"cards_removed":["Strike_R"],"damage_healed":0,"gold_gain":0,"player_choice":"Card Removal","damage_taken":7,"max_hp_gain":0,"max_hp_loss":0,"event_name":"Golden Wing","floor":2,"gold_loss":0},{"damage_healed":0,"gold_gain":0,"player_choice":"2 cards matched","damage_taken":0,"max_hp_gain":0,"max_hp_loss":0,"event_name":"Match and Keep!","floor":5,"gold_loss":0,"cards_obtained":["Clothesline","Flash of Steel"]},{"damage_healed":0,"gold_gain":0,"player_choice":"Searched \u00273\u0027 times","damage_taken":0,"relics_obtained":["Molten Egg 2"],"max_hp_gain":0,"max_hp_loss":0,"event_name":"Dead Adventurer","floor":10,"gold_loss":0}],"is_beta":false,"boss_relics":[],"items_purged_floors":[4],"is_endless":false,"potions_floor_spawned":[1],"killed_by":"Lagavulin Event","ascension_level":3}