{"gold_per_floor":[119,119,269,290,72,72,85,128,128,163,163,183,183,218,218,317,317,340,8,22,22,40,40,40,40,114,114,2,27,27,61,61,159,159,174,49,62,308,326,359,359,374,420,5,28,71,84,105,105,105,105],"floor_reached":52,"playtime":3570,"items_purged":["Doubt","Strike_G"],"score":1980,"play_id":"4f4480ac-5fc7-4a94-9630-fd9246147f59","local_time":"20181202193227","is_ascension_mode":true,"campfire_choices":[{"data":"Cloak And Dagger","floor":6,"key":"SMITH"},{"data":"Footwork","floor":11,"key":"SMITH"},{"data":"Concentrate","floor":13,"key":"SMITH"},{"data":"Neutralize","floor":15,"key":"SMITH"},{"data":"Blade Dance","floor":23,"key":"SMITH"},{"data":"Choke","floor":25,"key":"SMITH"},{"data":"Corpse Explosion","floor":27,"key":"SMITH"},{"floor":32,"key":"REST"},{"floor":41,"key":"REST"},{"floor":49,"key":"REST"}],"neow_cost":"NONE","seed_source_timestamp":51804359636100,"circlet_count":0,"master_deck":["AscendersBane","Defend_G","Defend_G","Defend_G","Defend_G","Defend_G","Strike_G","Survivor","Neutralize+1","Doppelganger+1","Choke+1","Poisoned Stab+1","Footwork+1","Cloak And Dagger+1","Dash","Die Die Die","Backflip","Concentrate+1","Deflect","Corpse Explosion+1","Blade Dance+1","Backflip","Choke+1","Well Laid Plans","Dodge and Roll","Dodge and Roll","Acrobatics","Skewer+1","PiercingWail","Cloak And Dagger+1"],"relics":["Astrolabe","Golden Idol","Chemical X","StoneCalendar","Shuriken","Odd Mushroom","Meat on the Bone","Sozu","FossilizedHelix","Bottled Flame","Incense Burner","Busted Crown","Old Coin","Bottled Tornado","Orichalcum","Thread and Needle","Ninja Scroll"],"potions_floor_usage":[8,16,33],"damage_taken":[{"damage":7,"enemies":"Small Slimes","floor":1,"turns":3},{"damage":2,"enemies":"Jaw Worm","floor":4,"turns":3},{"damage":0,"enemies":"2 Louse","floor":7,"turns":2},{"damage":1,"enemies":"Gremlin Nob","floor":8,"turns":4},{"damage":3,"enemies":"The Mushroom Lair","floor":10,"turns":3},{"damage":0,"enemies":"Blue Slaver","floor":12,"turns":4},{"damage":4,"enemies":"Lagavulin","floor":14,"turns":5},{"damage":0,"enemies":"Slime Boss","floor":16,"turns":7},{"damage":9,"enemies":"Chosen","floor":18,"turns":6},{"damage":6,"enemies":"Shell Parasite","floor":20,"turns":5},{"damage":16,"enemies":"Snake Plant","floor":22,"turns":5},{"damage":0,"enemies":"Centurion and Healer","floor":29,"turns":3},{"damage":22,"enemies":"Gremlin Leader","floor":31,"turns":7},{"damage":20,"enemies":"Champ","floor":33,"turns":12},{"damage":0,"enemies":"Orb Walker","floor":35,"turns":4},{"damage":0,"enemies":"3 Shapes","floor":37,"turns":6},{"damage":0,"enemies":"Maw","floor":39,"turns":6},{"damage":42,"enemies":"Reptomancer","floor":40,"turns":6},{"damage":19,"enemies":"Spire Growth","floor":42,"turns":5},{"damage":0,"enemies":"Jaw Worm Horde","floor":45,"turns":4},{"damage":0,"enemies":"Giant Head","floor":46,"turns":5},{"damage":0,"enemies":"Transient","floor":47,"turns":6},{"damage":7,"enemies":"Writhing Mass","floor":48,"turns":4},{"damage":11,"enemies":"Awakened One","floor":50,"turns":10},{"damage":40,"enemies":"Time Eater","floor":51,"turns":13}],"seed_played":"-4210014497191452503","potions_obtained":[{"floor":1,"key":"GhostInAJar"},{"floor":7,"key":"Block Potion"},{"floor":10,"key":"Fire Potion"},{"floor":12,"key":"Dexterity Potion"}],"is_trial":false,"path_per_floor":["M","?","?","M","$","R","M","E","T","?","R","M","R","E","R","B",null,"M","$","M","?","M","R","?","R","T","R","$","M","$","E","R","B",null,"M","$","M","?","M","E","R","M","T","$","M","E","M","M","R","B","B",null],"character_chosen":"THE_SILENT","items_purchased":["Chemical X","FossilizedHelix","Well Laid Plans","Dodge and Roll","Acrobatics","Thread and Needle"],"campfire_rested":3,"item_purchase_floors":[5,19,28,28,36,44],"current_hp_per_floor":[52,52,52,50,50,50,50,49,49,46,46,46,46,42,42,42,56,47,47,41,41,37,37,37,37,37,37,37,37,37,27,45,37,54,54,54,54,54,54,24,42,35,35,35,35,35,35,40,58,47,19],"gold":105,"neow_bonus":"BOSS_RELIC","is_prod":false,"is_daily":false,"chose_seed":false,"campfire_upgraded":7,"win_rate":0,"timestamp":1543797147,"path_taken":["M","?","?","M","$","R","M","E","T","?","R","?","R","E","R","BOSS","M","$","?","?","M","R","?","R","T","R","?","M","$","E","R","BOSS","M","$","M","?","?","E","R","M","T","$","M","E","M","M","R","BOSS","BOSS"],"build_version":"2018-11-15","purchased_purges":2,"victory":true,"max_hp_per_floor":[66,60,60,60,60,60,60,60,60,60,60,60,60,60,60,60,60,60,60,60,60,60,60,60,60,60,60,60,60,60,60,60,60,60,60,60,60,60,60,60,60,60,60,60,60,60,60,60,60,60,60],"card_choices":[{"not_picked":["Deflect","Sucker Punch"],"picked":"Footwork","floor":1},{"not_picked":["Outmaneuver","PiercingWail"],"picked":"Cloak And Dagger","floor":4},{"not_picked":["Endless Agony","Accuracy"],"picked":"Dash","floor":7},{"not_picked":["Storm of Steel","Poisoned Stab"],"picked":"Die Die Die","floor":8},{"not_picked":["Leg Sweep","Dagger Spray"],"picked":"Backflip","floor":10},{"not_picked":["Sucker Punch","Expertise"],"picked":"Concentrate","floor":12},{"not_picked":["Unload","Bane"],"picked":"Deflect","floor":14},{"not_picked":["Bullet Time","Storm of Steel"],"picked":"Corpse Explosion","floor":16},{"not_picked":["Bane+1","Dodge and Roll"],"picked":"Blade Dance","floor":18},{"not_picked":["Quick Slash","Calculated Gamble"],"picked":"Backflip","floor":20},{"not_picked":["Deflect","Setup"],"picked":"Choke","floor":22},{"not_picked":["Quick Slash","All Out Attack+1","Backstab"],"picked":"SKIP","floor":29},{"not_picked":["Reflex","Masterful Stab"],"picked":"Dodge and Roll","floor":31},{"not_picked":["Poisoned Stab"],"picked":"SKIP","floor":35},{"not_picked":["Dodge and Roll"],"picked":"SKIP","floor":37},{"not_picked":["Dagger Throw"],"picked":"SKIP","floor":39},{"not_picked":[],"picked":"Skewer+1","floor":40},{"not_picked":["Predator"],"picked":"SKIP","floor":42},{"not_picked":["Quick Slash"],"picked":"SKIP","floor":45},{"not_picked":[],"picked":"PiercingWail","floor":46},{"not_picked":[],"picked":"Cloak And Dagger+1","floor":47},{"not_picked":["Dagger Spray"],"picked":"SKIP","floor":48}],"player_experience":1737096,"relics_obtained":[{"floor":8,"key":"StoneCalendar"},{"floor":9,"key":"Shuriken"},{"floor":10,"key":"Odd Mushroom"},{"floor":14,"key":"Meat on the Bone"},{"floor":26,"key":"Bottled Flame"},{"floor":31,"key":"Incense Burner"},{"floor":40,"key":"Bottled Tornado"},{"floor":43,"key":"Orichalcum"},{"floor":46,"key":"Ninja Scroll"}],"event_choices":[{"damage_healed":0,"gold_gain":0,"player_choice":"Lose Max HP","damage_taken":0,"relics_obtained":["Golden Idol"],"max_hp_gain":0,"max_hp_loss":6,"event_name":"Golden Idol","floor":2,"gold_loss":0},{"damage_healed":0,"gold_gain":150,"player_choice":"AGREE","damage_taken":0,"max_hp_gain":0,"max_hp_loss":0,"event_name":"Liars Game","floor":3,"gold_loss":0,"cards_obtained":["Doubt"]},{"damage_healed":0,"gold_gain":0,"player_choice":"Fought Mushrooms","damage_taken":0,"max_hp_gain":0,"max_hp_loss":0,"event_name":"Mushrooms","floor":10,"gold_loss":0},{"damage_healed":0,"gold_gain":0,"player_choice":"Ignored","damage_taken":0,"max_hp_gain":0,"max_hp_loss":0,"event_name":"Vampires","floor":21,"gold_loss":0},{"damage_healed":0,"gold_gain":0,"player_choice":"Paid Gold","damage_taken":0,"relics_obtained":["Old Coin"],"max_hp_gain":0,"max_hp_loss":0,"event_name":"WeMeetAgain","floor":38,"gold_loss":54}],"is_beta":true,"boss_relics":[{"not_picked":["Coffee Dripper","Cursed Key"],"picked":"Sozu"},{"not_picked":["White Beast Statue","Velvet Choker"],"picked":"Busted Crown"}],"items_purged_floors":[36,44],"is_endless":false,"potions_floor_spawned":[1,7,10,12,18,29,33,39,40,46,47],"ascension_level":20}