{"gold_per_floor":[361,361,375,390,17,42,42,100,100,100,25,36,36,36,36,136,136,136,136,136,136,136,136,136,136,136,136,136,51,51,51,51,51,51,51,51,51],"floor_reached":37,"playtime":2657,"items_purged":["Strike_B"],"score":823,"play_id":"a9e09f28-5c32-41b3-acaa-6e0357149016","local_time":"20181118182156","is_ascension_mode":true,"campfire_choices":[{"data":"Zap","floor":7,"key":"SMITH"},{"data":"Defragment","floor":10,"key":"SMITH"},{"floor":13,"key":"REST"},{"data":"Loop","floor":15,"key":"SMITH"},{"floor":23,"key":"REST"},{"data":"Coolheaded","floor":32,"key":"SMITH"}],"neow_cost":"TEN_PERCENT_HP_LOSS","seed_source_timestamp":54203109982024,"circlet_count":0,"master_deck":["AscendersBane","Strike_B","Strike_B","Strike_B","Defend_B","Defend_B","Defend_B","Defend_B","Zap+1","Dualcast","Leap","Biased Cognition","Loop+1","Glacier+1","Ball Lightning","Electrodynamics","Echo Form","Defragment+1","Go for the Eyes+1","Meteor Strike+1","Conserve Battery+1","Doom and Gloom+1","Chill","Core Surge+1","White Noise","Ghostly","Ghostly","Ghostly","Ghostly","Ghostly","Hologram","Coolheaded+1","Fission","Capacitor+1"],"relics":["Cracked Core","FossilizedHelix","Molten Egg 2","Matryoshka","Lantern","Sundial","Cables","Nunchaku","Ectoplasm","Juzu Bracelet","MawBank","War Paint","Bird Faced Urn","Fusion Hammer"],"potions_floor_usage":[18,20,21,24,24,33,37],"damage_taken":[{"damage":26,"enemies":"Small Slimes","floor":1,"turns":4},{"damage":0,"enemies":"Cultist","floor":3,"turns":2},{"damage":0,"enemies":"2 Louse","floor":4,"turns":3},{"damage":0,"enemies":"3 Sentries","floor":6,"turns":2},{"damage":6,"enemies":"Gremlin Nob","floor":8,"turns":5},{"damage":0,"enemies":"Blue Slaver","floor":12,"turns":4},{"damage":0,"enemies":"The Guardian","floor":16,"turns":8},{"damage":14,"enemies":"Shell Parasite","floor":18,"turns":4},{"damage":12,"enemies":"3 Byrds","floor":20,"turns":4},{"damage":13,"enemies":"Snake Plant","floor":21,"turns":3},{"damage":15,"enemies":"Cultist and Chosen","floor":22,"turns":4},{"damage":5,"enemies":"Gremlin Leader","floor":24,"turns":5},{"damage":0,"enemies":"Snecko","floor":25,"turns":3},{"damage":2,"enemies":"Slavers","floor":28,"turns":3},{"damage":3,"enemies":"Shelled Parasite and Fungi","floor":30,"turns":6},{"damage":0,"enemies":"Champ","floor":33,"turns":13},{"damage":5,"enemies":"3 Shapes","floor":35,"turns":3},{"damage":42,"enemies":"3 Darklings","floor":37,"turns":2}],"seed_played":"-391789346991083603","potions_obtained":[{"floor":8,"key":"GamblersBrew"},{"floor":16,"key":"SkillPotion"},{"floor":18,"key":"PowerPotion"},{"floor":21,"key":"PowerPotion"},{"floor":22,"key":"Block Potion"},{"floor":25,"key":"SteroidPotion"},{"floor":30,"key":"EssenceOfSteel"}],"is_trial":false,"path_per_floor":["M","?","M","M","$","E","R","?","T","R","$","M","R","T","R","B",null,"M","?","M","M","M","R","E","M","T","?","E","?","M","?","R","B",null,"M","?","M"],"character_chosen":"DEFECT","items_purchased":["Electrodynamics","FossilizedHelix"],"campfire_rested":2,"item_purchase_floors":[5,5],"current_hp_per_floor":[42,42,42,42,42,42,42,36,36,36,36,36,56,56,56,56,65,51,51,39,26,11,31,26,26,26,26,24,24,33,29,29,39,39,34,34,0],"gold":51,"neow_bonus":"TWO_FIFTY_GOLD","is_prod":false,"is_daily":false,"chose_seed":false,"campfire_upgraded":4,"win_rate":0,"timestamp":1542583316,"path_taken":["M","?","?","M","$","E","R","?","T","R","$","M","R","?","R","BOSS","M","?","M","?","M","R","E","M","T","?","E","?","M","?","R","BOSS","M","?","M"],"build_version":"2018-11-15","purchased_purges":1,"victory":false,"max_hp_per_floor":[68,68,68,68,68,68,68,68,68,68,68,68,68,68,68,68,68,68,68,68,68,68,68,68,68,68,34,34,34,34,39,39,39,39,39,39,39],"card_choices":[{"not_picked":["Rebound","Turbo"],"picked":"Leap","floor":1},{"not_picked":["Force Field","Doom and Gloom"],"picked":"Glacier","floor":3},{"not_picked":["Go for the Eyes","Leap"],"picked":"Ball Lightning","floor":4},{"not_picked":["Leap","Chaos"],"picked":"Echo Form","floor":6},{"not_picked":["Ball Lightning+1","Streamline+1"],"picked":"Defragment","floor":8},{"not_picked":["Melter+1","Heatsinks"],"picked":"Go for the Eyes+1","floor":12},{"not_picked":["Echo Form","Reboot"],"picked":"Meteor Strike+1","floor":16},{"not_picked":["Stack","Go for the Eyes+1","Sweeping Beam+1"],"picked":"SKIP","floor":18},{"not_picked":["Recycle","Ball Lightning+1"],"picked":"Conserve Battery","floor":20},{"not_picked":["Leap","Scrape+1"],"picked":"Doom and Gloom+1","floor":21},{"not_picked":["Streamline+1","Recycle"],"picked":"Chill","floor":22},{"not_picked":["Barrage+1","Skim"],"picked":"Core Surge+1","floor":24},{"not_picked":["Heatsinks","Chill+1"],"picked":"White Noise","floor":25},{"not_picked":["Genetic Algorithm","Lockon+1"],"picked":"Hologram","floor":28},{"not_picked":["Steam Power","Ball Lightning+1"],"picked":"Coolheaded","floor":30},{"not_picked":["Amplify","Echo Form"],"picked":"Fission","floor":33},{"not_picked":["Aggregate+1","Chaos+1"],"picked":"Capacitor+1","floor":35}],"player_experience":541516,"relics_obtained":[{"floor":6,"key":"Molten Egg 2"},{"floor":8,"key":"Matryoshka"},{"floor":9,"key":"Lantern"},{"floor":9,"key":"Sundial"},{"floor":14,"key":"Cables"},{"floor":14,"key":"Nunchaku"},{"floor":24,"key":"Juzu Bracelet"},{"floor":26,"key":"MawBank"},{"floor":28,"key":"War Paint"}],"event_choices":[{"damage_healed":0,"gold_gain":0,"player_choice":"2 cards matched","damage_taken":0,"max_hp_gain":0,"max_hp_loss":0,"event_name":"Match and Keep!","floor":2,"gold_loss":0,"cards_obtained":["Biased Cognition","Loop"]},{"damage_healed":0,"gold_gain":30,"player_choice":"Searched \u00272\u0027 times","damage_taken":0,"max_hp_gain":0,"max_hp_loss":0,"event_name":"Dead Adventurer","floor":8,"gold_loss":0},{"damage_healed":0,"gold_gain":0,"player_choice":"Cursed","damage_taken":0,"max_hp_gain":0,"max_hp_loss":0,"event_name":"Wheel of Change","floor":19,"gold_loss":0,"cards_obtained":["Decay"]},{"damage_healed":0,"gold_gain":0,"player_choice":"Became a Ghost","damage_taken":0,"max_hp_gain":0,"max_hp_loss":34,"event_name":"Ghosts","floor":27,"gold_loss":0,"cards_obtained":["Ghostly","Ghostly","Ghostly","Ghostly","Ghostly"]},{"damage_healed":0,"gold_gain":0,"player_choice":"Obtained Relic","damage_taken":0,"relics_obtained":["Bird Faced Urn"],"max_hp_gain":0,"max_hp_loss":0,"event_name":"Addict","floor":29,"gold_loss":85},{"damage_healed":0,"gold_gain":0,"player_choice":"Shed Blood","damage_taken":9,"max_hp_gain":5,"max_hp_loss":0,"event_name":"Forgotten Altar","floor":31,"gold_loss":0},{"cards_removed":["Decay"],"damage_healed":0,"gold_gain":0,"player_choice":"Removed Curses","damage_taken":0,"max_hp_gain":0,"max_hp_loss":0,"event_name":"Fountain of Cleansing","floor":36,"gold_loss":0}],"is_beta":false,"boss_relics":[{"not_picked":["FrozenCore","Velvet Choker"],"picked":"Ectoplasm"},{"not_picked":["Astrolabe","Pandora\u0027s Box"],"picked":"Fusion Hammer"}],"items_purged_floors":[11],"is_endless":false,"potions_floor_spawned":[8,16,18,21,22,25,30],"killed_by":"3 Darklings","ascension_level":10}