{"gold_per_floor":[114,129,129,54,69,69,21,21,46,61,76,91,91,106,106,206,206,221,71,86,101,151,151,151,166,216,231,246,261,276,291,291,291],"floor_reached":33,"playtime":1811,"items_purged":["Defend_R"],"score":297,"play_id":"10e7728c-2d04-4e1d-adbd-becbd6a0a20d","local_time":"20181012114615","daily_mods":["Shiny","Time Dilation","DeadlyEvents"],"is_ascension_mode":false,"campfire_choices":[{"data":"Pommel Strike","floor":6,"key":"SMITH"},{"data":"Double Tap","floor":8,"key":"SMITH"},{"data":"Immolate","floor":13,"key":"SMITH"},{"data":"Barricade","floor":15,"key":"SMITH"},{"floor":23,"key":"REST"},{"floor":32,"key":"REST"}],"neow_cost":"","seed_source_timestamp":207853597335621,"circlet_count":0,"master_deck":["Double Tap+1","Demon Form","Bludgeon","Feed","Limit Break","Barricade+1","Fiend Fire","Dark Embrace","Berserk","Impervious","Juggernaut","Brutality","Reaper","Exhume","Offering","Immolate+1","Strike_R","Strike_R","Strike_R","Strike_R","Strike_R","Defend_R","Defend_R","Defend_R","Bash","Spot Weakness","Feel No Pain","Pommel Strike+1","Warcry","Shrug It Off","Evolve","Twin Strike","Armaments+1","Iron Wave+1","Thunderclap+1","Pummel+1","Headbutt+1","Iron Wave+1"],"special_seed":17816,"relics":["Burning Blood","Omamori","Mark of Pain","PreservedInsect","Dream Catcher","FaceOfCleric","Blood Vial"],"potions_floor_usage":[11,11,18,18,20,29,31,33],"damage_taken":[{"damage":7,"enemies":"Small Slimes","floor":1,"turns":2},{"damage":6,"enemies":"Jaw Worm","floor":2,"turns":2},{"damage":7,"enemies":"Cultist","floor":5,"turns":3},{"damage":0,"enemies":"Exordium Wildlife","floor":10,"turns":2},{"damage":13,"enemies":"Red Slaver","floor":11,"turns":2},{"damage":4,"enemies":"Blue Slaver","floor":12,"turns":3},{"damage":12,"enemies":"Exordium Thugs","floor":14,"turns":2},{"damage":47,"enemies":"Hexaghost","floor":16,"turns":8},{"damage":23,"enemies":"Shell Parasite","floor":18,"turns":3},{"damage":25,"enemies":"2 Thieves","floor":20,"turns":4},{"damage":50,"enemies":"Shelled Parasite and Fungi","floor":21,"turns":5},{"damage":19,"enemies":"Chosen and Byrds","floor":25,"turns":4},{"damage":32,"enemies":"Sentry and Sphere","floor":27,"turns":4},{"damage":6,"enemies":"Centurion and Healer","floor":28,"turns":2},{"damage":26,"enemies":"3 Cultists","floor":29,"turns":5},{"damage":4,"enemies":"Chosen and Byrds","floor":30,"turns":3},{"damage":19,"enemies":"Snake Plant","floor":31,"turns":2},{"damage":76,"enemies":"Automaton","floor":33,"turns":6}],"seed_played":"-4401274191363558233","potions_obtained":[{"floor":1,"key":"AttackPotion"},{"floor":2,"key":"EssenceOfSteel"},{"floor":14,"key":"Swift Potion"},{"floor":16,"key":"Energy Potion"},{"floor":18,"key":"AttackPotion"},{"floor":27,"key":"Explosive Potion"},{"floor":29,"key":"Energy Potion"},{"floor":31,"key":"Dexterity Potion"}],"is_trial":false,"path_per_floor":["M","M","?","$","M","R","$","R","T","M","M","M","R","M","R","B",null,"M","$","M","M","T","R","?","M","T","M","M","M","M","M","R"],"character_chosen":"IRONCLAD","items_purchased":["Warcry","PreservedInsect"],"campfire_rested":2,"item_purchase_floors":[7,19],"current_hp_per_floor":[79,79,84,84,83,83,83,83,83,85,78,80,80,81,81,40,85,68,68,53,18,18,44,44,35,35,20,31,27,36,28,59,0],"gold":291,"neow_bonus":"","is_prod":false,"is_daily":true,"chose_seed":false,"campfire_upgraded":4,"win_rate":0,"timestamp":1539359175,"path_taken":["M","M","?","$","M","R","$","R","T","M","M","?","R","M","R","BOSS","M","$","M","M","?","R","?","M","T","?","M","M","M","M","R","BOSS"],"build_version":"2018-10-11","purchased_purges":1,"victory":false,"max_hp_per_floor":[80,80,85,85,85,85,85,85,85,85,85,85,85,85,85,85,85,85,85,85,88,88,88,88,92,92,97,98,102,103,104,104,104],"card_choices":[{"not_picked":["Flex","Shrug It Off"],"picked":"Spot Weakness","floor":1},{"not_picked":["Warcry","Battle Trance"],"picked":"Feel No Pain","floor":2},{"not_picked":["Whirlwind","True Grit"],"picked":"Pommel Strike","floor":5},{"not_picked":["Clothesline","Clash"],"picked":"Shrug It Off","floor":10},{"not_picked":["Power Through","Entrench","Armaments"],"picked":"SKIP","floor":11},{"not_picked":["True Grit","Clothesline"],"picked":"Evolve","floor":12},{"not_picked":["Perfected Strike","Warcry"],"picked":"Twin Strike","floor":14},{"not_picked":["Wild Strike","Havoc"],"picked":"Armaments+1","floor":18},{"not_picked":["Wild Strike","Clothesline+1"],"picked":"Iron Wave+1","floor":20},{"not_picked":["Intimidate","Barricade","Headbutt"],"picked":"SKIP","floor":21},{"not_picked":["Bloodletting","Intimidate"],"picked":"Thunderclap+1","floor":23},{"not_picked":["Twin Strike","Sentinel"],"picked":"Pummel+1","floor":25},{"not_picked":["Anger","Armaments"],"picked":"Headbutt+1","floor":27},{"not_picked":["Reckless Charge","Perfected Strike"],"picked":"Iron Wave+1","floor":28},{"not_picked":["True Grit+1","Clothesline","Body Slam"],"picked":"SKIP","floor":29},{"not_picked":["Combust","Perfected Strike","Burning Pact"],"picked":"SKIP","floor":30},{"not_picked":["Burning Pact","Warcry","Cleave"],"picked":"SKIP","floor":31}],"player_experience":272705,"relics_obtained":[{"floor":9,"key":"Omamori"},{"floor":22,"key":"Dream Catcher"},{"floor":26,"key":"Blood Vial"}],"event_choices":[{"event_name":"Big Fish","player_choice":"Donut","floor":3,"damage_taken":0},{"event_name":"FaceTrader","player_choice":"Trade","floor":24,"damage_taken":0}],"is_beta":false,"boss_relics":[{"not_picked":["Runic Dome","Fusion Hammer"],"picked":"Mark of Pain"}],"items_purged_floors":[4],"is_endless":false,"potions_floor_spawned":[1,2,14,16,18,27,29,31],"killed_by":"Automaton","ascension_level":0}