{"gold_per_floor":[113,113,130,49,49,49,68,78,78,97,128,203,215,247,247,350,350,369,384,404,404,424,424],"floor_reached":23,"playtime":1332,"items_purged":[],"score":205,"play_id":"ad97b064-058f-4240-a206-7941587b2b2d","local_time":"20190205172529","is_ascension_mode":false,"campfire_choices":[{"data":"Bash","floor":6,"key":"SMITH"},{"floor":15,"key":"REST"}],"neow_cost":"TEN_PERCENT_HP_LOSS","seed_source_timestamp":464886644531537,"circlet_count":0,"master_deck":["Strike_R","Strike_R","Strike_R","Strike_R","Strike_R","Defend_R","Defend_R+1","Defend_R+1","Defend_R","Bash+1","Cleave","Flame Barrier+1","Iron Wave","Shrug It Off","Armaments","Clothesline","Battle Trance","Pommel Strike","Headbutt+1"],"relics":["Black Blood","Turnip","Self Forming Clay","Meat on the Bone","War Paint"],"potions_floor_usage":[11,11,14,14,23,23,23,23,23],"damage_taken":[{"damage":0,"enemies":"2 Louse","floor":1,"turns":3},{"damage":16,"enemies":"Jaw Worm","floor":3,"turns":5},{"damage":7,"enemies":"Small Slimes","floor":7,"turns":3},{"damage":9,"enemies":"Gremlin Gang","floor":8,"turns":3},{"damage":0,"enemies":"2 Fungi Beasts","floor":10,"turns":3},{"damage":14,"enemies":"Gremlin Nob","floor":11,"turns":4},{"damage":3,"enemies":"Exordium Thugs","floor":13,"turns":6},{"damage":22,"enemies":"Lagavulin","floor":14,"turns":6},{"damage":52,"enemies":"Hexaghost","floor":16,"turns":12},{"damage":5,"enemies":"Shell Parasite","floor":18,"turns":12},{"damage":19,"enemies":"3 Byrds","floor":19,"turns":8},{"damage":0,"enemies":"Snake Plant","floor":20,"turns":6},{"damage":2,"enemies":"Centurion and Healer","floor":22,"turns":13},{"damage":97,"enemies":"Gremlin Leader","floor":23,"turns":10}],"seed_played":"-5555331260375956095","potions_obtained":[{"floor":1,"key":"SteroidPotion"},{"floor":10,"key":"SteroidPotion"},{"floor":11,"key":"AttackPotion"},{"floor":14,"key":"Swift Potion"},{"floor":19,"key":"Regen Potion"},{"floor":20,"key":"FairyPotion"},{"floor":21,"key":"EntropicBrew"},{"floor":21,"key":"AttackPotion"}],"is_trial":false,"path_per_floor":["M","?","M","$","?","R","M","M","T","M","E","?","M","E","R","B",null,"M","M","M","?","M","E"],"character_chosen":"IRONCLAD","items_purchased":["PowerPotion","Flame Barrier"],"campfire_rested":1,"item_purchase_floors":[4,4],"current_hp_per_floor":[72,72,62,62,62,62,61,58,58,64,56,49,52,48,69,35,72,72,63,72,72,72,0],"gold":424,"neow_bonus":"ONE_RARE_RELIC","is_prod":false,"is_daily":false,"chose_seed":false,"campfire_upgraded":1,"win_rate":0,"timestamp":1549405529,"path_taken":["M","?","M","$","?","R","M","M","T","M","E","?","M","E","R","BOSS","M","?","M","?","M","E"],"build_version":"2019-01-23","purchased_purges":0,"victory":false,"max_hp_per_floor":[72,72,72,72,72,72,72,72,72,72,72,72,72,72,72,72,72,72,72,72,72,72,72],"card_choices":[{"not_picked":["Power Through","Clash"],"picked":"Cleave","floor":1},{"not_picked":["Twin Strike","Heavy Blade","Corruption"],"picked":"SKIP","floor":3},{"not_picked":["Cleave","Entrench"],"picked":"Iron Wave","floor":7},{"not_picked":["Corruption","Searing Blow"],"picked":"Shrug It Off","floor":8},{"not_picked":["Second Wind","Flex"],"picked":"Armaments","floor":10},{"not_picked":["Exhume","Warcry","Hemokinesis"],"picked":"SKIP","floor":11},{"not_picked":["Body Slam","True Grit"],"picked":"Clothesline","floor":13},{"not_picked":["Anger","Intimidate"],"picked":"Battle Trance","floor":14},{"not_picked":["True Grit","Fire Breathing"],"picked":"Pommel Strike","floor":18},{"not_picked":["Infernal Blade","Flex"],"picked":"Headbutt+1","floor":19},{"not_picked":["Carnage","Havoc","True Grit"],"picked":"SKIP","floor":20},{"not_picked":["Flex","Perfected Strike+1","Headbutt"],"picked":"SKIP","floor":22}],"player_experience":169936,"relics_obtained":[{"floor":9,"key":"Self Forming Clay"},{"floor":11,"key":"Meat on the Bone"},{"floor":14,"key":"War Paint"}],"event_choices":[{"damage_healed":0,"gold_gain":0,"player_choice":"Leave","damage_taken":0,"max_hp_gain":0,"max_hp_loss":0,"event_name":"The Cleric","floor":2,"gold_loss":0},{"damage_healed":0,"gold_gain":0,"player_choice":"Grow","damage_taken":0,"max_hp_gain":0,"max_hp_loss":0,"event_name":"Living Wall","floor":5,"gold_loss":0,"cards_upgraded":["Flame Barrier"]},{"damage_healed":0,"gold_gain":75,"player_choice":"Touch","damage_taken":7,"max_hp_gain":0,"max_hp_loss":0,"event_name":"FaceTrader","floor":12,"gold_loss":0},{"damage_healed":0,"gold_gain":0,"player_choice":"Got Potions","damage_taken":0,"max_hp_gain":0,"max_hp_loss":0,"event_name":"Lab","floor":21,"gold_loss":0}],"is_beta":false,"boss_relics":[{"not_picked":["Empty Cage","Eternal Feather"],"picked":"Black Blood"}],"items_purged_floors":[],"is_endless":false,"potions_floor_spawned":[1,10,11,14,19,20],"killed_by":"Gremlin Leader","ascension_level":0}