{"gold_per_floor":[315,331,406,116,116,169,202,232,232,232,297,297,337,364,364,460,460,498,518,2,19,19,44,56,56,134,188,188,238,238],"floor_reached":30,"playtime":2254,"items_purged":["Strike_B"],"score":422,"play_id":"3bcc034f-de37-4eed-9b4a-c2f8a54e1d52","local_time":"20190208192148","is_ascension_mode":true,"campfire_choices":[{"floor":10,"key":"REST"},{"floor":12,"key":"REST"},{"floor":15,"key":"REST"},{"data":"Hologram","floor":25,"key":"SMITH"},{"floor":28,"key":"REST"}],"neow_cost":"NO_GOLD","seed_source_timestamp":2671294967300273,"circlet_count":0,"master_deck":["Strike_B","Strike_B","Defend_B","Defend_B","Defend_B","Defend_B","Zap","Dualcast","Cold Snap","Sweeping Beam","HandOfGreed","Hologram+1","Coolheaded","Seek","Undo","Conserve Battery","Stack","Ball Lightning","Ball Lightning","Multi-Cast","Streamline+1","Defragment","Thunder Strike","Rainbow"],"relics":["Cracked Core","Old Coin","Bottled Lightning","Sundial","Dream Catcher","Busted Crown","Gremlin Horn","Juzu Bracelet","Frozen Egg 2","Dodecahedron","Nunchaku"],"potions_floor_usage":[6,8,11,23],"damage_taken":[{"damage":1,"enemies":"Cultist","floor":1,"turns":3},{"damage":0,"enemies":"2 Louse","floor":2,"turns":3},{"damage":26,"enemies":"Gremlin Nob","floor":6,"turns":5},{"damage":0,"enemies":"Small Slimes","floor":7,"turns":4},{"damage":16,"enemies":"Gremlin Gang","floor":8,"turns":3},{"damage":17,"enemies":"3 Sentries","floor":11,"turns":6},{"damage":9,"enemies":"Exordium Thugs","floor":13,"turns":7},{"damage":6,"enemies":"Slime Boss","floor":16,"turns":7},{"damage":15,"enemies":"3 Byrds","floor":18,"turns":6},{"damage":0,"enemies":"Spheric Guardian","floor":19,"turns":3},{"damage":11,"enemies":"Snecko","floor":21,"turns":5},{"damage":0,"enemies":"Gremlin Leader","floor":23,"turns":6},{"damage":7,"enemies":"Chosen and Byrds","floor":24,"turns":6},{"damage":16,"enemies":"3 Cultists","floor":27,"turns":5},{"damage":36,"enemies":"Slavers","floor":29,"turns":7},{"damage":17,"enemies":"Snake Plant","floor":30,"turns":1}],"seed_played":"8600649596687499087","potions_obtained":[{"floor":2,"key":"EssenceOfSteel"},{"floor":7,"key":"EssenceOfSteel"},{"floor":8,"key":"AttackPotion"},{"floor":18,"key":"Explosive Potion"},{"floor":23,"key":"FairyPotion"},{"floor":29,"key":"SteroidPotion"}],"is_trial":false,"path_per_floor":["M","M","?","$","?","E","M","M","T","R","E","R","M","T","R","B",null,"M","M","$","M","?","E","M","R","T","M","R","E","M"],"character_chosen":"DEFECT","items_purchased":["HandOfGreed","Hologram","Coolheaded","Defragment","Gremlin Horn","Juzu Bracelet"],"campfire_rested":4,"item_purchase_floors":[4,4,4,20,20,20],"current_hp_per_floor":[67,67,56,56,56,30,30,14,14,36,19,41,32,32,54,48,68,53,53,53,42,42,42,35,35,35,19,41,5,0],"gold":238,"neow_bonus":"ONE_RARE_RELIC","is_prod":false,"is_daily":false,"chose_seed":false,"campfire_upgraded":1,"win_rate":0,"timestamp":1549671708,"path_taken":["M","?","?","$","?","E","?","M","T","R","E","R","M","?","R","BOSS","M","M","$","M","?","E","M","R","T","M","R","E","M"],"build_version":"2019-01-23","purchased_purges":1,"victory":false,"max_hp_per_floor":[75,75,75,75,75,75,75,75,75,75,75,75,75,75,75,75,75,75,75,75,75,75,75,75,75,75,75,75,75,75],"card_choices":[{"not_picked":["Hologram","Skim"],"picked":"Cold Snap","floor":1},{"not_picked":["Turbo","Rebound"],"picked":"Sweeping Beam","floor":2},{"not_picked":["Beam Cell","Undo"],"picked":"Seek","floor":6},{"not_picked":["Barrage","Fusion"],"picked":"Undo","floor":7},{"not_picked":["Go for the Eyes","Steam"],"picked":"Conserve Battery","floor":8},{"not_picked":["Fusion","Conserve Battery"],"picked":"Stack","floor":11},{"not_picked":["Meteor Strike","Barrage"],"picked":"Ball Lightning","floor":13},{"not_picked":["Darkness","Cold Snap"],"picked":"Ball Lightning","floor":15},{"not_picked":["Amplify","Seek"],"picked":"Multi-Cast","floor":16},{"not_picked":[],"picked":"Streamline+1","floor":18},{"not_picked":["Beam Cell"],"picked":"SKIP","floor":19},{"not_picked":["Heatsinks"],"picked":"SKIP","floor":21},{"not_picked":[],"picked":"Thunder Strike","floor":23},{"not_picked":["Chill"],"picked":"SKIP","floor":24},{"not_picked":["Steam"],"picked":"SKIP","floor":27},{"not_picked":[],"picked":"Rainbow","floor":29}],"player_experience":319666,"relics_obtained":[{"floor":6,"key":"Bottled Lightning"},{"floor":11,"key":"Sundial"},{"floor":14,"key":"Dream Catcher"},{"floor":23,"key":"Frozen Egg 2"},{"floor":26,"key":"Dodecahedron"},{"floor":29,"key":"Nunchaku"}],"event_choices":[{"damage_healed":0,"gold_gain":75,"player_choice":"Gather Gold","damage_taken":11,"max_hp_gain":0,"max_hp_loss":0,"event_name":"World of Goop","floor":3,"gold_loss":0},{"cards_removed":["Strike_B"],"damage_healed":0,"gold_gain":0,"player_choice":"Card Removal","damage_taken":0,"max_hp_gain":0,"max_hp_loss":0,"event_name":"Wheel of Change","floor":5,"gold_loss":0},{"damage_healed":0,"gold_gain":0,"player_choice":"Ignored","damage_taken":0,"max_hp_gain":0,"max_hp_loss":0,"event_name":"Beggar","floor":22,"gold_loss":0}],"is_beta":false,"boss_relics":[{"not_picked":["Empty Cage","Eternal Feather"],"picked":"Busted Crown"}],"items_purged_floors":[20],"is_endless":false,"potions_floor_spawned":[2,7,8,18,23,29],"killed_by":"Snake Plant","ascension_level":6}