{"gold_per_floor":[119,119,138,152,163,197,197,217,217,148,162,162,177,191,191,289,289,307,307,323,323,339,339,355,355,382,432,444,444,10,26,26,121,121,134,149,164,164],"floor_reached":38,"playtime":2527,"items_purged":["Defend_G"],"score":484,"play_id":"730a96d5-cbd4-40c9-8ec3-9ac46330607f","local_time":"20190105142207","is_ascension_mode":false,"campfire_choices":[{"data":"Neutralize","floor":7,"key":"SMITH"},{"data":"Noxious Fumes","floor":12,"key":"SMITH"},{"floor":15,"key":"REST"},{"data":"Catalyst","floor":23,"key":"SMITH"},{"data":"Burst","floor":25,"key":"SMITH"},{"data":"Footwork","floor":29,"key":"SMITH"},{"data":"Footwork","floor":32,"key":"SMITH"}],"neow_cost":"NONE","seed_source_timestamp":1630033871815932,"circlet_count":0,"master_deck":["Defend_G","Survivor","Neutralize+1","Flying Knee","Backflip","Acrobatics","Infinite Blades","Venomology","Catalyst+1","Noxious Fumes+1","Dagger Spray","Concentrate","Deadly Poison","Burst+1","Setup+1","Bite","Bite","Bite","Bite","Bite","Infinite Blades","Footwork+1","Catalyst+1","Cloak And Dagger","Leg Sweep","Infinite Blades","Infinite Blades","Caltrops","Footwork+1","Catalyst+1","Wraith Form v2","Concentrate+1","All Out Attack+1","Glass Knife+1","Acrobatics+1","Backflip+1"],"relics":["Philosopher\u0027s Stone","Tough Bandages","Centennial Puzzle","Coffee Dripper","The Courier","Blood Vial","Membership Card","Happy Flower","Astrolabe"],"potions_floor_usage":[8,11,14,16,18,20,22,28,31,31,31,33,36,36,36,36,37,37,38,38],"damage_taken":[{"damage":0,"enemies":"Cultist","floor":1,"turns":5},{"damage":0,"enemies":"2 Louse","floor":3,"turns":2},{"damage":2,"enemies":"Jaw Worm","floor":4,"turns":4},{"damage":29,"enemies":"Large Slime","floor":5,"turns":9},{"damage":29,"enemies":"Lagavulin","floor":6,"turns":7},{"damage":3,"enemies":"Lots of Slimes","floor":8,"turns":5},{"damage":9,"enemies":"2 Fungi Beasts","floor":11,"turns":5},{"damage":0,"enemies":"Blue Slaver","floor":13,"turns":5},{"damage":0,"enemies":"Large Slime","floor":14,"turns":5},{"damage":15,"enemies":"The Guardian","floor":16,"turns":9},{"damage":12,"enemies":"Spheric Guardian","floor":18,"turns":5},{"damage":5,"enemies":"Shell Parasite","floor":20,"turns":4},{"damage":26,"enemies":"Centurion and Healer","floor":22,"turns":6},{"damage":20,"enemies":"3 Cultists","floor":24,"turns":5},{"damage":19,"enemies":"Sentry and Sphere","floor":28,"turns":6},{"damage":18,"enemies":"Chosen and Byrds","floor":31,"turns":5},{"damage":22,"enemies":"Champ","floor":33,"turns":7},{"damage":11,"enemies":"Orb Walker","floor":35,"turns":3},{"damage":8,"enemies":"3 Darklings","floor":36,"turns":5},{"damage":16,"enemies":"4 Shapes","floor":37,"turns":8},{"damage":71,"enemies":"Jaw Worm Horde","floor":38,"turns":4}],"seed_played":"-5506153927226198541","potions_obtained":[{"floor":1,"key":"Ancient Potion"},{"floor":6,"key":"PowerPotion"},{"floor":8,"key":"Explosive Potion"},{"floor":14,"key":"Block Potion"},{"floor":18,"key":"Poison Potion"},{"floor":37,"key":"Dexterity Potion"}],"is_trial":false,"path_per_floor":["M","?","M","M","M","E","R","M","T","$","M","R","M","M","R","B",null,"M","?","M","T","M","R","M","R","T","?","M","R","$","M","R","B",null,"M","M","M","M"],"character_chosen":"THE_SILENT","items_purchased":["Noxious Fumes","Leg Sweep","Membership Card","Happy Flower","Infinite Blades","Infinite Blades","Caltrops","Footwork"],"campfire_rested":1,"item_purchase_floors":[10,30,30,30,30,30,30,30],"current_hp_per_floor":[70,75,75,73,44,15,15,12,12,12,3,3,3,3,25,10,75,63,52,51,51,35,35,29,29,29,29,24,24,24,16,16,6,52,41,41,35,0],"gold":164,"neow_bonus":"BOSS_RELIC","is_prod":false,"is_daily":false,"chose_seed":false,"campfire_upgraded":6,"win_rate":0,"timestamp":1546665727,"path_taken":["M","?","M","M","M","E","R","M","T","$","M","R","M","M","R","BOSS","M","?","M","?","M","R","M","R","T","?","M","R","$","?","R","BOSS","M","M","?","M"],"build_version":"2019-01-03v4","purchased_purges":1,"victory":false,"max_hp_per_floor":[70,75,75,75,75,75,75,75,75,75,75,75,75,75,75,75,75,75,52,52,52,52,52,52,52,52,52,52,52,52,52,52,52,52,52,52,52,52],"card_choices":[{"not_picked":["Reflex","Slice"],"picked":"Flying Knee","floor":1},{"not_picked":["Slice","Underhanded Strike"],"picked":"Backflip","floor":3},{"not_picked":["Masterful Stab","Underhanded Strike"],"picked":"Acrobatics","floor":4},{"not_picked":["Quick Slash","Cloak And Dagger"],"picked":"Infinite Blades","floor":5},{"not_picked":["Backstab","Poisoned Stab"],"picked":"Venomology","floor":6},{"not_picked":["Reflex","Eviscerate"],"picked":"Catalyst","floor":8},{"not_picked":["Dagger Throw","Bane"],"picked":"Dagger Spray","floor":11},{"not_picked":["Eviscerate","Blade Dance"],"picked":"Concentrate","floor":13},{"not_picked":["Acrobatics","Slice"],"picked":"Deadly Poison","floor":14},{"not_picked":["Phantasmal Killer","Glass Knife"],"picked":"Burst","floor":16},{"not_picked":["Prepared","Quick Slash"],"picked":"Setup+1","floor":18},{"not_picked":["Underhanded Strike","Quick Slash"],"picked":"Infinite Blades","floor":20},{"not_picked":["Acrobatics+1","Bane+1"],"picked":"Footwork","floor":22},{"not_picked":["Escape Plan","Cloak And Dagger"],"picked":"Catalyst+1","floor":24},{"not_picked":["Dagger Throw","Outmaneuver"],"picked":"Cloak And Dagger","floor":28},{"not_picked":["Backflip","Blade Dance"],"picked":"Catalyst+1","floor":31},{"not_picked":["Grand Finale","Unload"],"picked":"Wraith Form v2","floor":33},{"not_picked":["Skewer","Deadly Poison+1"],"picked":"Acrobatics+1","floor":35},{"not_picked":["Blade Dance","Deflect"],"picked":"Backflip+1","floor":36},{"not_picked":["Predator","Blade Dance","Sucker Punch"],"picked":"SKIP","floor":37}],"player_experience":760882,"relics_obtained":[{"floor":6,"key":"Tough Bandages"},{"floor":9,"key":"Centennial Puzzle"},{"floor":21,"key":"The Courier"},{"floor":26,"key":"Blood Vial"}],"event_choices":[{"damage_healed":0,"gold_gain":0,"player_choice":"Donut","damage_taken":0,"max_hp_gain":5,"max_hp_loss":0,"event_name":"Big Fish","floor":2,"gold_loss":0},{"damage_healed":0,"gold_gain":0,"player_choice":"Became a vampire","damage_taken":0,"max_hp_gain":0,"max_hp_loss":23,"event_name":"Vampires","floor":19,"gold_loss":0,"cards_obtained":["Bite","Bite","Bite","Bite","Bite"]},{"damage_healed":0,"gold_gain":100,"player_choice":"Bet on Murderer","damage_taken":0,"max_hp_gain":0,"max_hp_loss":0,"event_name":"The Joust","floor":27,"gold_loss":50}],"is_beta":false,"boss_relics":[{"not_picked":["Tiny House","Fusion Hammer"],"picked":"Coffee Dripper"},{"not_picked":["Lizard Tail","Black Star"],"picked":"Astrolabe"}],"items_purged_floors":[30],"is_endless":false,"potions_floor_spawned":[1,6,8,13,14,18,20,24,37],"killed_by":"Jaw Worm Horde","ascension_level":0}