{"gold_per_floor":[109,109,128,203,53,87,87,111,189,224,236,247,247,279,279,378,378,394,394,411,7,23,56,71,71],"floor_reached":25,"playtime":1253,"items_purged":["Strike_R","Defend_R"],"score":265,"play_id":"2043eea0-a49a-4c4e-abf0-c744d3f42da5","local_time":"20181010193703","is_ascension_mode":true,"campfire_choices":[{"data":"Inflame","floor":7,"key":"SMITH"},{"floor":13,"key":"REST"},{"floor":15,"key":"REST"}],"neow_cost":"NONE","seed_source_timestamp":65275370029870,"circlet_count":0,"master_deck":["Strike_R","Strike_R","Defend_R","Offering+1","Metallicize+1","Carnage+1","Rage","Iron Wave","Inflame+1","Demon Form","Second Wind","Spot Weakness","Immolate","Heavy Blade+1","Rupture","Rage+1","Ghostly Armor+1"],"relics":["Astrolabe","Orichalcum","Anchor","Meat on the Bone","Ice Cream","Strawberry","Runic Cube","Mummified Hand","Ancient Tea Set"],"potions_floor_usage":[10,10,16,22,22,23,25,25],"damage_taken":[{"damage":0,"enemies":"Small Slimes","floor":1,"turns":2},{"damage":0,"enemies":"Cultist","floor":3,"turns":2},{"damage":9,"enemies":"Lagavulin","floor":6,"turns":5},{"damage":13,"enemies":"Gremlin Nob","floor":10,"turns":4},{"damage":0,"enemies":"Jaw Worm","floor":11,"turns":3},{"damage":2,"enemies":"2 Fungi Beasts","floor":12,"turns":4},{"damage":26,"enemies":"Lagavulin","floor":14,"turns":5},{"damage":23,"enemies":"Hexaghost","floor":16,"turns":6},{"damage":19,"enemies":"2 Thieves","floor":18,"turns":4},{"damage":10,"enemies":"3 Byrds","floor":20,"turns":3},{"damage":12,"enemies":"Cultist and Chosen","floor":22,"turns":5},{"damage":21,"enemies":"Slavers","floor":23,"turns":2},{"damage":35,"enemies":"Shelled Parasite and Fungi","floor":24,"turns":3},{"damage":16,"enemies":"Book of Stabbing","floor":25,"turns":4}],"seed_played":"-333237869092384248","potions_obtained":[{"floor":1,"key":"Energy Potion"},{"floor":3,"key":"Poison Potion"},{"floor":6,"key":"EssenceOfSteel"},{"floor":14,"key":"LiquidBronze"},{"floor":20,"key":"Block Potion"},{"floor":22,"key":"SpeedPotion"},{"floor":24,"key":"Dexterity Potion"}],"is_trial":false,"path_per_floor":["M","?","M","?","$","E","R","T","T","E","M","M","R","E","R","B",null,"M","?","M","$","M","E","M"],"character_chosen":"IRONCLAD","items_purchased":["Inflame","Mummified Hand","PowerPotion"],"campfire_rested":2,"item_purchase_floors":[5,21,21],"current_hp_per_floor":[80,80,80,69,69,60,60,60,60,47,47,45,69,50,76,53,87,68,68,58,58,46,37,14,0],"gold":71,"neow_bonus":"BOSS_RELIC","is_prod":false,"is_daily":false,"chose_seed":false,"campfire_upgraded":1,"win_rate":0,"timestamp":1539214623,"path_taken":["M","?","M","?","$","E","R","?","T","E","M","?","R","E","R","BOSS","M","?","M","$","M","E","?","E"],"build_version":"2018-10-04v2","purchased_purges":2,"victory":false,"max_hp_per_floor":[80,80,80,80,80,80,80,80,80,80,80,80,80,87,87,87,87,87,87,87,87,87,87,87,87],"card_choices":[{"not_picked":["Uppercut","Battle Trance"],"picked":"Rage","floor":1},{"not_picked":["Clash","Ghostly Armor"],"picked":"Iron Wave","floor":3},{"not_picked":["Anger","Flex"],"picked":"Demon Form","floor":6},{"not_picked":["Dual Wield","Entrench"],"picked":"Second Wind","floor":10},{"not_picked":["Rampage","Dual Wield","Cleave"],"picked":"SKIP","floor":11},{"not_picked":["Heavy Blade","Intimidate"],"picked":"Spot Weakness","floor":12},{"not_picked":["Bludgeon","Flame Barrier","Feel No Pain"],"picked":"SKIP","floor":14},{"not_picked":["Fiend Fire","Offering"],"picked":"Immolate","floor":16},{"not_picked":["Clothesline","Reckless Charge","Hemokinesis"],"picked":"SKIP","floor":18},{"not_picked":["Clothesline","Feel No Pain"],"picked":"Heavy Blade+1","floor":20},{"not_picked":["Power Through","Searing Blow"],"picked":"Rupture","floor":22},{"not_picked":["Burning Pact","Havoc"],"picked":"Rage+1","floor":23},{"not_picked":["Iron Wave","Warcry"],"picked":"Ghostly Armor+1","floor":24}],"player_experience":238632,"relics_obtained":[{"floor":6,"key":"Orichalcum"},{"floor":8,"key":"Anchor"},{"floor":9,"key":"Meat on the Bone"},{"floor":10,"key":"Ice Cream"},{"floor":14,"key":"Strawberry"},{"floor":23,"key":"Ancient Tea Set"}],"event_choices":[{"event_name":"Bonfire Elementals","player_choice":"BASIC","floor":2,"damage_taken":0},{"event_name":"World of Goop","player_choice":"Gather Gold","floor":4,"damage_taken":0},{"event_name":"Back to Basics","player_choice":"Elegance","floor":19,"damage_taken":0}],"is_beta":false,"boss_relics":[{"not_picked":["Eternal Feather","Tiny House"],"picked":"Runic Cube"}],"items_purged_floors":[5,21],"is_endless":false,"potions_floor_spawned":[1,3,6,14,20,22,24],"killed_by":"Book of Stabbing","ascension_level":2}