{"gold_per_floor":[144,189,234,279,229,229,274,364,439,439,484,529,75,120,120,420,420,465,510,555,600,600,600,515,572,584,596],"floor_reached":27,"playtime":1466,"items_purged":[],"score":571,"play_id":"8b3e647d-d6f9-4ffa-8ba8-6bd647779aaf","local_time":"20190131200242","daily_mods":["Insanity","Hoarder","Midas"],"is_ascension_mode":false,"campfire_choices":[{"floor":6,"key":"REST"},{"floor":15,"key":"REST"},{"floor":23,"key":"REST"}],"neow_cost":"","seed_source_timestamp":0,"circlet_count":0,"master_deck":["Dagger Spray","Poisoned Stab","Flying Knee","Crippling Poison","Underhanded Strike","Distraction","Underhanded Strike","Prepared","Flying Knee","Dodge and Roll","Deadly Poison","Flechettes","Dodge and Roll","Accuracy","Bouncing Flask","Dagger Spray","Underhanded Strike","Poisoned Stab","Sucker Punch","Flying Knee","Outmaneuver","Terror","Crippling Poison","Slice","Deflect","Dodge and Roll","Underhanded Strike","Deadly Poison","Prepared","Slice","Flying Knee","Acrobatics","Underhanded Strike","Quick Slash","Blade Dance","Endless Agony","Flechettes","Escape Plan","Bane","Cloak And Dagger","Accuracy","Acrobatics","Dodge and Roll","Backflip","Prepared","Outmaneuver","Endless Agony","Sucker Punch","Backflip","Backflip","Backflip","Flying Knee","Flying Knee","Flying Knee","Catalyst","Catalyst","Catalyst","Terror","Terror","Terror","Dagger Throw","Dagger Throw","Dagger Throw","Poisoned Stab","Poisoned Stab","Poisoned Stab","Blade Dance","Blade Dance","Blade Dance","Slice","Slice","Slice","Glass Knife","Glass Knife","Glass Knife","Deflect","Deflect","Deflect","A Thousand Cuts","A Thousand Cuts","A Thousand Cuts","Cloak And Dagger+1","Cloak And Dagger+1","Cloak And Dagger+1","Predator","Predator","Predator","Dagger Throw","Dagger Throw","Dagger Throw","Backflip+1","Backflip+1","Backflip+1","Blade Dance+1","Blade Dance+1","Blade Dance+1"],"special_seed":17928,"relics":["Ring of the Serpent","Paper Crane","Bottled Tornado","The Specimen","MawBank","Bird Faced Urn"],"potions_floor_usage":[4,12,14,16,18,20,25],"damage_taken":[{"damage":6,"enemies":"2 Louse","floor":1,"turns":2},{"damage":0,"enemies":"Small Slimes","floor":2,"turns":3},{"damage":0,"enemies":"Cultist","floor":3,"turns":2},{"damage":5,"enemies":"2 Fungi Beasts","floor":4,"turns":4},{"damage":3,"enemies":"Large Slime","floor":7,"turns":3},{"damage":11,"enemies":"3 Sentries","floor":8,"turns":5},{"damage":8,"enemies":"Lots of Slimes","floor":11,"turns":3},{"damage":8,"enemies":"Gremlin Gang","floor":12,"turns":3},{"damage":10,"enemies":"Exordium Thugs","floor":14,"turns":3},{"damage":36,"enemies":"The Guardian","floor":16,"turns":7},{"damage":0,"enemies":"3 Byrds","floor":18,"turns":3},{"damage":17,"enemies":"Spheric Guardian","floor":19,"turns":4},{"damage":13,"enemies":"3 Cultists","floor":20,"turns":4},{"damage":27,"enemies":"Snake Plant","floor":21,"turns":4},{"damage":25,"enemies":"Snecko","floor":25,"turns":5},{"damage":17,"enemies":"Sentry and Sphere","floor":27,"turns":3}],"seed_played":"4077721088213470918","potions_obtained":[{"floor":2,"key":"LiquidBronze"},{"floor":3,"key":"EssenceOfSteel"},{"floor":7,"key":"Ancient Potion"},{"floor":14,"key":"LiquidBronze"},{"floor":16,"key":"LiquidBronze"},{"floor":19,"key":"Explosive Potion"},{"floor":21,"key":"Poison Potion"}],"is_trial":false,"path_per_floor":["M","M","M","M","?","R","M","E","T","?","M","M","$","M","R","B",null,"M","M","M","M","?","R","?","M","T","M"],"character_chosen":"THE_SILENT","items_purchased":["Glass Knife","The Specimen"],"campfire_rested":3,"item_purchase_floors":[13,13],"current_hp_per_floor":[64,64,64,59,59,70,67,56,56,56,48,40,40,30,51,15,70,70,53,40,13,13,34,34,9,9,0],"gold":596,"neow_bonus":"","is_prod":false,"is_daily":true,"chose_seed":false,"campfire_upgraded":0,"win_rate":0,"timestamp":1548982962,"path_taken":["M","M","M","M","?","R","M","E","T","?","M","M","$","M","R","BOSS","M","M","M","M","?","R","?","M","T","M"],"build_version":"2019-01-23","purchased_purges":0,"victory":false,"max_hp_per_floor":[70,70,70,70,70,70,70,70,70,70,70,70,70,70,70,70,70,70,70,70,70,70,70,70,70,70,70],"card_choices":[{"not_picked":["Leg Sweep","Sucker Punch"],"picked":"Backflip","floor":1},{"not_picked":["Blade Dance","Riddle With Holes"],"picked":"Flying Knee","floor":2},{"not_picked":["Deflect","Bane"],"picked":"Catalyst","floor":3},{"not_picked":["Deadly Poison","Eviscerate"],"picked":"Terror","floor":4},{"not_picked":["Prepared","Acrobatics"],"picked":"Dagger Throw","floor":7},{"not_picked":["Bane","Dodge and Roll"],"picked":"Poisoned Stab","floor":8},{"not_picked":["Calculated Gamble","Dagger Spray"],"picked":"Blade Dance","floor":11},{"not_picked":["Backflip","Quick Slash"],"picked":"Slice","floor":12},{"not_picked":["Doppelganger","Bane"],"picked":"Deflect","floor":14},{"not_picked":["Wraith Form v2","Die Die Die"],"picked":"A Thousand Cuts","floor":16},{"not_picked":["Slice+1","PiercingWail"],"picked":"Cloak And Dagger+1","floor":18},{"not_picked":["Dagger Throw","Prepared"],"picked":"Predator","floor":19},{"not_picked":["Calculated Gamble","Bane"],"picked":"Dagger Throw","floor":20},{"not_picked":["Predator","Dagger Spray"],"picked":"Backflip+1","floor":21},{"not_picked":["Dodge and Roll+1","Outmaneuver"],"picked":"Blade Dance+1","floor":25}],"player_experience":842906,"relics_obtained":[{"floor":8,"key":"Paper Crane"},{"floor":9,"key":"Bottled Tornado"},{"floor":26,"key":"Bird Faced Urn"}],"event_choices":[{"cards_removed":["Outmaneuver"],"damage_healed":0,"gold_gain":0,"player_choice":"Card Removal","damage_taken":0,"max_hp_gain":0,"max_hp_loss":0,"event_name":"The Cleric","floor":5,"gold_loss":50},{"damage_healed":0,"gold_gain":0,"player_choice":"Ignored","damage_taken":0,"max_hp_gain":0,"max_hp_loss":0,"event_name":"Liars Game","floor":10,"gold_loss":0},{"cards_removed":["Outmaneuver"],"damage_healed":0,"gold_gain":0,"player_choice":"Elegance","damage_taken":0,"max_hp_gain":0,"max_hp_loss":0,"event_name":"Back to Basics","floor":22,"gold_loss":0},{"damage_healed":0,"gold_gain":0,"player_choice":"Obtained Relic","damage_taken":0,"relics_obtained":["MawBank"],"max_hp_gain":0,"max_hp_loss":0,"event_name":"Addict","floor":24,"gold_loss":85}],"is_beta":false,"boss_relics":[{"not_picked":["Empty Cage","Black Star"],"picked":"Ring of the Serpent"}],"items_purged_floors":[],"is_endless":false,"potions_floor_spawned":[2,3,7,14,16,19,21],"killed_by":"Sentry and Sphere","ascension_level":0}