{"gold_per_floor":[113,113,113,137,150,150,169,169,169,169,189,189,208,181,181,181],"floor_reached":16,"playtime":1182,"items_purged":[],"score":92,"play_id":"492d1540-15a6-4a95-9142-9cd2cb71c4ba","local_time":"20180923214817","is_ascension_mode":false,"campfire_choices":[{"data":"Shockwave","floor":6,"key":"SMITH"},{"data":"Bash","floor":8,"key":"SMITH"},{"data":"Shrug It Off","floor":10,"key":"SMITH"},{"floor":15,"key":"REST"}],"neow_cost":"NONE","seed_source_timestamp":0,"circlet_count":0,"master_deck":["Strike_R","Strike_R","Strike_R","Strike_R","Strike_R","Defend_R","Defend_R","Defend_R","Defend_R+1","Bash+1","Intimidate","Shockwave+1","Sword Boomerang+1","Shrug It Off+1","Warcry","Reaper"],"special_seed":0,"relics":["Burning Blood","Red Skull","Golden Idol","Pocketwatch"],"potions_floor_usage":[16],"damage_taken":[{"damage":10,"enemies":"Small Slimes","floor":1,"turns":4},{"damage":1,"enemies":"Jaw Worm","floor":4,"turns":5},{"damage":1,"enemies":"2 Louse","floor":5,"turns":2},{"damage":4,"enemies":"Blue Slaver","floor":7,"turns":6},{"damage":4,"enemies":"3 Louse","floor":11,"turns":4},{"damage":19,"enemies":"Lots of Slimes","floor":13,"turns":4},{"damage":80,"enemies":"Hexaghost","floor":16,"turns":15}],"seed_played":"-1023235442016303912","potions_obtained":[{"floor":5,"key":"Weak Potion"}],"is_trial":false,"path_per_floor":["M","?","?","M","M","R","M","R","T","R","M","?","M","?","R"],"character_chosen":"IRONCLAD","items_purchased":[],"campfire_rested":1,"item_purchase_floors":[],"current_hp_per_floor":[76,81,79,79,79,79,79,79,79,79,79,63,50,50,73,0],"gold":181,"neow_bonus":"RANDOM_COMMON_RELIC","is_prod":false,"is_daily":false,"chose_seed":false,"campfire_upgraded":3,"win_rate":0.0,"timestamp":1537753697,"path_taken":["M","?","?","M","M","R","M","R","T","R","M","?","?","?","R","BOSS"],"build_version":"2018-09-20","purchased_purges":0,"victory":false,"max_hp_per_floor":[80,85,79,79,79,79,79,79,79,79,79,79,79,79,79,79],"card_choices":[{"not_picked":["Clothesline","Twin Strike"],"picked":"Intimidate","floor":1},{"not_picked":["Burning Pact","Rupture"],"picked":"Shockwave","floor":4},{"not_picked":["Body Slam","Anger"],"picked":"Sword Boomerang","floor":5},{"not_picked":["Intimidate","Anger"],"picked":"Shrug It Off","floor":7},{"not_picked":["Clothesline","Twin Strike"],"picked":"Warcry","floor":11},{"not_picked":["Flex","Searing Blow"],"picked":"Reaper","floor":13}],"player_experience":37367,"relics_obtained":[{"floor":9,"key":"Pocketwatch"}],"event_choices":[{"event_name":"Big Fish","player_choice":"Donut","floor":2,"damage_taken":0},{"event_name":"Golden Idol","player_choice":"Lose Max HP","floor":3,"damage_taken":0},{"event_name":"Shining Light","player_choice":"Entered Light","floor":12,"damage_taken":0},{"event_name":"World of Goop","player_choice":"Left","floor":14,"damage_taken":0}],"is_beta":false,"boss_relics":[],"items_purged_floors":[],"is_endless":false,"potions_floor_spawned":[5],"killed_by":"Hexaghost","ascension_level":0}