{"gold_per_floor":[116,116,40,60,74,74,86,86,86,86,102,132,60,60,60,164,164,183,183,199,249,249,275,275,309,355,355,368,385,452,526,526,526],"floor_reached":33,"playtime":1258,"items_purged":[],"score":428,"play_id":"59b9749b-749a-4ebd-8a34-bc39d89e9127","local_time":"20181026001301","is_ascension_mode":true,"campfire_choices":[{"data":"Zap","floor":6,"key":"SMITH"},{"data":"Loop","floor":8,"key":"SMITH"},{"data":"Defragment","floor":15,"key":"SMITH"},{"floor":24,"key":"REST"},{"floor":27,"key":"REST"},{"floor":32,"key":"REST"}],"neow_cost":"NONE","seed_source_timestamp":181692979118709,"circlet_count":0,"master_deck":["Strike_B","Strike_B","Strike_B","Defend_B","Defend_B","Defend_B","Defend_B","Zap+1","Dualcast","AscendersBane","Steam","Loop+1","Thunder Strike","Turbo","Ball Lightning","Tempest","Steam","Defragment+1","Machine Learning","Double Energy","Melter","Electrodynamics","Stack","Capacitor","Static Discharge","Stack","Storm+1","Steam","Auto Shields+1"],"relics":["Cracked Core","Ice Cream","FossilizedHelix","Potion Belt","Orrery","SsserpentHead","Oddly Smooth Stone","Frozen Egg 2","Strawberry","Art of War"],"potions_floor_usage":[23,23,23,23,23,25,28,28,29,30,33,33,33],"damage_taken":[{"damage":10,"enemies":"2 Louse","floor":1,"turns":2},{"damage":0,"enemies":"Cultist","floor":4,"turns":4},{"damage":2,"enemies":"Jaw Worm","floor":5,"turns":3},{"damage":10,"enemies":"Looter","floor":7,"turns":4},{"damage":15,"enemies":"3 Louse","floor":11,"turns":3},{"damage":22,"enemies":"3 Sentries","floor":12,"turns":6},{"damage":12,"enemies":"Hexaghost","floor":16,"turns":8},{"damage":7,"enemies":"Shell Parasite","floor":18,"turns":5},{"damage":17,"enemies":"3 Byrds","floor":20,"turns":3},{"damage":27,"enemies":"Slavers","floor":23,"turns":4},{"damage":28,"enemies":"Book of Stabbing","floor":25,"turns":4},{"damage":21,"enemies":"Snake Plant","floor":28,"turns":3},{"damage":12,"enemies":"Centurion and Healer","floor":29,"turns":5},{"damage":0,"enemies":"Snecko","floor":30,"turns":3},{"damage":40,"enemies":"Champ","floor":33,"turns":5}],"seed_played":"-3505743294131712572","potions_obtained":[{"floor":0,"key":"SneckoOil"},{"floor":0,"key":"SteroidPotion"},{"floor":0,"key":"EntropicBrew"},{"floor":1,"key":"EntropicBrew"},{"floor":16,"key":"Ancient Potion"},{"floor":20,"key":"SpeedPotion"},{"floor":25,"key":"SneckoOil"},{"floor":29,"key":"Strength Potion"}],"is_trial":false,"path_per_floor":["M","?","$","M","M","R","M","R","T","?","M","E","$","?","R","B",null,"M","?","M","?","?","E","R","E","T","R","M","M","M","T","R"],"character_chosen":"DEFECT","items_purchased":["Loop","Defragment"],"campfire_rested":3,"item_purchase_floors":[3,13],"current_hp_per_floor":[58,75,75,75,73,73,63,63,63,63,48,26,26,26,26,14,60,53,53,36,36,36,18,40,12,19,43,22,10,10,10,34,0],"gold":526,"neow_bonus":"THREE_SMALL_POTIONS","is_prod":false,"is_daily":false,"chose_seed":false,"campfire_upgraded":3,"win_rate":0,"timestamp":1540480381,"path_taken":["M","?","$","M","M","R","M","R","T","?","?","E","$","?","R","BOSS","M","?","M","?","?","E","R","E","T","R","M","M","?","?","R","BOSS"],"build_version":"2018-10-18","purchased_purges":0,"victory":false,"max_hp_per_floor":[75,75,75,75,75,75,75,75,75,75,75,75,75,75,75,75,75,75,75,75,75,75,75,75,75,82,82,82,82,82,82,82,82],"card_choices":[{"not_picked":["Stack","Force Field"],"picked":"Steam","floor":1},{"not_picked":["Rip and Tear","Static Discharge"],"picked":"Thunder Strike","floor":4},{"not_picked":["Rebound","Beam Cell"],"picked":"Turbo","floor":5},{"not_picked":["Fusion","Hologram"],"picked":"Ball Lightning","floor":7},{"not_picked":["Steam","Beam Cell"],"picked":"Tempest","floor":11},{"not_picked":["Skim","Cold Snap"],"picked":"Steam","floor":12},{"not_picked":["Hyperbeam","All For One"],"picked":"Machine Learning","floor":16},{"not_picked":["Coolheaded","Compile Driver"],"picked":"Double Energy","floor":17},{"not_picked":["Gash","Coolheaded"],"picked":"Melter","floor":17},{"not_picked":["Gash","Leap"],"picked":"Electrodynamics","floor":17},{"not_picked":["Redo","Doom and Gloom"],"picked":"Stack","floor":17},{"not_picked":["Undo","Cold Snap"],"picked":"Capacitor","floor":17},{"not_picked":["Reinforced Body","Redo"],"picked":"Static Discharge","floor":18},{"not_picked":["Heatsinks","Compile Driver"],"picked":"Stack","floor":20},{"not_picked":["Steam Power","Darkness"],"picked":"Storm+1","floor":23},{"not_picked":["Scrape","Reboot"],"picked":"Steam","floor":25},{"not_picked":["Heatsinks+1","Sunder+1"],"picked":"Auto Shields+1","floor":28},{"not_picked":["Recycle","Gash+1","Rebound"],"picked":"SKIP","floor":29},{"not_picked":["Reprogram","Chaos","Streamline+1"],"picked":"SKIP","floor":30}],"player_experience":535958,"relics_obtained":[{"floor":9,"key":"Ice Cream"},{"floor":12,"key":"Potion Belt"},{"floor":23,"key":"Oddly Smooth Stone"},{"floor":25,"key":"Frozen Egg 2"},{"floor":26,"key":"Strawberry"},{"floor":31,"key":"Art of War"}],"event_choices":[{"damage_healed":17,"gold_gain":0,"player_choice":"Full Heal","damage_taken":0,"max_hp_gain":0,"max_hp_loss":0,"event_name":"Wheel of Change","floor":2,"gold_loss":0},{"damage_healed":0,"gold_gain":0,"player_choice":"Box","damage_taken":0,"relics_obtained":["FossilizedHelix"],"max_hp_gain":0,"max_hp_loss":0,"event_name":"Big Fish","floor":10,"gold_loss":0,"cards_obtained":["Regret"]},{"cards_removed":["Regret"],"damage_healed":0,"gold_gain":0,"player_choice":"Forget","damage_taken":0,"max_hp_gain":0,"max_hp_loss":0,"event_name":"Living Wall","floor":14,"gold_loss":0},{"cards_removed":["Strike_B"],"damage_healed":0,"gold_gain":0,"player_choice":"Offered Basic","damage_taken":0,"max_hp_gain":0,"max_hp_loss":0,"event_name":"Bonfire Elementals","floor":19,"gold_loss":0},{"damage_healed":0,"gold_gain":100,"player_choice":"Bet on Murderer","damage_taken":0,"max_hp_gain":0,"max_hp_loss":0,"event_name":"The Joust","floor":21,"gold_loss":50},{"damage_healed":0,"gold_gain":0,"player_choice":"Trade","damage_taken":0,"relics_obtained":["SsserpentHead"],"max_hp_gain":0,"max_hp_loss":0,"event_name":"FaceTrader","floor":22,"gold_loss":0}],"is_beta":false,"boss_relics":[{"not_picked":["Sozu","Lizard Tail"],"picked":"Orrery"}],"items_purged_floors":[],"is_endless":false,"potions_floor_spawned":[1,7,16,20,25,29],"killed_by":"Champ","ascension_level":10}