{"gold_per_floor":[210,385,57,74,26,61,61,90,90,109,122,106,131,146,146,242,242,259,74,74,91,111,111,111,138,163,163,182,209,209,224,224,321,321,341,341,356,38,55,87,11,11,84,112,130,130,148,166,166,166],"floor_reached":50,"playtime":2574,"items_purged":["Doubt"],"score":614,"play_id":"8b1ea7e3-a618-4202-9e82-0908e57a51da","local_time":"20190205094939","is_ascension_mode":false,"campfire_choices":[{"data":"Armaments","floor":7,"key":"SMITH"},{"data":"Inflame","floor":15,"key":"SMITH"},{"data":"Spot Weakness","floor":23,"key":"SMITH"},{"floor":30,"key":"RECALL"},{"data":"Infernal Blade","floor":32,"key":"SMITH"},{"floor":49,"key":"REST"}],"neow_cost":"NONE","seed_source_timestamp":436293140325413,"circlet_count":0,"master_deck":["Strike_R+1","Strike_R+1","Strike_R+1","Defend_R+1","Defend_R+1","Defend_R+1","Defend_R+1","Bash","Headbutt","Shrug It Off","Inflame+1","Rampage","Cleave","Armaments+1","Dual Wield","Shockwave","Rage+1","Warcry","Inflame","RitualDagger","Spot Weakness+1","Iron Wave","Heavy Blade","Infernal Blade+1","Battle Trance","Master of Strategy","Whirlwind+1","Evolve","Anger+1","Infernal Blade+1"],"relics":["Burning Blood","Thread and Needle","Bag of Preparation","Bird Faced Urn","Lantern","Mark of Pain","Meat on the Bone","Oddly Smooth Stone","Fusion Hammer","Dream Catcher","Pantograph","Boot"],"potions_floor_usage":[6,6,8,8,13,16,25,25,29,44,44,44,50],"damage_taken":[{"damage":11,"enemies":"Jaw Worm","floor":1,"turns":5},{"damage":7,"enemies":"Small Slimes","floor":4,"turns":3},{"damage":19,"enemies":"3 Sentries","floor":6,"turns":5},{"damage":8,"enemies":"Gremlin Nob","floor":8,"turns":4},{"damage":0,"enemies":"2 Louse","floor":10,"turns":2},{"damage":0,"enemies":"Large Slime","floor":11,"turns":5},{"damage":11,"enemies":"Exordium Thugs","floor":12,"turns":4},{"damage":19,"enemies":"3 Sentries","floor":13,"turns":5},{"damage":0,"enemies":"Looter","floor":14,"turns":3},{"damage":26,"enemies":"Slime Boss","floor":16,"turns":5},{"damage":1,"enemies":"Chosen","floor":18,"turns":4},{"damage":18,"enemies":"Spheric Guardian","floor":21,"turns":4},{"damage":0,"enemies":"3 Cultists","floor":22,"turns":5},{"damage":14,"enemies":"Slavers","floor":25,"turns":4},{"damage":14,"enemies":"Snecko","floor":28,"turns":6},{"damage":0,"enemies":"Gremlin Leader","floor":29,"turns":4},{"damage":2,"enemies":"Centurion and Healer","floor":31,"turns":5},{"damage":56,"enemies":"Champ","floor":33,"turns":9},{"damage":2,"enemies":"3 Darklings","floor":35,"turns":8},{"damage":5,"enemies":"Orb Walker","floor":37,"turns":3},{"damage":0,"enemies":"3 Darklings","floor":39,"turns":4},{"damage":29,"enemies":"Nemesis","floor":40,"turns":5},{"damage":28,"enemies":"Giant Head","floor":44,"turns":7},{"damage":23,"enemies":"Spire Growth","floor":45,"turns":4},{"damage":0,"enemies":"Maw","floor":47,"turns":6},{"damage":0,"enemies":"3 Darklings","floor":48,"turns":1},{"damage":82,"enemies":"Time Eater","floor":50,"turns":7}],"seed_played":"7213592836382382707","potions_obtained":[{"floor":1,"key":"AttackPotion"},{"floor":6,"key":"EntropicBrew"},{"floor":10,"key":"SteroidPotion"},{"floor":18,"key":"Strength Potion"},{"floor":28,"key":"SkillPotion"},{"floor":39,"key":"FearPotion"},{"floor":47,"key":"Block Potion"}],"is_trial":false,"path_per_floor":["M","?","$","M","$","E","R","E","T","M","M","M","E","M","R","B",null,"M","$","?","M","M","R","?","E","T","?","M","E","R","M","R","B",null,"M","?","M","$","M","E","$","?","T","E","M","?","M","M","R","B"],"character_chosen":"IRONCLAD","items_purchased":["Shrug It Off","Inflame","PowerPotion","Rampage","Armaments","Warcry","PowerPotion","Inflame","AttackPotion","Battle Trance","Master of Strategy","Regen Potion"],"campfire_rested":1,"item_purchase_floors":[3,3,3,3,5,19,19,19,38,38,38,41],"current_hp_per_floor":[75,75,75,74,74,61,61,59,59,67,75,72,65,71,71,53,80,80,80,74,66,76,76,76,74,74,74,66,76,76,80,80,44,80,80,80,80,80,80,57,57,57,57,56,57,57,69,76,76,0],"gold":166,"neow_bonus":"HUNDRED_GOLD","is_prod":false,"is_daily":false,"chose_seed":false,"campfire_upgraded":4,"win_rate":0,"timestamp":1549378179,"path_taken":["M","?","$","M","$","E","R","E","T","M","M","M","E","M","R","BOSS","M","$","?","M","M","R","?","E","T","?","M","E","R","M","R","BOSS","M","?","M","$","M","E","?","?","T","E","M","?","M","M","R","BOSS"],"build_version":"2019-01-23","purchased_purges":1,"victory":false,"max_hp_per_floor":[80,80,80,80,80,80,80,80,80,80,80,80,80,80,80,80,80,80,80,80,80,80,80,80,80,80,80,80,80,80,80,80,80,80,80,80,80,80,80,80,80,80,80,80,80,76,76,76,76,76],"card_choices":[{"not_picked":["Carnage","Havoc"],"picked":"Headbutt","floor":1},{"not_picked":["Uppercut","Flex"],"picked":"Cleave","floor":4},{"not_picked":["Fiend Fire","Rupture","Uppercut"],"picked":"SKIP","floor":6},{"not_picked":["Blood for Blood","Uppercut","Twin Strike"],"picked":"SKIP","floor":8},{"not_picked":["Twin Strike","Perfected Strike"],"picked":"Dual Wield","floor":10},{"not_picked":["Thunderclap","Juggernaut"],"picked":"Shockwave","floor":11},{"not_picked":["Pommel Strike","Thunderclap","Bloodletting"],"picked":"SKIP","floor":12},{"not_picked":["Clothesline","Sentinel","Brutality"],"picked":"SKIP","floor":13},{"not_picked":["Dual Wield","Combust","Intimidate"],"picked":"SKIP","floor":14},{"not_picked":["Twin Strike","Havoc"],"picked":"Rage+1","floor":18},{"not_picked":["Clothesline","Sword Boomerang"],"picked":"Spot Weakness","floor":21},{"not_picked":["Clothesline","Feel No Pain"],"picked":"Iron Wave","floor":22},{"not_picked":["Second Wind+1","Combust","Exhume"],"picked":"SKIP","floor":25},{"not_picked":["Flame Barrier","Clash"],"picked":"Heavy Blade","floor":28},{"not_picked":["Uppercut","Combust"],"picked":"Infernal Blade","floor":29},{"not_picked":["Seeing Red+1","Twin Strike","Havoc"],"picked":"SKIP","floor":31},{"not_picked":["Perfected Strike","Heavy Blade+1","Corruption+1"],"picked":"SKIP","floor":35},{"not_picked":["Thunderclap+1","Heavy Blade+1","Carnage"],"picked":"SKIP","floor":37},{"not_picked":["Flex","Havoc"],"picked":"Whirlwind+1","floor":39},{"not_picked":["Wild Strike+1","True Grit"],"picked":"Evolve","floor":40},{"not_picked":["Flex","Iron Wave","Burning Pact"],"picked":"SKIP","floor":44},{"not_picked":["Heavy Blade","Clash+1","Sentinel"],"picked":"SKIP","floor":45},{"not_picked":["Power Through","Heavy Blade+1"],"picked":"Anger+1","floor":47},{"not_picked":["Flex+1","Offering","Sword Boomerang+1"],"picked":"SKIP","floor":48},{"not_picked":["Seeing Red","Anger"],"picked":"Infernal Blade+1","floor":49}],"player_experience":156491,"relics_obtained":[{"floor":6,"key":"Thread and Needle"},{"floor":8,"key":"Bag of Preparation"},{"floor":9,"key":"Bird Faced Urn"},{"floor":13,"key":"Lantern"},{"floor":25,"key":"Meat on the Bone"},{"floor":29,"key":"Oddly Smooth Stone"},{"floor":40,"key":"Dream Catcher"},{"floor":43,"key":"Pantograph"},{"floor":44,"key":"Boot"}],"event_choices":[{"damage_healed":0,"gold_gain":175,"player_choice":"AGREE","damage_taken":0,"max_hp_gain":0,"max_hp_loss":0,"event_name":"Liars Game","floor":2,"gold_loss":0,"cards_obtained":["Doubt"]},{"damage_healed":0,"gold_gain":0,"player_choice":"Joined the Cult","damage_taken":6,"max_hp_gain":0,"max_hp_loss":0,"event_name":"Nest","floor":20,"gold_loss":0,"cards_obtained":["RitualDagger"]},{"damage_healed":0,"gold_gain":0,"player_choice":"Simplicity","damage_taken":0,"max_hp_gain":0,"max_hp_loss":0,"event_name":"Back to Basics","floor":24,"gold_loss":0,"cards_upgraded":["Strike_R","Strike_R","Strike_R","Strike_R","Strike_R","Defend_R","Defend_R","Defend_R","Defend_R"]},{"damage_healed":0,"gold_gain":0,"player_choice":"Ignored","damage_taken":0,"max_hp_gain":0,"max_hp_loss":0,"event_name":"Beggar","floor":27,"gold_loss":0},{"cards_removed":["Strike_R"],"damage_healed":0,"gold_gain":0,"player_choice":"Purged","damage_taken":0,"max_hp_gain":0,"max_hp_loss":0,"event_name":"Purifier","floor":36,"gold_loss":0},{"cards_removed":["Strike_R"],"damage_healed":0,"gold_gain":0,"player_choice":"Removed Attack","damage_taken":0,"max_hp_gain":0,"max_hp_loss":0,"event_name":"Falling","floor":42,"gold_loss":0},{"damage_healed":0,"gold_gain":0,"player_choice":"Max HP","damage_taken":0,"max_hp_gain":0,"max_hp_loss":4,"event_name":"Winding Halls","floor":46,"gold_loss":0}],"is_beta":false,"boss_relics":[{"not_picked":["Astrolabe","Empty Cage"],"picked":"Mark of Pain"},{"not_picked":["Sozu","Lizard Tail"],"picked":"Fusion Hammer"}],"items_purged_floors":[3],"is_endless":false,"potions_floor_spawned":[1,6,10,12,18,22,28,39,47],"killed_by":"Time Eater","ascension_level":0}