{"gold_per_floor":[121,133,161,186,198,210,252,264,348,378,410,440,482,494,506,617,629,658,595,622,18,31,31,41,41,41,52,152,167,167,177,177,274,274,287,301,53,53,66,101,101,101,127,143,143,178,178,190,190,190],"floor_reached":50,"playtime":4170,"items_purged":["Doubt"],"score":591,"play_id":"866fd7a8-e544-4969-b748-fcd85f373b60","local_time":"20180820020243","is_ascension_mode":false,"campfire_choices":[{"data":"Bouncing Flask","floor":6,"key":"SMITH"},{"floor":8,"key":"REST"},{"floor":15,"key":"REST"},{"floor":23,"key":"DIG"},{"floor":25,"key":"DIG"},{"floor":32,"key":"REST"},{"floor":42,"key":"REST"},{"floor":45,"key":"REST"},{"floor":47,"key":"REST"},{"floor":49,"key":"REST"}],"neow_cost":"NONE","seed_source_timestamp":9348991802251,"circlet_count":0,"master_deck":["Defend_G","Defend_G","Defend_G","Defend_G","Defend_G+1","Strike_G","Strike_G","Strike_G","Strike_G+1","Survivor","Neutralize","Deflect","Tactician+1","Bouncing Flask+1","Blade Dance","Poisoned Stab","Well Laid Plans","A Thousand Cuts+1","PiercingWail","Tools of the Trade","Deflect","Acrobatics","Setup","Deadly Poison","Deadly Poison","Blade Dance+1","Accuracy","Accuracy","Infinite Blades","Deadly Poison","Backflip+1","Prepared+1","After Image","Acrobatics","Envenom","Dodge and Roll+1","Infinite Blades","Footwork","Bouncing Flask","Dodge and Roll+1","Choke+1","Cloak And Dagger+1","Deadly Poison","Cloak And Dagger"],"relics":["Calling Bell","MawBank","The Courier","Tough Bandages","Oddly Smooth Stone","Letter Opener","The Specimen","Orrery","Ninja Scroll","Shovel","Happy Flower","Incense Burner","Blue Candle","Sozu","ClockworkSouvenir","StoneCalendar","Whetstone","Blood Vial","Singing Bowl"],"potions_floor_usage":[16,16,29,46,46,50],"damage_taken":[{"damage":2,"enemies":"2 Louse","floor":1,"turns":5},{"damage":7,"enemies":"Small Slimes","floor":3,"turns":6},{"damage":0,"enemies":"Cultist","floor":4,"turns":5},{"damage":30,"enemies":"Lagavulin","floor":7,"turns":7},{"damage":3,"enemies":"Looter","floor":10,"turns":4},{"damage":1,"enemies":"2 Fungi Beasts","floor":11,"turns":3},{"damage":10,"enemies":"Exordium Wildlife","floor":12,"turns":5},{"damage":10,"enemies":"3 Sentries","floor":13,"turns":5},{"damage":26,"enemies":"The Guardian","floor":16,"turns":9},{"damage":28,"enemies":"Spheric Guardian","floor":18,"turns":6},{"damage":3,"enemies":"Chosen","floor":20,"turns":5},{"damage":14,"enemies":"Shelled Parasite and Fungi","floor":22,"turns":4},{"damage":4,"enemies":"Centurion and Healer","floor":24,"turns":6},{"damage":4,"enemies":"Chosen and Byrds","floor":27,"turns":7},{"damage":9,"enemies":"Snake Plant","floor":29,"turns":5},{"damage":0,"enemies":"Snecko","floor":31,"turns":4},{"damage":27,"enemies":"Collector","floor":33,"turns":9},{"damage":27,"enemies":"3 Darklings","floor":35,"turns":5},{"damage":0,"enemies":"Orb Walker","floor":36,"turns":3},{"damage":4,"floor":38,"turns":7},{"damage":21,"enemies":"Jaw Worm Horde","floor":39,"turns":7},{"damage":14,"enemies":"Giant Head","floor":40,"turns":8},{"damage":7,"enemies":"4 Shapes","floor":44,"turns":5},{"damage":29,"enemies":"2 Orb Walkers","floor":46,"turns":5},{"damage":0,"enemies":"3 Darklings","floor":48,"turns":5},{"damage":72,"enemies":"Time Eater","floor":50,"turns":12}],"seed_played":"-1664285673401539460","potions_obtained":[{"floor":1,"key":"Ancient Potion"},{"floor":4,"key":"Block Potion"},{"floor":10,"key":"PowerPotion"},{"floor":20,"key":"SkillPotion"},{"floor":27,"key":"SpeedPotion"},{"floor":29,"key":"Energy Potion"},{"floor":31,"key":"Swift Potion"}],"is_trial":false,"path_per_floor":["M","?","M","M","?","R","E","R","T","M","M","M","E","?","R","B",null,"M","?","M","$","M","R","M","R","T","M","?","M","?","M","R","B",null,"M","M","$","?","M","E","?","R","T","M","R","E","R","M","R"],"character_chosen":"THE_SILENT","items_purchased":["Accuracy","Infinite Blades","Ninja Scroll","Shovel","Footwork","Bouncing Flask","ClockworkSouvenir"],"campfire_rested":7,"item_purchase_floors":[21,21,21,21,37,37,37],"current_hp_per_floor":[68,68,61,61,47,47,17,38,38,35,34,24,14,14,35,9,70,42,42,39,39,25,25,21,21,21,17,17,8,8,8,29,2,70,43,43,43,39,18,4,4,25,25,20,41,16,37,39,60,0],"gold":190,"neow_bonus":"BOSS_RELIC","is_prod":false,"is_daily":false,"chose_seed":false,"campfire_upgraded":1,"win_rate":0,"timestamp":1534698163,"path_taken":["M","?","?","M","?","R","E","R","T","?","M","M","E","?","R","BOSS","M","?","M","$","M","R","M","R","T","M","?","?","?","M","R","BOSS","M","M","$","?","M","E","?","R","T","M","R","E","R","M","R","BOSS"],"build_version":"2018-08-16","purchased_purges":1,"victory":false,"max_hp_per_floor":[70,70,70,70,70,70,70,70,70,70,70,70,70,70,70,70,70,70,70,70,70,70,70,70,70,70,70,70,70,70,70,70,70,70,70,70,70,70,70,70,70,70,70,70,70,72,72,72,72,72],"card_choices":[{"not_picked":["Dagger Throw","Flechettes"],"picked":"Deflect","floor":1},{"not_picked":["Prepared","Deflect"],"picked":"Tactician","floor":3},{"not_picked":["Caltrops","Deadly Poison"],"picked":"Bouncing Flask","floor":4},{"not_picked":["Slice","Accuracy"],"picked":"Blade Dance","floor":7},{"not_picked":["Blade Dance","Flying Knee"],"picked":"Poisoned Stab","floor":10},{"not_picked":["Caltrops","PiercingWail"],"picked":"Well Laid Plans","floor":11},{"not_picked":["Dagger Spray","Footwork"],"picked":"A Thousand Cuts","floor":12},{"not_picked":["Dagger Throw","Endless Agony"],"picked":"PiercingWail","floor":13},{"not_picked":["Die Die Die","Glass Knife"],"picked":"Tools of the Trade","floor":16},{"not_picked":["Predator","Dagger Throw"],"picked":"Deflect","floor":17},{"not_picked":["Caltrops","Deflect"],"picked":"Acrobatics","floor":17},{"not_picked":["Acrobatics","Backflip"],"picked":"Setup","floor":17},{"not_picked":["Backflip","Slice"],"picked":"Deadly Poison","floor":17},{"not_picked":["Slice","Flying Knee"],"picked":"Deadly Poison","floor":17},{"not_picked":["Escape Plan","Slice"],"picked":"Blade Dance+1","floor":18},{"not_picked":["Cloak And Dagger","Dagger Throw"],"picked":"Accuracy","floor":20},{"not_picked":["Well Laid Plans","Blur"],"picked":"Deadly Poison","floor":22},{"not_picked":["Dagger Spray","Concentrate"],"picked":"Backflip+1","floor":24},{"not_picked":["Dagger Spray","Endless Agony"],"picked":"Prepared+1","floor":27},{"not_picked":["Flechettes","Masterful Stab"],"picked":"After Image","floor":29},{"not_picked":["Dagger Spray","Dagger Throw"],"picked":"Acrobatics","floor":31},{"not_picked":["Corpse Explosion","Adrenaline"],"picked":"Envenom","floor":33},{"not_picked":["Bane","All Out Attack"],"picked":"Dodge and Roll+1","floor":35},{"not_picked":["Dagger Spray","Quick Slash+1"],"picked":"Infinite Blades","floor":36},{"not_picked":["Flying Knee+1","Acrobatics"],"picked":"Dodge and Roll+1","floor":38},{"not_picked":["Slice+1","Endless Agony+1"],"picked":"Choke","floor":39},{"not_picked":["Die Die Die","Outmaneuver+1"],"picked":"Cloak And Dagger+1","floor":40},{"not_picked":["Poisoned Stab","Bane+1"],"picked":"Deadly Poison","floor":44},{"not_picked":["Backstab","Bouncing Flask","Quick Slash+1"],"picked":"Singing Bowl","floor":46},{"not_picked":["Deadly Poison+1","Dagger Throw"],"picked":"Cloak And Dagger","floor":48}],"player_experience":344940,"relics_obtained":[{"floor":0,"key":"MawBank"},{"floor":0,"key":"The Courier"},{"floor":0,"key":"Tough Bandages"},{"floor":7,"key":"Oddly Smooth Stone"},{"floor":9,"key":"Letter Opener"},{"floor":13,"key":"The Specimen"},{"floor":23,"key":"Happy Flower"},{"floor":25,"key":"Incense Burner"},{"floor":26,"key":"Blue Candle"},{"floor":38,"key":"StoneCalendar"},{"floor":40,"key":"Whetstone"},{"floor":43,"key":"Blood Vial"},{"floor":46,"key":"Singing Bowl"}],"event_choices":[{"event_name":"Living Wall","player_choice":"Forget","floor":2,"damage_taken":0},{"event_name":"Shining Light","player_choice":"Entered Light","floor":5,"damage_taken":0},{"event_name":"Upgrade Shrine","player_choice":"Upgraded","floor":14,"damage_taken":0},{"event_name":"Beggar","player_choice":"Gave Gold","floor":19,"damage_taken":0},{"event_name":"Golden Shrine","player_choice":"Pray","floor":28,"damage_taken":0},{"event_name":"Drug Dealer","player_choice":"Ignored","floor":30,"damage_taken":0},{"event_name":"MindBloom","player_choice":"Fight","floor":38,"damage_taken":0},{"event_name":"Purifier","player_choice":"One Purge","floor":41,"damage_taken":0}],"is_beta":true,"boss_relics":[{"not_picked":["Velvet Choker","Coffee Dripper"],"picked":"Orrery"},{"not_picked":["Snecko Eye","Lizard Tail"],"picked":"Sozu"}],"items_purged_floors":[21],"is_endless":false,"potions_floor_spawned":[1,4,10,12,13,20,27,29,31,35,38,44,48],"killed_by":"Time Eater","ascension_level":0}