{"gold_per_floor":[111,129,31,44,57,57,75,92,147,147,174,174],"floor_reached":12,"playtime":590,"items_purged":["Strike_B"],"score":94,"play_id":"2328229c-8c91-4f76-9fc5-cb7b594e2772","local_time":"20190113100608","is_ascension_mode":true,"campfire_choices":[{"data":"Zap","floor":6,"key":"SMITH"},{"floor":10,"key":"REST"}],"neow_cost":"TEN_PERCENT_HP_LOSS","seed_source_timestamp":389034356411271,"circlet_count":0,"master_deck":["Strike_B","Strike_B","Strike_B","Defend_B","Defend_B","Defend_B","Defend_B","Zap+1","Dualcast","Loop","White Noise","Gash","Scrape","Heatsinks","Genetic Algorithm","Gash","Hologram"],"relics":["Cracked Core","Peace Pipe","Omamori","Bronze Scales"],"potions_floor_usage":[5,8],"damage_taken":[{"damage":0,"enemies":"Cultist","floor":1,"turns":3},{"damage":0,"enemies":"2 Louse","floor":2,"turns":2},{"damage":12,"enemies":"Small Slimes","floor":4,"turns":4},{"damage":24,"enemies":"Exordium Thugs","floor":5,"turns":3},{"damage":9,"enemies":"Red Slaver","floor":7,"turns":3},{"damage":12,"enemies":"Exordium Wildlife","floor":8,"turns":3},{"damage":23,"enemies":"Gremlin Nob","floor":11,"turns":4},{"damage":10,"enemies":"3 Louse","floor":12,"turns":1}],"seed_played":"-7737053920265052540","potions_obtained":[{"floor":4,"key":"Fire Potion"},{"floor":7,"key":"AttackPotion"}],"is_trial":false,"path_per_floor":["M","M","$","M","M","R","M","M","T","R","E","M"],"character_chosen":"DEFECT","items_purchased":["Gash"],"campfire_rested":1,"item_purchase_floors":[3],"current_hp_per_floor":[68,68,68,56,32,32,23,11,11,31,8,0],"gold":174,"neow_bonus":"ONE_RARE_RELIC","is_prod":false,"is_daily":false,"chose_seed":false,"campfire_upgraded":1,"win_rate":0,"timestamp":1547391968,"path_taken":["M","?","?","M","M","R","M","M","T","R","E","M"],"build_version":"2019-01-10","purchased_purges":1,"victory":false,"max_hp_per_floor":[68,68,68,68,68,68,68,68,68,68,68,68],"card_choices":[{"not_picked":["Ball Lightning","Conserve Battery"],"picked":"Loop","floor":1},{"not_picked":["Barrage","Coolheaded"],"picked":"White Noise","floor":2},{"not_picked":["Storm","Hologram"],"picked":"Scrape","floor":4},{"not_picked":["Stack","Redo"],"picked":"Heatsinks","floor":5},{"not_picked":["Melter","Auto Shields"],"picked":"Genetic Algorithm","floor":7},{"not_picked":["Conserve Battery","Barrage"],"picked":"Gash","floor":8},{"not_picked":["Melter","Consume"],"picked":"Hologram","floor":11}],"player_experience":203301,"relics_obtained":[{"floor":9,"key":"Omamori"},{"floor":11,"key":"Bronze Scales"}],"event_choices":[],"is_beta":false,"boss_relics":[],"items_purged_floors":[3],"is_endless":false,"potions_floor_spawned":[4,7],"killed_by":"3 Louse","ascension_level":3}