{"gold_per_floor":[115,127,12,12,26,59,59,90,90,90,90,108,30,42,42,142,142,152,162,0,14,27,27,27,27],"floor_reached":25,"playtime":1104,"items_purged":["Strike_B"],"score":224,"play_id":"d5f25657-b6e1-4c87-b0da-af850032717e","local_time":"20190206193623","is_ascension_mode":true,"campfire_choices":[{"floor":7,"key":"REST"},{"floor":10,"key":"REST"},{"floor":15,"key":"REST"},{"floor":23,"key":"REST"}],"neow_cost":"NONE","seed_source_timestamp":2487733637922219,"circlet_count":0,"master_deck":["Strike_B","Strike_B","Strike_B+1","Defend_B","Defend_B","Defend_B","Defend_B","Zap","Dualcast","Streamline","Hologram+1","Doom and Gloom","Leap","Ball Lightning","Panache","FTL","Multi-Cast","Thunder Strike","Capacitor","Ball Lightning+1","Capacitor"],"special_seed":0,"relics":["Cracked Core","Kunai","Dodecahedron","Bottled Flame","Eternal Feather"],"potions_floor_usage":[16,16,19,22],"damage_taken":[{"damage":7.0,"enemies":"Small Slimes","floor":1.0,"turns":4.0},{"damage":1.0,"enemies":"Cultist","floor":2.0,"turns":4.0},{"damage":0.0,"enemies":"2 Louse","floor":5.0,"turns":2.0},{"damage":28.0,"enemies":"Gremlin Nob","floor":6.0,"turns":5.0},{"damage":17,"enemies":"3 Sentries","floor":8,"turns":7},{"damage":1,"enemies":"Large Slime","floor":12,"turns":4},{"damage":3,"enemies":"Red Slaver","floor":14,"turns":4},{"damage":46,"enemies":"The Guardian","floor":16,"turns":10},{"damage":0,"enemies":"Chosen","floor":18,"turns":4},{"damage":22,"enemies":"2 Thieves","floor":19,"turns":4},{"damage":33,"enemies":"Snecko","floor":21,"turns":5},{"damage":6,"enemies":"Chosen and Byrds","floor":22,"turns":6},{"damage":55,"enemies":"Slavers","floor":25,"turns":3}],"seed_played":"8917726515454553530","potions_obtained":[{"floor":1.0,"key":"FearPotion"},{"floor":8,"key":"AttackPotion"},{"floor":12,"key":"Ancient Potion"},{"floor":16,"key":"Block Potion"},{"floor":21,"key":"AttackPotion"}],"is_trial":false,"path_per_floor":["M","M","$","?","M","E","R","E","T","R","?","M","$","M","R","B",null,"M","M","?","M","M","R","?","E"],"character_chosen":"DEFECT","items_purchased":["Doom and Gloom","FTL"],"campfire_rested":4,"item_purchase_floors":[3,13],"current_hp_per_floor":[68,67,67,52,52,24,46,29,29,51,51,50,50,47,69,23,75,75,53,53,20,14,48,48,0],"gold":27,"neow_bonus":"RANDOM_COLORLESS","is_prod":false,"is_daily":false,"chose_seed":false,"campfire_upgraded":0,"win_rate":0,"timestamp":1549517783,"path_taken":["M","M","$","?","M","E","R","E","T","R","?","M","$","?","R","BOSS","M","M","?","M","M","R","?","E"],"build_version":"2019-01-23","purchased_purges":1,"victory":false,"max_hp_per_floor":[75,75,75,75,75,75,75,75,75,75,75,75,75,75,75,75,75,75,75,75,75,75,75,75,75],"card_choices":[{"not_picked":["Auto Shields","Recycle"],"picked":"Streamline","floor":1.0},{"not_picked":["Hello World","Streamline"],"picked":"Hologram","floor":2.0},{"not_picked":["Coolheaded","Beam Cell"],"picked":"Leap","floor":5.0},{"not_picked":["Compile Driver","Gash","Stack"],"picked":"SKIP","floor":6},{"not_picked":["Streamline","Melter"],"picked":"Ball Lightning","floor":8},{"not_picked":["Skim","Ball Lightning","Scrape"],"picked":"SKIP","floor":12},{"not_picked":["Reinforced Body","Steam"],"picked":"Multi-Cast","floor":14},{"not_picked":["Multi-Cast","Creative AI"],"picked":"Thunder Strike","floor":16},{"not_picked":["Skim+1","Barrage","Glacier"],"picked":"SKIP","floor":18},{"not_picked":["Leap","Cold Snap"],"picked":"Capacitor","floor":19},{"not_picked":["Recycle+1","Beam Cell"],"picked":"Ball Lightning+1","floor":21},{"not_picked":["Stack","Recycle+1","Turbo+1"],"picked":"SKIP","floor":22}],"player_experience":121107,"relics_obtained":[{"floor":6,"key":"Kunai"},{"floor":8,"key":"Dodecahedron"},{"floor":9,"key":"Bottled Flame"}],"event_choices":[{"damage_healed":0.0,"max_hp_gain":0.0,"max_hp_loss":0.0,"gold_gain":0.0,"event_name":"Shining Light","player_choice":"Entered Light","floor":4.0,"gold_loss":0.0,"damage_taken":15.0,"cards_upgraded":["Hologram","Strike_B"]},{"damage_healed":0,"gold_gain":0,"cards_transformed":["Purity"],"player_choice":"Transformed","damage_taken":0,"max_hp_gain":0,"max_hp_loss":0,"event_name":"Transmorgrifier","floor":11,"gold_loss":0,"cards_obtained":["Panache"]},{"damage_healed":0,"gold_gain":0,"player_choice":"Paid Fearfully","damage_taken":0,"max_hp_gain":0,"max_hp_loss":0,"event_name":"Masked Bandits","floor":20,"gold_loss":162},{"damage_healed":0,"gold_gain":0,"player_choice":"Copied","damage_taken":0,"max_hp_gain":0,"max_hp_loss":0,"event_name":"Duplicator","floor":24,"gold_loss":0,"cards_obtained":["Capacitor"]}],"is_beta":false,"boss_relics":[{"not_picked":["Runic Dome","Calling Bell"],"picked":"Eternal Feather"}],"items_purged_floors":[3],"is_endless":false,"potions_floor_spawned":[1,8,12,16,21],"killed_by":"Slavers","ascension_level":1}