{"gold_per_floor":[114,114,39,39,52,52,69,69,69,79,79,94,123,140,140,217,217,236,236,236,254,24,24,59,78,78,93,93,110,110,121,121,200,200,212,212,105,156,175,175,194,54,54,74,86,0,0,0,0,0],"floor_reached":50,"playtime":3124,"items_purged":["Strike_G"],"score":953,"play_id":"bcd27685-47fc-4e25-87b0-3b8f2368235f","local_time":"20190127185450","is_ascension_mode":true,"campfire_choices":[{"data":"Concentrate","floor":6.0,"key":"SMITH"},{"data":"Quick Slash","floor":8.0,"key":"SMITH"},{"data":"Dagger Throw","floor":11.0,"key":"SMITH"},{"data":"Dagger Throw","floor":15.0,"key":"SMITH"},{"data":"Malaise","floor":23.0,"key":"SMITH"},{"data":"Noxious Fumes","floor":30.0,"key":"SMITH"},{"floor":32.0,"key":"REST"},{"floor":40.0,"key":"REST"},{"floor":49,"key":"REST"}],"neow_cost":"NONE","seed_source_timestamp":177228820674500,"circlet_count":0,"master_deck":["AscendersBane","Defend_G+1","Defend_G+1","Defend_G+1","Defend_G+1","Defend_G+1","Survivor","Neutralize+1","Slice+1","Expertise+1","Expertise+1","Concentrate+1","Backflip","Quick Slash+1","Dagger Throw+1","Blur","Dagger Throw+1","Malaise+1","Quick Slash","Heel Hook","Wraith Form v2","Noxious Fumes+1","Terror","PiercingWail","Skewer","Malaise","Impatience","Footwork","Backflip","PiercingWail","Cloak And Dagger","Dodge and Roll+1","Writhe"],"special_seed":0,"relics":["Astrolabe","Blood Vial","PreservedInsect","Potion Belt","Philosopher\u0027s Stone","Nilry\u0027s Codex","Lee\u0027s Waffle","Prayer Wheel","Dodecahedron","White Beast Statue","Peace Pipe","Pen Nib","Red Mask"],"potions_floor_usage":[50,50],"damage_taken":[{"damage":2.0,"enemies":"Jaw Worm","floor":1.0,"turns":4.0},{"damage":4.0,"enemies":"Small Slimes","floor":5.0,"turns":3.0},{"damage":0.0,"enemies":"Cultist","floor":7.0,"turns":4.0},{"damage":0.0,"enemies":"Blue Slaver","floor":10.0,"turns":4.0},{"damage":0.0,"enemies":"3 Louse","floor":12.0,"turns":2.0},{"damage":9.0,"enemies":"3 Sentries","floor":13.0,"turns":9.0},{"damage":0.0,"enemies":"Large Slime","floor":14.0,"turns":3.0},{"damage":41.0,"enemies":"Slime Boss","floor":16.0,"turns":16.0},{"damage":2.0,"enemies":"Chosen","floor":18.0,"turns":5.0},{"damage":6.0,"enemies":"Shell Parasite","floor":21.0,"turns":5.0},{"damage":20.0,"enemies":"Slavers","floor":24.0,"turns":6.0},{"damage":4.0,"enemies":"Centurion and Healer","floor":25.0,"turns":5.0},{"damage":14.0,"enemies":"Snecko","floor":27.0,"turns":5.0},{"damage":0.0,"enemies":"Cultist and Chosen","floor":29.0,"turns":7.0},{"damage":0.0,"enemies":"Centurion and Healer","floor":31.0,"turns":5.0},{"damage":27.0,"enemies":"Automaton","floor":33.0,"turns":11.0},{"damage":22.0,"enemies":"3 Darklings","floor":35.0,"turns":6.0},{"damage":40.0,"enemies":"2 Orb Walkers","floor":38.0,"turns":7.0},{"damage":0.0,"enemies":"Orb Walker","floor":39.0,"turns":3.0},{"damage":26.0,"enemies":"Maw","floor":41.0,"turns":8.0},{"damage":3.0,"enemies":"Jaw Worm Horde","floor":44.0,"turns":6.0},{"damage":3,"enemies":"Sphere and 2 Shapes","floor":45,"turns":7},{"damage":49,"enemies":"Awakened One","floor":50,"turns":6}],"seed_played":"4924764827180582996","potions_obtained":[{"floor":1.0,"key":"Weak Potion"},{"floor":7.0,"key":"GamblersBrew"},{"floor":13.0,"key":"Swift Potion"},{"floor":16.0,"key":"PowerPotion"},{"floor":21.0,"key":"Explosive Potion"},{"floor":25.0,"key":"Explosive Potion"},{"floor":27.0,"key":"Ancient Potion"},{"floor":29.0,"key":"Block Potion"},{"floor":35.0,"key":"Ancient Potion"},{"floor":38.0,"key":"Block Potion"},{"floor":39.0,"key":"Strength Potion"},{"floor":41.0,"key":"Weak Potion"},{"floor":44.0,"key":"Strength Potion"},{"floor":45,"key":"Dexterity Potion"}],"is_trial":false,"path_per_floor":["M","?","$","?","M","R","M","R","T","M","R","M","E","M","R","B",null,"M","?","?","M","$","R","E","M","T","M","?","M","R","M","R","B",null,"M","?","$","?","M","R","M","$","T","M","M","?","?","$","R","B"],"character_chosen":"THE_SILENT","items_purchased":["Lee\u0027s Waffle","Fruit Juice","SpeedPotion","PiercingWail","SkillPotion"],"campfire_rested":3,"item_purchase_floors":[22,37,42,42,42],"current_hp_per_floor":[57,46,46,46,44,44,46,46,46,48,48,50,43,45,45,6,51,51,51,30,26,73,73,53,51,51,39,39,41,41,43,64,39,65,45,35,40,2,4,27,3,3,3,2,1,1,17,17,40,0],"gold":0,"neow_bonus":"BOSS_RELIC","is_prod":false,"is_daily":false,"chose_seed":false,"campfire_upgraded":6,"win_rate":0,"timestamp":1548633290,"path_taken":["M","?","$","?","M","R","M","R","T","?","R","M","E","M","R","BOSS","M","?","?","M","$","R","E","M","T","M","?","?","R","?","R","BOSS","M","?","$","?","?","R","M","?","T","?","M","?","?","?","R","BOSS"],"build_version":"2019-01-23","purchased_purges":1,"victory":false,"max_hp_per_floor":[66,66,66,66,66,66,66,66,66,66,66,66,66,66,66,66,66,66,66,66,66,73,73,73,73,73,73,73,73,73,73,73,73,73,73,73,78,78,78,78,78,78,78,78,78,78,78,78,78,78],"card_choices":[{"not_picked":["Well Laid Plans","Cloak And Dagger"],"picked":"Concentrate","floor":1.0},{"not_picked":["Crippling Poison","Prepared"],"picked":"Backflip","floor":5.0},{"not_picked":["Well Laid Plans","Setup"],"picked":"Quick Slash","floor":7.0},{"not_picked":["Quick Slash","Storm of Steel"],"picked":"Dagger Throw","floor":10.0},{"not_picked":["Endless Agony","Slice","Crippling Poison"],"picked":"SKIP","floor":12.0},{"not_picked":["Deflect","Bane"],"picked":"Blur","floor":13.0},{"not_picked":["Infinite Blades","Slice"],"picked":"Dagger Throw","floor":14.0},{"not_picked":["Venomology","Storm of Steel"],"picked":"Malaise","floor":16.0},{"not_picked":["Sucker Punch","Bouncing Flask"],"picked":"Quick Slash","floor":18.0},{"not_picked":["Slice","Dodge and Roll"],"picked":"Heel Hook","floor":21.0},{"not_picked":["Quick Slash","Slice+1"],"picked":"Wraith Form v2","floor":24.0},{"not_picked":["Reflex","Endless Agony"],"picked":"Noxious Fumes","floor":25.0},{"not_picked":["Quick Slash","Predator"],"picked":"Terror","floor":25.0},{"not_picked":["Backstab","Dagger Throw"],"picked":"PiercingWail","floor":27.0},{"not_picked":["Bane","Slice","Dagger Throw"],"picked":"SKIP","floor":27.0},{"not_picked":["Tactician","Underhanded Strike"],"picked":"Skewer","floor":29.0},{"not_picked":["Dagger Throw","Accuracy","Prepared"],"picked":"SKIP","floor":29.0},{"not_picked":["Infinite Blades","Quick Slash"],"picked":"Malaise","floor":31.0},{"not_picked":["Dagger Throw","Expertise","Accuracy"],"picked":"SKIP","floor":31.0},{"not_picked":["Bane","Distraction","Slice+1"],"picked":"SKIP","floor":35.0},{"not_picked":["Prepared+1","Slice","Deadly Poison"],"picked":"SKIP","floor":35.0},{"not_picked":["Metamorphosis","Good Instincts"],"picked":"Impatience","floor":36.0},{"not_picked":["PiercingWail","Crippling Poison"],"picked":"Footwork","floor":39.0},{"not_picked":["Deadly Poison","Slice","Bane+1"],"picked":"SKIP","floor":39.0},{"not_picked":["All Out Attack","Poisoned Stab"],"picked":"Backflip","floor":41.0},{"not_picked":["Prepared+1","Tactician","Heel Hook"],"picked":"SKIP","floor":41.0},{"not_picked":["Quick Slash","Distraction"],"picked":"Cloak And Dagger","floor":44.0},{"not_picked":["Deadly Poison","Deflect","Predator"],"picked":"SKIP","floor":44.0},{"not_picked":["Poisoned Stab","Acrobatics"],"picked":"Dodge and Roll+1","floor":45},{"not_picked":["Storm of Steel","Deadly Poison","Poisoned Stab"],"picked":"SKIP","floor":45}],"player_experience":1954989,"relics_obtained":[{"floor":9.0,"key":"PreservedInsect"},{"floor":13.0,"key":"Potion Belt"},{"floor":20.0,"key":"Nilry\u0027s Codex"},{"floor":24.0,"key":"Prayer Wheel"},{"floor":26.0,"key":"Dodecahedron"},{"floor":38.0,"key":"Peace Pipe"},{"floor":43.0,"key":"Pen Nib"}],"event_choices":[{"damage_healed":0.0,"max_hp_gain":0.0,"max_hp_loss":0.0,"gold_gain":0.0,"event_name":"Scrap Ooze","player_choice":"Success","floor":2.0,"gold_loss":0.0,"damage_taken":11.0,"relics_obtained":["Blood Vial"]},{"damage_healed":0.0,"max_hp_gain":0.0,"max_hp_loss":0.0,"gold_gain":0.0,"event_name":"Upgrade Shrine","player_choice":"Upgraded","floor":4.0,"gold_loss":0.0,"damage_taken":0.0,"cards_upgraded":["Neutralize"]},{"damage_healed":0.0,"max_hp_gain":0.0,"max_hp_loss":0.0,"gold_gain":0.0,"event_name":"Back to Basics","player_choice":"Simplicity","floor":19.0,"gold_loss":0.0,"damage_taken":0.0,"cards_upgraded":["Defend_G","Defend_G","Defend_G","Defend_G","Defend_G","Strike_G"]},{"damage_healed":0.0,"max_hp_gain":0.0,"max_hp_loss":0.0,"gold_gain":0.0,"event_name":"Cursed Tome","player_choice":"Obtained Book","floor":20.0,"gold_loss":0.0,"damage_taken":21.0},{"cards_removed":["Strike_G"],"damage_healed":0.0,"max_hp_gain":0.0,"max_hp_loss":0.0,"gold_gain":0.0,"event_name":"Purifier","player_choice":"Purged","floor":28.0,"gold_loss":0.0,"damage_taken":0.0},{"damage_healed":0.0,"max_hp_gain":0.0,"max_hp_loss":0.0,"gold_gain":0.0,"event_name":"SensoryStone","player_choice":"Memory 3","floor":36.0,"gold_loss":0.0,"damage_taken":10.0},{"damage_healed":0.0,"max_hp_gain":0.0,"max_hp_loss":0.0,"gold_gain":0.0,"event_name":"Mysterious Sphere","player_choice":"Fight","floor":38.0,"gold_loss":0.0,"damage_taken":0.0},{"damage_healed":0,"gold_gain":0,"player_choice":"Paid","damage_taken":0,"relics_obtained":["Red Mask"],"max_hp_gain":0,"max_hp_loss":0,"event_name":"Tomb of Lord Red Mask","floor":46,"gold_loss":86},{"damage_healed":16,"gold_gain":0,"player_choice":"Writhe","damage_taken":0,"max_hp_gain":0,"max_hp_loss":0,"event_name":"Winding Halls","floor":47,"gold_loss":0,"cards_obtained":["Writhe"]}],"is_beta":true,"boss_relics":[{"not_picked":["Calling Bell","Snecko Eye"],"picked":"Philosopher\u0027s Stone"},{"not_picked":["Runic Pyramid","Lizard Tail"],"picked":"White Beast Statue"}],"items_purged_floors":[3],"is_endless":false,"potions_floor_spawned":[1,7,13,16,21,25,27,29,35,38,39,41,44,45],"killed_by":"Awakened One","ascension_level":20}