{"gold_per_floor":[119,294,317,327,327,362,362,397,397,428,428,125,125,153,153,250,250,262,187,206,306,306,337,371,397,450,484,484,515,530,351,351,456,456,466,485,360,360,373,373,400,400,423,458,478,505,520,546,546,546],"floor_reached":51,"playtime":2440,"items_purged":["Doubt","Injury","Parasite"],"score":1140,"play_id":"abce470b-1462-4269-becd-ec77249e0cdd","local_time":"20190104140407","daily_mods":["SealedDeck","Heirloom","Elite Swarm"],"is_ascension_mode":false,"campfire_choices":[{"data":"Scrape","floor":7,"key":"SMITH"},{"data":"Hyperbeam","floor":11,"key":"SMITH"},{"data":"Hyperbeam","floor":13,"key":"SMITH"},{"data":"Hyperbeam","floor":15,"key":"SMITH"},{"data":"Hyperbeam","floor":32,"key":"SMITH"},{"floor":40,"key":"DIG"},{"floor":42,"key":"DIG"},{"floor":49,"key":"DIG"}],"neow_cost":"","seed_source_timestamp":0,"circlet_count":0,"master_deck":["Scrape","Beam Cell","Steam+1","Go for the Eyes","Scrape+1","Gash","Storm","Capacitor","Conserve Battery+1","Self Repair","Defragment","Steam","Hyperbeam+1","Fission","Hyperbeam+1","FTL","Scrape","Hyperbeam+1","Echo Form","Reprogram","BootSequence","Leap+1","Creative AI","Reprogram+1","Creative AI","Amplify","Hyperbeam+1","Go for the Eyes","FTL","Core Surge","Madness","Madness","Steam","Meteor Strike","Normality","All For One","Meteor Strike","Echo Form"],"relics":["Cracked Core","Bird Faced Urn","Oddly Smooth Stone","Thread and Needle","Ginger","Dream Catcher","Blood Vial","War Paint","Letter Opener","Cursed Key","Ice Cream","Dodecahedron","Vajra","Red Mask","Boot","Lantern","Shovel","Unceasing Top","Centennial Puzzle","Coffee Dripper","FossilizedHelix","Orichalcum","Bottled Tornado","Happy Flower","PreservedInsect","Emotion Chip","Smiling Mask","Torii"],"potions_floor_usage":[6,21,21],"damage_taken":[{"damage":0,"enemies":"Small Slimes","floor":1,"turns":3},{"damage":1,"enemies":"Jaw Worm","floor":4,"turns":3},{"damage":4,"enemies":"Gremlin Nob","floor":6,"turns":3},{"damage":6,"enemies":"3 Sentries","floor":8,"turns":5},{"damage":17,"enemies":"Gremlin Nob","floor":10,"turns":4},{"damage":2,"enemies":"Lagavulin","floor":14,"turns":4},{"damage":30,"enemies":"Hexaghost","floor":16,"turns":6},{"damage":0,"enemies":"Spheric Guardian","floor":18,"turns":3},{"damage":0,"enemies":"3 Byrds","floor":20,"turns":2},{"damage":3,"enemies":"Colosseum Slavers","floor":21,"turns":2},{"damage":0,"enemies":"Colosseum Nobs","floor":21,"turns":3},{"damage":0,"enemies":"Gremlin Leader","floor":23,"turns":4},{"damage":0,"enemies":"Masked Bandits","floor":24,"turns":1},{"damage":8,"enemies":"Book of Stabbing","floor":25,"turns":3},{"damage":1,"enemies":"Gremlin Leader","floor":27,"turns":5},{"damage":3,"enemies":"Book of Stabbing","floor":29,"turns":4},{"damage":0,"enemies":"Centurion and Healer","floor":30,"turns":2},{"damage":14,"enemies":"Collector","floor":33,"turns":6},{"damage":0,"enemies":"Orb Walker","floor":35,"turns":2},{"damage":9,"enemies":"3 Darklings","floor":36,"turns":3},{"damage":18,"enemies":"Spire Growth","floor":39,"turns":5},{"damage":0,"enemies":"Giant Head","floor":41,"turns":5},{"damage":6,"enemies":"Nemesis","floor":44,"turns":5},{"damage":0,"enemies":"Jaw Worm Horde","floor":45,"turns":1},{"damage":0,"enemies":"Reptomancer","floor":46,"turns":3},{"damage":0,"enemies":"Transient","floor":47,"turns":5},{"damage":0,"enemies":"Giant Head","floor":48,"turns":4},{"damage":50,"enemies":"Awakened One","floor":50,"turns":6}],"seed_played":"-6252114690282388463","potions_obtained":[{"floor":4,"key":"Fire Potion"},{"floor":14,"key":"AttackPotion"},{"floor":18,"key":"SmokeBomb"},{"floor":21,"key":"SpeedPotion"},{"floor":29,"key":"Weak Potion"},{"floor":30,"key":"LiquidBronze"}],"is_trial":true,"path_per_floor":["M","?","T","M","?","E","R","E","T","E","R","$","R","E","R","B",null,"M","$","M","?","?","E","?","E","T","E","T","E","M","$","R","B",null,"M","M","$","?","M","R","E","R","T","E","M","E","M","E","R","B",null],"character_chosen":"DEFECT","items_purchased":["FTL","Scrape","War Paint","FTL"],"campfire_rested":0,"item_purchase_floors":[12,12,12,31],"current_hp_per_floor":[75,75,75,75,75,75,75,75,75,65,65,65,65,74,74,54,75,75,75,75,75,61,74,76,79,79,80,80,80,80,80,80,80,80,80,80,77,67,66,66,77,77,77,77,77,77,77,77,77,57],"gold":546,"neow_bonus":"","is_prod":false,"is_daily":false,"chose_seed":false,"campfire_upgraded":5,"win_rate":0,"timestamp":1546578247,"path_taken":["M","?","?","M","?","E","R","E","T","E","R","$","R","E","R","BOSS","M","$","M","?","?","E","?","E","T","E","?","E","?","$","R","BOSS","M","?","$","?","M","R","E","R","T","E","M","E","M","E","R","BOSS"],"build_version":"2018-12-20","purchased_purges":3,"victory":true,"max_hp_per_floor":[75,75,75,75,75,75,75,75,75,75,75,75,75,75,75,75,75,75,75,75,75,80,80,80,80,80,80,80,80,80,80,80,80,80,80,80,77,77,77,77,77,77,77,77,77,77,77,77,77,77],"card_choices":[{"not_picked":["Rip and Tear","Compile Driver"],"picked":"Defragment","floor":1},{"not_picked":["Reprogram","Blizzard"],"picked":"Steam","floor":4},{"not_picked":["Amplify","Rainbow"],"picked":"Hyperbeam","floor":6},{"not_picked":["Thunder Strike","Amplify"],"picked":"Fission","floor":8},{"not_picked":["Amplify","Electrodynamics"],"picked":"Hyperbeam","floor":10},{"not_picked":["Core Surge","Biased Cognition"],"picked":"Hyperbeam","floor":14},{"not_picked":["Machine Learning","Electrodynamics"],"picked":"Echo Form","floor":16},{"not_picked":["Turbo","Streamline"],"picked":"Reprogram","floor":18},{"not_picked":["Coolheaded","Lockon"],"picked":"BootSequence","floor":20},{"not_picked":["Cold Snap+1","Compile Driver+1"],"picked":"Leap+1","floor":21},{"not_picked":["Reboot","Multi-Cast"],"picked":"Creative AI","floor":23},{"not_picked":["Streamline+1","Compile Driver"],"picked":"Reprogram+1","floor":24},{"not_picked":["Seek","Electrodynamics"],"picked":"Creative AI","floor":25},{"not_picked":["Thunder Strike","Electrodynamics"],"picked":"Amplify","floor":27},{"not_picked":["Rainbow","Amplify"],"picked":"Hyperbeam","floor":29},{"not_picked":["Sunder","Hologram"],"picked":"Go for the Eyes","floor":30},{"not_picked":["Amplify","Electrodynamics"],"picked":"Core Surge","floor":33},{"not_picked":["Leap","Compile Driver+1","Blizzard"],"picked":"SKIP","floor":35},{"not_picked":["Ball Lightning","Redo+1","Coolheaded"],"picked":"SKIP","floor":36},{"not_picked":["Cold Snap+1","Turbo"],"picked":"Steam","floor":39},{"not_picked":["Creative AI","Multi-Cast"],"picked":"Meteor Strike","floor":41},{"not_picked":["Biased Cognition","Fission"],"picked":"All For One","floor":44},{"not_picked":["Conserve Battery","Genetic Algorithm+1","Chaos+1"],"picked":"SKIP","floor":45},{"not_picked":["Seek","Multi-Cast"],"picked":"Meteor Strike","floor":46},{"not_picked":["Leap+1","Turbo+1","Rip and Tear"],"picked":"SKIP","floor":47},{"not_picked":["Buffer","Hyperbeam"],"picked":"Echo Form","floor":48}],"player_experience":737614,"relics_obtained":[{"floor":3,"key":"Oddly Smooth Stone"},{"floor":6,"key":"Thread and Needle"},{"floor":8,"key":"Ginger"},{"floor":9,"key":"Dream Catcher"},{"floor":10,"key":"Blood Vial"},{"floor":14,"key":"Letter Opener"},{"floor":21,"key":"Ice Cream"},{"floor":21,"key":"Dodecahedron"},{"floor":23,"key":"Vajra"},{"floor":24,"key":"Red Mask"},{"floor":25,"key":"Boot"},{"floor":26,"key":"Lantern"},{"floor":27,"key":"Shovel"},{"floor":28,"key":"Unceasing Top"},{"floor":29,"key":"Centennial Puzzle"},{"floor":40,"key":"FossilizedHelix"},{"floor":41,"key":"Orichalcum"},{"floor":42,"key":"Bottled Tornado"},{"floor":43,"key":"Happy Flower"},{"floor":44,"key":"PreservedInsect"},{"floor":46,"key":"Emotion Chip"},{"floor":48,"key":"Smiling Mask"},{"floor":49,"key":"Torii"}],"event_choices":[{"damage_healed":0,"gold_gain":175,"player_choice":"AGREE","damage_taken":0,"max_hp_gain":0,"max_hp_loss":0,"event_name":"Liars Game","floor":2,"gold_loss":0,"cards_obtained":["Doubt"]},{"damage_healed":0,"gold_gain":0,"player_choice":"Ignored","damage_taken":0,"max_hp_gain":0,"max_hp_loss":0,"event_name":"NoteForYourself","floor":5,"gold_loss":0},{"damage_healed":0,"gold_gain":0,"player_choice":"Fight","damage_taken":0,"max_hp_gain":0,"max_hp_loss":0,"event_name":"Colosseum","floor":21,"gold_loss":0},{"damage_healed":0,"gold_gain":0,"player_choice":"Fought Nobs","damage_taken":0,"max_hp_gain":0,"max_hp_loss":0,"event_name":"Colosseum","floor":21,"gold_loss":0},{"damage_healed":0,"gold_gain":0,"player_choice":"Shed Blood","damage_taken":19,"max_hp_gain":5,"max_hp_loss":0,"event_name":"Forgotten Altar","floor":22,"gold_loss":0},{"damage_healed":0,"gold_gain":0,"player_choice":"Fought Bandits","damage_taken":0,"max_hp_gain":0,"max_hp_loss":0,"event_name":"Masked Bandits","floor":24,"gold_loss":0},{"damage_healed":0,"gold_gain":0,"player_choice":"Embrace Madness","damage_taken":10,"max_hp_gain":0,"max_hp_loss":0,"event_name":"Winding Halls","floor":38,"gold_loss":0,"cards_obtained":["Madness","Madness"]}],"is_beta":false,"boss_relics":[{"not_picked":["Snecko Eye","Lizard Tail"],"picked":"Cursed Key"},{"not_picked":["Eternal Feather","White Beast Statue"],"picked":"Coffee Dripper"}],"items_purged_floors":[19,31,37],"is_endless":false,"potions_floor_spawned":[4,14,18,21,29,30,33,41,44,45,48],"ascension_level":0}