{"gold_per_floor":[113,126,126,126,144,175,175,200,200,217,16,16,33,43,43,146,146,165,175,51,69,69,103,18,31,80,80,107,126,126,126],"floor_reached":31,"playtime":1357,"items_purged":["Dualcast"],"score":404,"play_id":"adae678a-1615-481e-8b2e-918fdf637677","local_time":"20181202191027","is_ascension_mode":true,"campfire_choices":[{"data":"Streamline","floor":7,"key":"SMITH"},{"floor":12,"key":"REST"},{"floor":15,"key":"REST"}],"neow_cost":"NONE","seed_source_timestamp":165411200684107,"circlet_count":0,"master_deck":["Strike_B","Strike_B","Strike_B","Defend_B","Defend_B","Defend_B","Defend_B","Zap","Streamline+1","Melter","All For One","Go for the Eyes+1","Rebound+1","Steam","Conserve Battery","Core Surge+1","Gash+1","Auto Shields+1","Beam Cell+1","Rebound+1","Hologram","FTL+1","Gash+1","Gash+1","Go for the Eyes+1"],"relics":["Cracked Core","NeowsBlessing","Juzu Bracelet","Molten Egg 2","Blood Vial","Ancient Tea Set","Boot","Nuclear Battery","Bag of Preparation","Strawberry","Pantograph"],"potions_floor_usage":[6,8,16,21,23,23,27,28,30],"damage_taken":[{"damage":0,"enemies":"2 Louse","floor":1,"turns":1},{"damage":0,"enemies":"Cultist","floor":2,"turns":1},{"damage":0,"enemies":"Small Slimes","floor":5,"turns":1},{"damage":27,"enemies":"Gremlin Nob","floor":6,"turns":4},{"damage":30,"enemies":"Lagavulin","floor":8,"turns":4},{"damage":3,"enemies":"Looter","floor":10,"turns":2},{"damage":9,"enemies":"Red Slaver","floor":13,"turns":2},{"damage":0,"enemies":"3 Louse","floor":14,"turns":2},{"damage":0,"enemies":"Slime Boss","floor":16,"turns":7},{"damage":7,"enemies":"Shell Parasite","floor":18,"turns":3},{"damage":19,"enemies":"2 Thieves","floor":19,"turns":3},{"damage":7,"enemies":"3 Cultists","floor":21,"turns":4},{"damage":14,"enemies":"Slavers","floor":23,"turns":3},{"damage":9,"enemies":"Snake Plant","floor":25,"turns":2},{"damage":3,"enemies":"Colosseum Slavers","floor":27,"turns":3},{"damage":18,"enemies":"Gremlin Leader","floor":28,"turns":6},{"damage":0,"enemies":"Sentry and Sphere","floor":29,"turns":3},{"damage":31,"enemies":"Slavers","floor":31,"turns":1}],"seed_played":"573314978283172659","potions_obtained":[{"floor":2,"key":"Weak Potion"},{"floor":5,"key":"Energy Potion"},{"floor":6,"key":"PowerPotion"},{"floor":8,"key":"Energy Potion"},{"floor":13,"key":"SteroidPotion"},{"floor":16,"key":"AttackPotion"},{"floor":19,"key":"PowerPotion"},{"floor":23,"key":"Poison Potion"},{"floor":29,"key":"Fruit Juice"}],"is_trial":false,"path_per_floor":["M","M","?","?","M","E","R","E","T","M","$","R","M","M","R","B",null,"M","M","$","M","?","E","$","M","T","?","E","M","T","E"],"character_chosen":"DEFECT","items_purchased":["Boot","AttackPotion","Beam Cell+1","FTL+1","SkillPotion"],"campfire_rested":2,"item_purchase_floors":[11,11,20,24,24],"current_hp_per_floor":[75,75,63,63,63,36,36,6,6,5,5,27,20,22,44,46,75,68,51,51,46,46,34,34,27,27,26,17,19,24,0],"gold":126,"neow_bonus":"THREE_ENEMY_KILL","is_prod":false,"is_daily":false,"chose_seed":false,"campfire_upgraded":1,"win_rate":0,"timestamp":1543795827,"path_taken":["M","M","?","?","M","E","R","E","T","M","$","R","M","M","R","BOSS","M","M","?","M","?","E","$","M","T","?","E","M","?","E"],"build_version":"2018-11-15","purchased_purges":1,"victory":false,"max_hp_per_floor":[75,75,75,75,75,75,75,75,75,75,75,75,75,75,75,75,75,75,75,75,75,75,75,75,75,75,75,82,82,87,87],"card_choices":[{"not_picked":["Redo","Cold Snap"],"picked":"Streamline","floor":1},{"not_picked":["Force Field","Sunder"],"picked":"Melter","floor":2},{"not_picked":["Blizzard","Turbo"],"picked":"All For One","floor":5},{"not_picked":["Reinforced Body","Reprogram","Redo"],"picked":"SKIP","floor":6},{"not_picked":["Force Field","Leap"],"picked":"Go for the Eyes+1","floor":8},{"not_picked":["Capacitor","Streamline+1"],"picked":"Rebound+1","floor":10},{"not_picked":["Turbo","Biased Cognition"],"picked":"Steam","floor":13},{"not_picked":["Sweeping Beam+1","White Noise"],"picked":"Conserve Battery","floor":14},{"not_picked":["Machine Learning","Meteor Strike+1"],"picked":"Core Surge+1","floor":16},{"not_picked":["Heatsinks","Leap"],"picked":"Gash+1","floor":18},{"not_picked":["Static Discharge+1","Heatsinks"],"picked":"Auto Shields+1","floor":19},{"not_picked":["Lockon+1","Ball Lightning+1"],"picked":"Rebound+1","floor":21},{"not_picked":["Double Energy","Ball Lightning+1"],"picked":"Hologram","floor":23},{"not_picked":["Hologram","Steam"],"picked":"Gash+1","floor":25},{"not_picked":["Sunder+1","Ball Lightning+1"],"picked":"Gash+1","floor":28},{"not_picked":["Redo+1","Rebound+1"],"picked":"Go for the Eyes+1","floor":29}],"player_experience":239494,"relics_obtained":[{"floor":6,"key":"Molten Egg 2"},{"floor":8,"key":"Blood Vial"},{"floor":9,"key":"Ancient Tea Set"},{"floor":23,"key":"Bag of Preparation"},{"floor":28,"key":"Strawberry"},{"floor":30,"key":"Pantograph"}],"event_choices":[{"damage_healed":0,"gold_gain":0,"player_choice":"Success","damage_taken":12,"relics_obtained":["Juzu Bracelet"],"max_hp_gain":0,"max_hp_loss":0,"event_name":"Scrap Ooze","floor":3,"gold_loss":0},{"cards_removed":["Strike_B"],"damage_healed":0,"gold_gain":0,"player_choice":"Purged","damage_taken":0,"max_hp_gain":0,"max_hp_loss":0,"event_name":"Purifier","floor":4,"gold_loss":0},{"damage_healed":0,"gold_gain":0,"player_choice":"Ignored","damage_taken":0,"max_hp_gain":0,"max_hp_loss":0,"event_name":"Ghosts","floor":22,"gold_loss":0},{"damage_healed":0,"gold_gain":0,"player_choice":"Fight","damage_taken":0,"max_hp_gain":0,"max_hp_loss":0,"event_name":"Colosseum","floor":27,"gold_loss":0},{"damage_healed":0,"gold_gain":0,"player_choice":"Fled From Nobs","damage_taken":0,"max_hp_gain":0,"max_hp_loss":0,"event_name":"Colosseum","floor":27,"gold_loss":0}],"is_beta":false,"boss_relics":[{"not_picked":["Coffee Dripper","Inserter"],"picked":"Nuclear Battery"}],"items_purged_floors":[20],"is_endless":false,"potions_floor_spawned":[2,5,6,8,13,16,19,23,27,29],"killed_by":"Slavers","ascension_level":4}