{"gold_per_floor":[113,131,150,150,164,199,217,243,282,32,32,32],"floor_reached":12,"playtime":525,"items_purged":[],"score":113,"play_id":"f337ef5a-e2fa-4a5b-a980-09cd87f882a5","local_time":"20190122194157","is_ascension_mode":true,"campfire_choices":[],"neow_cost":"NONE","seed_source_timestamp":1202678040798702,"circlet_count":0,"master_deck":["Strike_B","Strike_B","Strike_B","Strike_B","Defend_B","Defend_B","Defend_B","Defend_B","Zap","Dualcast","Streamline","Beam Cell","Electrodynamics","Ball Lightning","Cold Snap","Blizzard","Aggregate","Melter"],"relics":["Cracked Core","PreservedInsect","Sundial","MawBank","Omamori","Runic Capacitor","Pen Nib"],"potions_floor_usage":[5,8,8],"damage_taken":[{"damage":9,"enemies":"Jaw Worm","floor":1,"turns":3},{"damage":1,"enemies":"Cultist","floor":2,"turns":3},{"damage":7,"enemies":"Small Slimes","floor":3,"turns":2},{"damage":0,"enemies":"Gremlin Gang","floor":5,"turns":3},{"damage":18,"enemies":"Gremlin Nob","floor":6,"turns":3},{"damage":4,"enemies":"3 Louse","floor":7,"turns":2},{"damage":14,"enemies":"Lagavulin","floor":8,"turns":4},{"damage":27,"enemies":"Gremlin Nob","floor":12,"turns":3}],"seed_played":"-4550626614678311608","potions_obtained":[{"floor":3,"key":"Weak Potion"},{"floor":4,"key":"Fire Potion"},{"floor":4,"key":"SmokeBomb"},{"floor":6,"key":"Block Potion"}],"is_trial":false,"path_per_floor":["M","M","M","?","M","E","M","E","T","$","?","E"],"character_chosen":"DEFECT","items_purchased":["Runic Capacitor","Melter"],"campfire_rested":0,"item_purchase_floors":[10,10],"current_hp_per_floor":[66,65,58,58,58,40,36,22,22,22,22,0],"gold":32,"neow_bonus":"RANDOM_COMMON_RELIC","is_prod":false,"is_daily":false,"chose_seed":false,"campfire_upgraded":0,"win_rate":0,"timestamp":1548204117,"path_taken":["M","M","M","?","M","E","?","E","T","?","?","E"],"build_version":"2019-01-17v2","purchased_purges":0,"victory":false,"max_hp_per_floor":[75,75,75,75,75,75,75,75,75,75,75,75],"card_choices":[{"not_picked":["Darkness","Skim"],"picked":"Streamline","floor":1},{"not_picked":["Stack","Scrape"],"picked":"Beam Cell","floor":2},{"not_picked":["Aggregate","Reinforced Body"],"picked":"Electrodynamics","floor":3},{"not_picked":["Coolheaded","Stack"],"picked":"Ball Lightning","floor":5},{"not_picked":["Beam Cell","Go for the Eyes"],"picked":"Cold Snap","floor":6},{"not_picked":["Rebound","Stack"],"picked":"Blizzard","floor":7},{"not_picked":["Turbo","Go for the Eyes"],"picked":"Aggregate","floor":8}],"player_experience":276871,"relics_obtained":[{"floor":6,"key":"Sundial"},{"floor":8,"key":"MawBank"},{"floor":9,"key":"Omamori"}],"event_choices":[{"damage_healed":0,"gold_gain":0,"player_choice":"Got Potions","damage_taken":0,"max_hp_gain":0,"max_hp_loss":0,"event_name":"Lab","floor":4,"gold_loss":0},{"damage_healed":0,"gold_gain":0,"player_choice":"Gave Potion","damage_taken":0,"relics_obtained":["Pen Nib"],"max_hp_gain":0,"max_hp_loss":0,"event_name":"WeMeetAgain","floor":11,"gold_loss":0}],"is_beta":false,"boss_relics":[],"items_purged_floors":[],"is_endless":false,"potions_floor_spawned":[3,6],"killed_by":"Gremlin Nob","ascension_level":5}