{"gold_per_floor":[116,127,141,141,151,151,186,186,186,186,206,256,266,279,279,354,354,274,274,274,8,8,8,8,8,8,8,8,8,8,8,8,8,8,8,8,8,8,8,8,8,8],"floor_reached":42,"playtime":3185,"items_purged":[],"score":998,"play_id":"0a1442dc-5bf8-4e72-b873-7195847abf14","local_time":"20181218035536","is_ascension_mode":true,"campfire_choices":[{"data":"Sucker Punch","floor":6,"key":"SMITH"},{"data":"Flechettes","floor":8,"key":"SMITH"},{"data":"Flying Knee","floor":10,"key":"SMITH"},{"data":"Survivor","floor":15,"key":"SMITH"},{"data":"Apotheosis","floor":27,"key":"SMITH"},{"floor":29,"key":"REST"},{"data":"After Image","floor":32,"key":"SMITH"},{"data":"Noxious Fumes","floor":41,"key":"SMITH"}],"neow_cost":"NONE","seed_source_timestamp":152384016477500,"circlet_count":0,"master_deck":["AscendersBane","Defend_G","Defend_G","Defend_G","Defend_G","Defend_G","Strike_G","Survivor+1","Neutralize+1","Flying Knee+1","Cloak And Dagger","Sucker Punch+1","Deflect","Flechettes+1","Calculated Gamble","Venomology","Cloak And Dagger","Adrenaline","Dodge and Roll","Dagger Spray+1","Apotheosis+1","Backflip","Caltrops","PiercingWail+1","Choke","PiercingWail","After Image+1","Adrenaline","Noxious Fumes+1","PiercingWail","Storm of Steel","Eviscerate","Escape Plan+1","Deadly Poison"],"special_seed":0,"relics":["Runic Pyramid","Matryoshka","Happy Flower","Mango","Ectoplasm","Ninja Scroll","Oddly Smooth Stone","Smiling Mask","Old Coin","Mummified Hand","Empty Cage","Potion Belt"],"potions_floor_usage":[7,16,18,18,23,23,23,25,31,33,33,33,35,36,37,37,39,40,40,40],"damage_taken":[{"damage":2,"enemies":"Cultist","floor":1,"turns":5},{"damage":0,"enemies":"Jaw Worm","floor":2,"turns":5},{"damage":0,"enemies":"2 Louse","floor":3,"turns":3},{"damage":6,"enemies":"Exordium Thugs","floor":5,"turns":6},{"damage":3,"enemies":"Lagavulin","floor":7,"turns":7},{"damage":14,"enemies":"Gremlin Gang","floor":11,"turns":5},{"damage":0,"enemies":"Blue Slaver","floor":13,"turns":3},{"damage":6,"enemies":"Looter","floor":14,"turns":3},{"damage":1,"enemies":"The Guardian","floor":16,"turns":12},{"damage":4,"enemies":"2 Thieves","floor":18,"turns":4},{"damage":5,"enemies":"Chosen","floor":19,"turns":7},{"damage":6,"enemies":"Sentry and Sphere","floor":22,"turns":6},{"damage":15,"enemies":"Slavers","floor":23,"turns":6},{"damage":0,"enemies":"Snecko","floor":24,"turns":5},{"damage":0,"enemies":"Centurion and Healer","floor":25,"turns":6},{"damage":3,"enemies":"Sentry and Sphere","floor":30,"turns":6},{"damage":0,"enemies":"Book of Stabbing","floor":31,"turns":4},{"damage":7,"enemies":"Champ","floor":33,"turns":14},{"damage":0,"enemies":"3 Shapes","floor":35,"turns":8},{"damage":1,"enemies":"Orb Walker","floor":36,"turns":4},{"damage":1,"enemies":"Transient","floor":37,"turns":6},{"damage":5,"enemies":"3 Darklings","floor":39,"turns":5},{"damage":18,"enemies":"Giant Head","floor":40,"turns":11},{"damage":63,"enemies":"Reptomancer","floor":42,"turns":3}],"seed_played":"-8044867686865451620","potions_obtained":[{"floor":1,"key":"Strength Potion"},{"floor":11,"key":"SmokeBomb"},{"floor":13,"key":"SteroidPotion"},{"floor":24,"key":"GamblersBrew"},{"floor":36,"key":"PowerPotion"},{"floor":37,"key":"Regen Potion"}],"is_trial":false,"path_per_floor":["M","M","M","?","M","R","E","R","T","R","M","?","M","M","R","B",null,"M","M","?","$","M","E","M","M","T","R","?","R","M","E","R","B",null,"M","M","M","?","M","E","R","E"],"character_chosen":"THE_SILENT","items_purchased":["Apotheosis","Backflip","Caltrops"],"campfire_rested":1,"item_purchase_floors":[21,21,21],"current_hp_per_floor":[57,57,57,57,51,51,48,48,62,62,48,40,40,34,34,33,68,64,59,59,59,53,38,38,38,38,38,38,62,59,59,59,52,73,73,72,71,71,80,62,62,0],"gold":8,"neow_bonus":"BOSS_RELIC","is_prod":false,"is_daily":false,"chose_seed":false,"campfire_upgraded":7,"win_rate":0,"timestamp":1545123336,"path_taken":["M","?","M","?","M","R","E","R","T","R","M","?","M","M","R","BOSS","M","M","?","$","M","E","?","M","T","R","?","R","M","E","R","BOSS","M","M","?","?","?","E","R","E"],"build_version":"2018-11-15","purchased_purges":0,"victory":false,"max_hp_per_floor":[66,66,66,66,66,66,66,66,80,80,80,80,80,80,80,80,80,80,80,80,80,80,80,80,80,80,80,80,80,80,80,80,80,80,80,80,80,80,80,80,80,80],"card_choices":[{"not_picked":["Quick Slash","Slice"],"picked":"Flying Knee","floor":1},{"not_picked":["Slice","Distraction"],"picked":"Cloak And Dagger","floor":2},{"not_picked":["Outmaneuver","Blade Dance"],"picked":"Sucker Punch","floor":3},{"not_picked":["Blade Dance","Dodge and Roll"],"picked":"Deflect","floor":5},{"not_picked":["Deflect","Acrobatics"],"picked":"Flechettes","floor":7},{"not_picked":["Distraction","Dodge and Roll"],"picked":"Calculated Gamble","floor":11},{"not_picked":["Finisher","Deflect"],"picked":"Venomology","floor":13},{"not_picked":["Acrobatics","Sucker Punch"],"picked":"Cloak And Dagger","floor":14},{"not_picked":["Glass Knife","Night Terror"],"picked":"Adrenaline","floor":16},{"not_picked":["Underhanded Strike","Calculated Gamble"],"picked":"Dodge and Roll","floor":18},{"not_picked":["Finisher","Calculated Gamble"],"picked":"Dagger Spray+1","floor":19},{"not_picked":["Bane","Dagger Spray"],"picked":"PiercingWail+1","floor":22},{"not_picked":["Venomology","Heel Hook"],"picked":"Choke","floor":23},{"not_picked":["All Out Attack","Dagger Spray"],"picked":"PiercingWail","floor":24},{"not_picked":["Sucker Punch","Underhanded Strike+1","Poisoned Stab"],"picked":"SKIP","floor":25},{"not_picked":["Prepared","Flying Knee","Reflex"],"picked":"SKIP","floor":30},{"not_picked":["Masterful Stab","Prepared"],"picked":"After Image","floor":31},{"not_picked":["Tools of the Trade","Glass Knife"],"picked":"Adrenaline","floor":33},{"not_picked":["Cloak And Dagger","Sucker Punch"],"picked":"Noxious Fumes","floor":35},{"not_picked":["Calculated Gamble+1","Blade Dance"],"picked":"PiercingWail","floor":36},{"not_picked":["Flying Knee+1","Prepared"],"picked":"Storm of Steel","floor":37},{"not_picked":["Heel Hook","Predator"],"picked":"Escape Plan+1","floor":39},{"not_picked":["Backstab+1","Finisher"],"picked":"Deadly Poison","floor":40}],"player_experience":1848023,"relics_obtained":[{"floor":7,"key":"Matryoshka"},{"floor":9,"key":"Happy Flower"},{"floor":9,"key":"Mango"},{"floor":23,"key":"Ninja Scroll"},{"floor":26,"key":"Oddly Smooth Stone"},{"floor":26,"key":"Smiling Mask"},{"floor":31,"key":"Mummified Hand"},{"floor":40,"key":"Potion Belt"}],"event_choices":[{"damage_healed":0,"gold_gain":0,"player_choice":"Grow","damage_taken":0,"max_hp_gain":0,"max_hp_loss":0,"event_name":"Living Wall","floor":4,"gold_loss":0,"cards_upgraded":["Neutralize"]},{"damage_healed":0,"gold_gain":50,"player_choice":"Touch","damage_taken":8,"max_hp_gain":0,"max_hp_loss":0,"event_name":"FaceTrader","floor":12,"gold_loss":0},{"cards_removed":["Strike_G"],"damage_healed":0,"gold_gain":0,"player_choice":"Purged","damage_taken":0,"max_hp_gain":0,"max_hp_loss":0,"event_name":"Purifier","floor":20,"gold_loss":0},{"damage_healed":0,"gold_gain":0,"player_choice":"Gave Potion","damage_taken":0,"relics_obtained":["Old Coin"],"max_hp_gain":0,"max_hp_loss":0,"event_name":"WeMeetAgain","floor":28,"gold_loss":0},{"damage_healed":0,"gold_gain":0,"cards_transformed":["Strike_G"],"player_choice":"Transformed","damage_taken":0,"max_hp_gain":0,"max_hp_loss":0,"event_name":"Transmorgrifier","floor":38,"gold_loss":0,"cards_obtained":["Eviscerate"]}],"is_beta":true,"boss_relics":[{"not_picked":["Pandora\u0027s Box","WristBlade"],"picked":"Ectoplasm"},{"not_picked":["Runic Dome","Tiny House"],"picked":"Empty Cage"}],"items_purged_floors":[],"is_endless":false,"potions_floor_spawned":[1,11,13,22,24,31,33,36,37],"killed_by":"Reptomancer","ascension_level":20}