{"gold_per_floor":[116,41,41,41,60,85,85,103,180,193,203,203,213,225,225,225],"floor_reached":16,"playtime":590,"items_purged":["Strike_B"],"score":104,"play_id":"b5a047b2-87d5-42f9-b693-71ae6d4afb4c","local_time":"20181008201717","is_ascension_mode":false,"campfire_choices":[{"data":"Zap","floor":7,"key":"SMITH"},{"data":"Dualcast","floor":12,"key":"SMITH"},{"data":"Scrape","floor":15,"key":"SMITH"}],"neow_cost":"NONE","seed_source_timestamp":81186434418364,"circlet_count":0,"master_deck":["Strike_B","Strike_B","Strike_B","Defend_B","Defend_B","Defend_B","Defend_B","Zap+1","Dualcast+1","All For One","Scrape+1","Glacier","Gash","Beam Cell","Auto Shields","Coolheaded","Loop"],"relics":["Cracked Core","Pen Nib","Molten Egg 2"],"potions_floor_usage":[16],"damage_taken":[{"damage":6,"enemies":"Jaw Worm","floor":1,"turns":3},{"damage":0,"enemies":"Small Slimes","floor":5,"turns":3},{"damage":23,"enemies":"Lagavulin","floor":6,"turns":9},{"damage":0,"enemies":"2 Louse","floor":8,"turns":3},{"damage":15,"enemies":"Gremlin Gang","floor":10,"turns":4},{"damage":0,"enemies":"Large Slime","floor":11,"turns":4},{"damage":5,"enemies":"Looter","floor":13,"turns":2},{"damage":2,"enemies":"Exordium Thugs","floor":14,"turns":4},{"damage":24,"enemies":"Slime Boss","floor":16,"turns":6}],"seed_played":"5089432628843767895","potions_obtained":[{"floor":10,"key":"Weak Potion"},{"floor":11,"key":"SkillPotion"},{"floor":13,"key":"LiquidBronze"}],"is_trial":false,"path_per_floor":["M","$","?","?","M","E","R","M","T","M","M","R","M","M","R"],"character_chosen":"DEFECT","items_purchased":[],"campfire_rested":0,"item_purchase_floors":[],"current_hp_per_floor":[69,69,69,69,69,46,46,46,46,31,31,31,26,24,24,0],"gold":225,"neow_bonus":"ONE_RANDOM_RARE_CARD","is_prod":false,"is_daily":false,"chose_seed":false,"campfire_upgraded":3,"win_rate":0,"timestamp":1538997437,"path_taken":["M","$","?","?","M","E","R","M","T","M","M","R","M","M","R","BOSS"],"build_version":"2018-10-04","purchased_purges":1,"victory":false,"max_hp_per_floor":[75,75,75,75,75,75,75,75,75,75,75,75,75,75,75,75],"card_choices":[{"not_picked":["Coolheaded","Sweeping Beam"],"picked":"Scrape","floor":1},{"not_picked":["Blizzard","Skim"],"picked":"Glacier","floor":5},{"not_picked":["Buffer","Conserve Battery"],"picked":"Gash","floor":6},{"not_picked":["Redo","Rebound"],"picked":"Beam Cell","floor":8},{"not_picked":["Compile Driver+1","Steam Power"],"picked":"Auto Shields","floor":10},{"not_picked":["Fusion","Hologram"],"picked":"Coolheaded","floor":11},{"not_picked":["Steam","Conserve Battery"],"picked":"Loop","floor":13},{"not_picked":["Meteor Strike+1","Consume","Sweeping Beam+1"],"picked":"SKIP","floor":14}],"player_experience":483770,"relics_obtained":[{"floor":6,"key":"Pen Nib"},{"floor":9,"key":"Molten Egg 2"}],"event_choices":[{"event_name":"The Cleric","player_choice":"Leave","floor":3,"damage_taken":0},{"event_name":"NoteForYourself","player_choice":"Ignored","floor":4,"damage_taken":0}],"is_beta":true,"boss_relics":[],"items_purged_floors":[2],"is_endless":false,"potions_floor_spawned":[10,11,13],"killed_by":"Slime Boss","ascension_level":0}