{"gold_per_floor":[109,74,85,30,46,46,77,77,124,124,152,168,179,11,11,88,88,104,114,4,4,4,4,36,36,62,62,6,6,39,59,59,138,138,155,168,218,218,218,230,230,230],"floor_reached":42,"playtime":1845,"items_purged":[],"score":884,"play_id":"7c2cde52-0508-472e-9fe2-eaeffe238f22","local_time":"20181122032112","is_ascension_mode":true,"campfire_choices":[{"data":"Noxious Fumes","floor":6,"key":"SMITH"},{"data":"Blade Dance","floor":8,"key":"SMITH"},{"data":"Neutralize","floor":10,"key":"SMITH"},{"data":"Blur","floor":15,"key":"SMITH"},{"data":"Corpse Explosion","floor":23,"key":"SMITH"},{"floor":25,"key":"REST"},{"floor":32,"key":"REST"},{"floor":41,"key":"REST"}],"neow_cost":"NONE","seed_source_timestamp":79714962635000,"circlet_count":0,"master_deck":["AscendersBane","Defend_G","Defend_G","Defend_G","Defend_G","Defend_G+1","Strike_G","Strike_G","Strike_G","Strike_G+1","Survivor","Neutralize+1","Dagger Spray","Noxious Fumes+1","Dash+1","Blade Dance+1","Dash","Backstab","Blur+1","Corpse Explosion+1","Backflip","Blade Dance","Prepared","Malaise","Terror+1"],"relics":["WristBlade","Juzu Bracelet","Art of War","Blood Vial","Vajra","Busted Crown","Tingsha","Whetstone","NlothsMask","Peace Pipe","Fusion Hammer"],"potions_floor_usage":[11,18,19,24,30,30,33],"damage_taken":[{"damage":6,"enemies":"Small Slimes","floor":1,"turns":5},{"damage":0,"enemies":"Jaw Worm","floor":3,"turns":4},{"damage":4,"enemies":"2 Louse","floor":5,"turns":4},{"damage":14,"enemies":"3 Sentries","floor":7,"turns":6},{"damage":21,"enemies":"Gremlin Nob","floor":11,"turns":4},{"damage":3,"enemies":"Exordium Thugs","floor":12,"turns":5},{"damage":0,"enemies":"Gremlin Gang","floor":13,"turns":3},{"damage":13,"enemies":"The Guardian","floor":16,"turns":10},{"damage":8,"enemies":"2 Thieves","floor":18,"turns":3},{"damage":0,"enemies":"Spheric Guardian","floor":19,"turns":3},{"damage":44,"enemies":"Gremlin Leader","floor":24,"turns":7},{"damage":14,"enemies":"Slavers","floor":30,"turns":3},{"damage":7,"enemies":"3 Cultists","floor":31,"turns":3},{"damage":30,"enemies":"Collector","floor":33,"turns":9},{"damage":18,"enemies":"3 Darklings","floor":35,"turns":3},{"damage":0,"enemies":"Orb Walker","floor":36,"turns":2},{"damage":20,"enemies":"Maw","floor":40,"turns":8},{"damage":67,"enemies":"Transient","floor":42,"turns":5}],"seed_played":"5554880437362377121","potions_obtained":[{"floor":3,"key":"Energy Potion"},{"floor":12,"key":"FearPotion"},{"floor":18,"key":"Fire Potion"},{"floor":19,"key":"Energy Potion"},{"floor":24,"key":"Energy Potion"},{"floor":31,"key":"GhostInAJar"}],"is_trial":false,"path_per_floor":["M","?","M","$","M","R","E","R","T","R","E","M","M","$","R","B",null,"M","M","?","$","?","R","E","R","T","?","$","T","E","M","R","B",null,"M","M","?","?","?","M","R","M"],"character_chosen":"THE_SILENT","items_purchased":["Strength Potion","Vajra","SkillPotion"],"campfire_rested":3,"item_purchase_floors":[4,14,28],"current_hp_per_floor":[53,66,66,66,62,62,48,48,48,48,27,26,28,28,28,17,54,48,50,50,50,50,50,8,27,27,27,27,27,15,10,29,1,50,34,36,36,36,36,18,36,0],"gold":230,"neow_bonus":"BOSS_RELIC","is_prod":false,"is_daily":false,"chose_seed":false,"campfire_upgraded":5,"win_rate":0,"timestamp":1542874872,"path_taken":["M","?","M","?","M","R","E","R","T","R","E","M","M","$","R","BOSS","M","M","?","?","?","R","E","R","T","?","?","?","E","M","R","BOSS","M","M","?","?","?","M","R","M"],"build_version":"2018-11-15","purchased_purges":0,"victory":false,"max_hp_per_floor":[66,66,66,66,66,66,66,66,66,66,66,66,66,66,66,66,66,66,66,66,66,66,66,66,66,66,66,66,66,66,66,66,66,66,66,66,66,63,63,63,63,63],"card_choices":[{"not_picked":["Deadly Poison","Bane"],"picked":"Dagger Spray","floor":1},{"not_picked":["Deflect","Catalyst"],"picked":"Noxious Fumes","floor":3},{"not_picked":["Deflect","Reflex"],"picked":"Dash","floor":5},{"not_picked":["Quick Slash","Predator"],"picked":"Blade Dance","floor":7},{"not_picked":["Wraith Form v2","Reflex"],"picked":"Dash","floor":11},{"not_picked":["Prepared","Blur"],"picked":"Backstab","floor":12},{"not_picked":["Bane","Deadly Poison"],"picked":"Blur","floor":13},{"not_picked":["Die Die Die","Wraith Form v2"],"picked":"Corpse Explosion","floor":16},{"not_picked":[],"picked":"Backflip","floor":18},{"not_picked":["Tactician"],"picked":"SKIP","floor":19},{"not_picked":[],"picked":"Blade Dance","floor":24},{"not_picked":[],"picked":"Prepared","floor":30},{"not_picked":["Outmaneuver+1"],"picked":"SKIP","floor":31},{"not_picked":[],"picked":"Malaise","floor":33},{"not_picked":[],"picked":"Terror+1","floor":35},{"not_picked":["Flying Knee"],"picked":"SKIP","floor":36},{"not_picked":["Dagger Throw"],"picked":"SKIP","floor":40}],"player_experience":1654993,"relics_obtained":[{"floor":7,"key":"Juzu Bracelet"},{"floor":9,"key":"Art of War"},{"floor":11,"key":"Blood Vial"},{"floor":24,"key":"Tingsha"},{"floor":26,"key":"Whetstone"},{"floor":30,"key":"Peace Pipe"}],"event_choices":[{"damage_healed":16,"gold_gain":0,"player_choice":"Healed","damage_taken":0,"max_hp_gain":0,"max_hp_loss":0,"event_name":"The Cleric","floor":2,"gold_loss":35},{"cards_removed":["Strike_G"],"damage_healed":0,"gold_gain":0,"player_choice":"Upgrade and Remove","damage_taken":0,"max_hp_gain":0,"max_hp_loss":0,"event_name":"Designer","floor":20,"gold_loss":110,"cards_upgraded":["Defend_G"]},{"damage_healed":0,"gold_gain":0,"player_choice":"Ignored","damage_taken":0,"max_hp_gain":0,"max_hp_loss":0,"event_name":"The Mausoleum","floor":22,"gold_loss":0},{"damage_healed":0,"gold_gain":0,"player_choice":"Trade","damage_taken":0,"relics_obtained":["NlothsMask"],"max_hp_gain":0,"max_hp_loss":0,"event_name":"FaceTrader","floor":27,"gold_loss":0},{"damage_healed":0,"gold_gain":50,"player_choice":"Pray","damage_taken":0,"max_hp_gain":0,"max_hp_loss":0,"event_name":"Golden Shrine","floor":37,"gold_loss":0},{"damage_healed":0,"gold_gain":0,"player_choice":"Max HP","damage_taken":0,"max_hp_gain":0,"max_hp_loss":3,"event_name":"Winding Halls","floor":38,"gold_loss":0},{"damage_healed":0,"gold_gain":0,"player_choice":"Ignored","damage_taken":0,"max_hp_gain":0,"max_hp_loss":0,"event_name":"Mysterious Sphere","floor":39,"gold_loss":0}],"is_beta":true,"boss_relics":[{"not_picked":["Velvet Choker","Tiny House"],"picked":"Busted Crown"},{"not_picked":["Calling Bell","Empty Cage"],"picked":"Fusion Hammer"}],"items_purged_floors":[],"is_endless":false,"potions_floor_spawned":[3,5,12,16,18,19,24,31],"killed_by":"Transient","ascension_level":20}