{"gold_per_floor":[112,112,126,126,139,170,170,180,180,180,105,105,71,71,71,174,174,187,87,97,7,17,48,48,48],"floor_reached":25,"playtime":1102,"items_purged":["Strike_R","Defend_R"],"score":230,"play_id":"91e15cb6-1e5d-46b9-9aa9-166569900047","local_time":"20190103131556","is_ascension_mode":true,"campfire_choices":[{"floor":7,"key":"REST"},{"floor":10,"key":"REST"},{"data":"Dual Wield","floor":12,"key":"SMITH"},{"data":"Inflame","floor":15,"key":"SMITH"},{"data":"Limit Break","floor":24,"key":"SMITH"}],"neow_cost":"TEN_PERCENT_HP_LOSS","seed_source_timestamp":733641505510711,"circlet_count":0,"master_deck":["Defend_R","Defend_R+1","Bash+1","Flash of Steel+1","Panacea","Body Slam","Dual Wield+1","Shrug It Off","Limit Break+1","Iron Wave","Seeing Red","Inflame+1","Feed","Berserk+1","Burning Pact+1","Fire Breathing+1","Heavy Blade+1","True Grit+1","Inflame","Spot Weakness+1"],"relics":["Burning Blood","Bag of Marbles","Lantern","Astrolabe","Blue Candle"],"potions_floor_usage":[6,23,25],"damage_taken":[{"damage":10,"enemies":"Small Slimes","floor":1,"turns":3},{"damage":5,"enemies":"Jaw Worm","floor":3,"turns":4},{"damage":9,"enemies":"Cultist","floor":5,"turns":4},{"damage":56,"enemies":"Lagavulin","floor":6,"turns":9},{"damage":11,"enemies":"Blue Slaver","floor":8,"turns":3},{"damage":38,"enemies":"Hexaghost","floor":16,"turns":8},{"damage":5,"enemies":"Chosen","floor":18,"turns":4},{"damage":15,"enemies":"Spheric Guardian","floor":20,"turns":4},{"damage":12,"enemies":"Snake Plant","floor":22,"turns":3},{"damage":17,"enemies":"Book of Stabbing","floor":23,"turns":3},{"damage":59,"enemies":"Slavers","floor":25,"turns":2}],"seed_played":"-203440988532340805","potions_obtained":[{"floor":3,"key":"Regen Potion"},{"floor":5,"key":"SpeedPotion"},{"floor":16,"key":"Strength Potion"},{"floor":20,"key":"Dexterity Potion"},{"floor":22,"key":"LiquidBronze"},{"floor":23,"key":"FearPotion"}],"is_trial":false,"path_per_floor":["M","?","M","?","M","E","R","M","T","R","$","R","$","T","R","B",null,"M","$","M","?","M","E","R","E"],"character_chosen":"IRONCLAD","items_purchased":["Inflame"],"campfire_rested":2,"item_purchase_floors":[13],"current_hp_per_floor":[68,68,69,55,52,17,38,33,33,54,54,54,54,54,54,22,72,75,75,69,69,63,55,55,0],"gold":48,"neow_bonus":"RANDOM_COLORLESS_2","is_prod":false,"is_daily":false,"chose_seed":false,"campfire_upgraded":3,"win_rate":0,"timestamp":1546539356,"path_taken":["M","?","M","?","M","E","R","M","T","R","$","R","?","?","R","BOSS","M","$","M","?","M","E","R","E"],"build_version":"2018-12-20","purchased_purges":2,"victory":false,"max_hp_per_floor":[72,72,72,72,72,72,72,72,72,72,72,72,72,72,72,72,72,75,75,78,78,78,81,81,81],"card_choices":[{"not_picked":["Iron Wave","Headbutt"],"picked":"Body Slam","floor":1},{"not_picked":["Pommel Strike","Warcry"],"picked":"Shrug It Off","floor":3},{"not_picked":["Flex","Clothesline"],"picked":"Limit Break","floor":5},{"not_picked":["Warcry","Body Slam"],"picked":"Iron Wave","floor":6},{"not_picked":["Blood for Blood","Twin Strike"],"picked":"Seeing Red","floor":8},{"not_picked":["Demon Form","Brutality"],"picked":"Feed","floor":16},{"not_picked":["Warcry","Clash"],"picked":"Heavy Blade+1","floor":18},{"not_picked":["Clothesline+1","Pommel Strike+1"],"picked":"True Grit+1","floor":20},{"not_picked":["Shockwave","Iron Wave+1"],"picked":"Inflame","floor":22},{"not_picked":["Demon Form","Reckless Charge"],"picked":"Spot Weakness+1","floor":23}],"player_experience":746162,"relics_obtained":[{"floor":6,"key":"Bag of Marbles"},{"floor":9,"key":"Lantern"},{"floor":23,"key":"Blue Candle"}],"event_choices":[{"damage_healed":0,"gold_gain":0,"cards_transformed":["Strike_R"],"player_choice":"Change","damage_taken":0,"max_hp_gain":0,"max_hp_loss":0,"event_name":"Living Wall","floor":2,"gold_loss":0,"cards_obtained":["Dual Wield"]},{"damage_healed":0,"gold_gain":0,"player_choice":"Entered Light","damage_taken":14,"max_hp_gain":0,"max_hp_loss":0,"event_name":"Shining Light","floor":4,"gold_loss":0,"cards_upgraded":["Defend_R","Bash"]},{"cards_removed":["Strike_R"],"damage_healed":0,"gold_gain":0,"player_choice":"Upgrade and Remove","damage_taken":0,"max_hp_gain":0,"max_hp_loss":0,"event_name":"Designer","floor":21,"gold_loss":90,"cards_upgraded":["Flash of Steel"]}],"is_beta":false,"boss_relics":[{"not_picked":["Orrery","Runic Dome"],"picked":"Astrolabe"}],"items_purged_floors":[11,19],"is_endless":false,"potions_floor_spawned":[3,5,16,20,22,23],"killed_by":"Slavers","ascension_level":1}