{"gold_per_floor":[14,28,28,39,51,82,82,94,117,42,56,56,56,67,67,67],"floor_reached":16,"playtime":626,"items_purged":["Strike_R"],"score":104,"play_id":"a8c3e087-b5b2-4ca5-b280-0cfd24d32e4d","local_time":"20181006225847","is_ascension_mode":false,"campfire_choices":[{"data":"Rampage","floor":7.0,"key":"SMITH"},{"data":"Warcry","floor":12.0,"key":"SMITH"},{"data":"Spot Weakness","floor":15.0,"key":"SMITH"}],"neow_cost":"NO_GOLD","seed_source_timestamp":6936422328750,"circlet_count":0,"master_deck":["Strike_R","Strike_R","Strike_R","Defend_R","Defend_R","Defend_R","Defend_R","Bash","Exhume","Rage","Rampage+1","Iron Wave","Warcry+1","Rage","Headbutt","Spot Weakness+1","Headbutt"],"special_seed":0,"relics":["Burning Blood","Potion Belt","Boot"],"potions_floor_usage":[16,16],"damage_taken":[{"damage":12.0,"enemies":"Small Slimes","floor":1.0,"turns":5.0},{"damage":7.0,"enemies":"Jaw Worm","floor":2.0,"turns":3.0},{"damage":10.0,"enemies":"Cultist","floor":4.0,"turns":4.0},{"damage":21.0,"enemies":"Exordium Wildlife","floor":5.0,"turns":6.0},{"damage":36.0,"enemies":"Gremlin Nob","floor":6.0,"turns":5.0},{"damage":0.0,"enemies":"3 Louse","floor":8.0,"turns":4.0},{"damage":2.0,"enemies":"Looter","floor":11.0,"turns":3.0},{"damage":8.0,"enemies":"Large Slime","floor":14.0,"turns":7.0},{"damage":35,"enemies":"Slime Boss","floor":16,"turns":9}],"seed_played":"701755427267207469","potions_obtained":[{"floor":1.0,"key":"SpeedPotion"},{"floor":2.0,"key":"Dexterity Potion"},{"floor":4.0,"key":"SneckoOil"},{"floor":6.0,"key":"Explosive Potion"}],"is_trial":false,"path_per_floor":["M","M","?","M","M","E","R","M","T","$","M","R","$","M","R"],"character_chosen":"IRONCLAD","items_purchased":[],"campfire_rested":0,"item_purchase_floors":[],"current_hp_per_floor":[74,73,73,69,54,24,24,30,30,30,34,34,34,32,32,0],"gold":67,"neow_bonus":"THREE_RARE_CARDS","is_prod":false,"is_daily":false,"chose_seed":false,"campfire_upgraded":3,"win_rate":0,"timestamp":1538834327,"path_taken":["M","M","?","M","M","E","R","?","T","$","M","R","?","M","R","BOSS"],"build_version":"2018-10-04","purchased_purges":1,"victory":false,"max_hp_per_floor":[80,80,80,80,80,80,80,80,80,80,80,80,80,80,80,80],"card_choices":[{"not_picked":["Fiend Fire","Brutality"],"picked":"Exhume","floor":0.0},{"not_picked":["Heavy Blade","Wild Strike"],"picked":"Rage","floor":1.0},{"not_picked":["Wild Strike","Clothesline"],"picked":"Rampage","floor":2.0},{"not_picked":["Bludgeon","Dropkick"],"picked":"Iron Wave","floor":4.0},{"not_picked":["True Grit","Shrug It Off"],"picked":"Warcry","floor":5.0},{"not_picked":["Body Slam","Flex"],"picked":"Rage","floor":6.0},{"not_picked":["Bloodletting","Clothesline"],"picked":"Headbutt","floor":8.0},{"not_picked":["Armaments","Rupture"],"picked":"Spot Weakness","floor":11.0},{"not_picked":["Wild Strike","Warcry"],"picked":"Headbutt","floor":14.0}],"player_experience":479294,"relics_obtained":[{"floor":6.0,"key":"Potion Belt"},{"floor":9.0,"key":"Boot"}],"event_choices":[{"event_name":"Living Wall","player_choice":"Forget","floor":3.0,"damage_taken":0.0}],"is_beta":true,"boss_relics":[],"items_purged_floors":[10],"is_endless":false,"potions_floor_spawned":[1,2,4,6],"killed_by":"Slime Boss","ascension_level":0}