{"gold_per_floor":[112,262,61,61,72,72,87,114,138,5,31,49,68,80,80,156,156,131,131,181,81,101,101,116,40,111,128,128,153,173,202,202,276,326,338,135,84,0,0,26,38,50,87,111,143,166,178,205,217,229,241],"floor_reached":52,"playtime":4587,"items_purged":["Doubt","Writhe","Strike_G"],"score":1894,"play_id":"be05456e-a153-4022-b7c1-eaabe04547a9","local_time":"20181125004942","is_ascension_mode":true,"campfire_choices":[{"data":"Dagger Spray","floor":6.0,"key":"SMITH"},{"data":"Footwork","floor":15.0,"key":"SMITH"},{"data":"Wraith Form v2","floor":23.0,"key":"SMITH"},{"data":"Bouncing Flask","floor":28.0,"key":"SMITH"},{"data":"Well Laid Plans","floor":32.0,"key":"SMITH"},{"data":"Burst","floor":41.0,"key":"SMITH"},{"data":"Corpse Explosion","floor":47,"key":"SMITH"},{"data":"Acrobatics","floor":49,"key":"SMITH"}],"neow_cost":"NONE","seed_source_timestamp":152358233075400,"circlet_count":0,"master_deck":["AscendersBane","Defend_G","Defend_G","Defend_G","Defend_G","Defend_G","Strike_G","Strike_G","Strike_G","Survivor","Neutralize+1","Leg Sweep","Footwork+1","Dash","Dagger Spray+1","Cloak And Dagger","PiercingWail","Bandage Up","Quick Slash","Cloak And Dagger","Burst+1","Quick Slash","Dagger Spray","Wraith Form v2+1","Predator+1","Dodge and Roll","Cloak And Dagger","Well Laid Plans+1","Bouncing Flask+1","Doppelganger+1","Caltrops+1","Predator","Corpse Explosion+1","Dodge and Roll+1","Acrobatics","Noxious Fumes+1","Acrobatics+1","Backflip"],"special_seed":0,"relics":["Coffee Dripper","Oddly Smooth Stone","Bag of Preparation","Odd Mushroom","White Beast Statue","Gambling Chip","Pantograph","Tough Bandages","Blood Vial","Tiny House","Red Mask","MawBank","Happy Flower"],"potions_floor_usage":[45,48,50,50],"damage_taken":[{"damage":0.0,"enemies":"2 Louse","floor":1.0,"turns":3.0},{"damage":0.0,"enemies":"Jaw Worm","floor":5.0,"turns":5.0},{"damage":0.0,"enemies":"Cultist","floor":7.0,"turns":4.0},{"damage":29.0,"enemies":"Gremlin Nob","floor":8.0,"turns":5.0},{"damage":0.0,"enemies":"The Mushroom Lair","floor":11.0,"turns":4.0},{"damage":0.0,"enemies":"Lots of Slimes","floor":12.0,"turns":1.0},{"damage":0.0,"enemies":"3 Louse","floor":13.0,"turns":4.0},{"damage":0.0,"enemies":"Large Slime","floor":14.0,"turns":7.0},{"damage":31.0,"enemies":"Slime Boss","floor":16.0,"turns":14.0},{"damage":0.0,"enemies":"2 Thieves","floor":18.0,"turns":4.0},{"damage":4.0,"enemies":"Shell Parasite","floor":22.0,"turns":7.0},{"damage":7.0,"enemies":"Sentry and Sphere","floor":24.0,"turns":8.0},{"damage":5.0,"enemies":"Snake Plant","floor":27.0,"turns":7.0},{"damage":12.0,"enemies":"Gremlin Leader","floor":29.0,"turns":12.0},{"damage":13.0,"enemies":"Snecko","floor":30.0,"turns":5.0},{"damage":0.0,"enemies":"Book of Stabbing","floor":31.0,"turns":7.0},{"damage":40.0,"enemies":"Champ","floor":33.0,"turns":22.0},{"damage":3.0,"enemies":"Orb Walker","floor":35.0,"turns":5.0},{"damage":13.0,"enemies":"Reptomancer","floor":40.0,"turns":9.0},{"damage":0.0,"enemies":"3 Shapes","floor":44.0,"turns":6.0},{"damage":0,"enemies":"Spire Growth","floor":45,"turns":7},{"damage":0,"enemies":"Jaw Worm Horde","floor":46,"turns":3},{"damage":21,"enemies":"Writhing Mass","floor":48,"turns":7},{"damage":65,"enemies":"Awakened One","floor":50,"turns":25},{"damage":48,"enemies":"Donu and Deca","floor":51,"turns":11}],"seed_played":"5305019192606290745","potions_obtained":[{"floor":1.0,"key":"FearPotion"},{"floor":11.0,"key":"Regen Potion"},{"floor":14.0,"key":"Fire Potion"},{"floor":16.0,"key":"SkillPotion"},{"floor":18.0,"key":"Swift Potion"},{"floor":22.0,"key":"Block Potion"},{"floor":24.0,"key":"Energy Potion"},{"floor":27.0,"key":"Fruit Juice"},{"floor":29.0,"key":"Fire Potion"},{"floor":30.0,"key":"Regen Potion"},{"floor":31.0,"key":"AttackPotion"},{"floor":33.0,"key":"AttackPotion"},{"floor":40.0,"key":"Ancient Potion"},{"floor":44.0,"key":"Weak Potion"},{"floor":45,"key":"Regen Potion"},{"floor":48,"key":"Explosive Potion"}],"is_trial":false,"path_per_floor":["M","?","$","?","M","R","M","E","T","$","?","M","M","M","R","B",null,"M","?","?","$","M","R","M","$","T","M","R","E","M","E","R","B",null,"M","$","$","?","?","E","R","?","T","M","M","M","R","M","R","B","B",null],"character_chosen":"THE_SILENT","items_purchased":["Footwork","Dash","Bandage Up","Quick Slash","Well Laid Plans","GhostInAJar","Acrobatics"],"campfire_rested":0,"item_purchase_floors":[3,3,10,10,25,36,37],"current_hp_per_floor":[59,59,59,59,59,59,59,30,30,30,34,38,42,46,46,19,54,58,58,58,58,58,58,59,59,59,66,66,69,56,71,71,31,66,69,69,69,69,69,62,62,62,62,72,72,72,72,51,51,30,13],"gold":253,"neow_bonus":"BOSS_RELIC","is_prod":false,"is_daily":false,"chose_seed":false,"campfire_upgraded":8,"win_rate":0,"timestamp":1543124982,"path_taken":["M","?","$","?","M","R","M","E","T","$","?","M","?","M","R","BOSS","M","?","?","$","M","R","M","?","T","?","R","E","M","E","R","BOSS","M","?","$","?","?","E","R","?","T","M","M","M","R","M","R","BOSS","BOSS"],"build_version":"2018-11-15","purchased_purges":3,"victory":true,"max_hp_per_floor":[66,66,66,66,66,66,66,66,66,66,66,66,66,66,66,66,66,66,66,66,66,66,66,66,66,66,71,71,71,71,71,71,71,76,76,76,76,76,76,76,76,72,72,72,72,72,72,72,72,72,72],"card_choices":[{"not_picked":["Bouncing Flask","Well Laid Plans"],"picked":"Leg Sweep","floor":1.0},{"not_picked":["Well Laid Plans","Masterful Stab"],"picked":"Dagger Spray","floor":5.0},{"not_picked":["Catalyst","Slice"],"picked":"Cloak And Dagger","floor":7.0},{"not_picked":["Bane","Reflex"],"picked":"PiercingWail","floor":8.0},{"not_picked":["Bane","Finisher"],"picked":"Cloak And Dagger","floor":11.0},{"not_picked":["Cloak And Dagger","Bane"],"picked":"Burst","floor":12.0},{"not_picked":["Finisher","Concentrate"],"picked":"Quick Slash","floor":13.0},{"not_picked":["Accuracy","Endless Agony"],"picked":"Dagger Spray","floor":14.0},{"not_picked":["Phantasmal Killer","Bullet Time"],"picked":"Wraith Form v2","floor":16.0},{"not_picked":["Bane","Cloak And Dagger"],"picked":"Predator+1","floor":18.0},{"not_picked":["Masterful Stab","Outmaneuver"],"picked":"Dodge and Roll","floor":22.0},{"not_picked":["Concentrate","Dagger Throw"],"picked":"Cloak And Dagger","floor":24.0},{"not_picked":["Crippling Poison","Caltrops"],"picked":"Bouncing Flask","floor":27.0},{"not_picked":["Outmaneuver","Dagger Spray"],"picked":"Doppelganger","floor":29.0},{"not_picked":["Masterful Stab","Deflect"],"picked":"Caltrops+1","floor":30.0},{"not_picked":["Sucker Punch","Outmaneuver"],"picked":"Predator","floor":31.0},{"not_picked":["Doppelganger","Adrenaline"],"picked":"Corpse Explosion","floor":33.0},{"not_picked":["Heel Hook","Choke"],"picked":"Dodge and Roll+1","floor":35.0},{"not_picked":["Tactician","Poisoned Stab+1"],"picked":"Noxious Fumes+1","floor":40.0},{"not_picked":["After Image","Concentrate","Deadly Poison+1"],"picked":"SKIP","floor":44.0},{"not_picked":["After Image","Concentrate","Deadly Poison+1"],"picked":"SKIP","floor":44.0},{"not_picked":["Slice","Quick Slash+1"],"picked":"Acrobatics","floor":45},{"not_picked":["Deadly Poison+1","Accuracy","Prepared"],"picked":"SKIP","floor":46},{"not_picked":["Underhanded Strike","Riddle With Holes"],"picked":"Backflip","floor":48}],"player_experience":1677442,"relics_obtained":[{"floor":8.0,"key":"Oddly Smooth Stone"},{"floor":9.0,"key":"Bag of Preparation"},{"floor":11.0,"key":"Odd Mushroom"},{"floor":26.0,"key":"Pantograph"},{"floor":29.0,"key":"Tough Bandages"},{"floor":31.0,"key":"Blood Vial"},{"floor":40.0,"key":"MawBank"},{"floor":43.0,"key":"Happy Flower"}],"event_choices":[{"damage_healed":0.0,"max_hp_gain":0.0,"max_hp_loss":0.0,"gold_gain":150.0,"event_name":"Liars Game","player_choice":"AGREE","floor":2.0,"gold_loss":0.0,"damage_taken":0.0,"cards_obtained":["Doubt"]},{"damage_healed":0.0,"max_hp_gain":0.0,"max_hp_loss":0.0,"gold_gain":0.0,"event_name":"Living Wall","player_choice":"Grow","floor":4.0,"gold_loss":0.0,"damage_taken":0.0,"cards_upgraded":["Neutralize"]},{"damage_healed":0.0,"max_hp_gain":0.0,"max_hp_loss":0.0,"gold_gain":0.0,"event_name":"Mushrooms","player_choice":"Fought Mushrooms","floor":11.0,"gold_loss":0.0,"damage_taken":0.0},{"damage_healed":0.0,"max_hp_gain":0.0,"max_hp_loss":0.0,"gold_gain":0.0,"event_name":"The Mausoleum","player_choice":"Opened","floor":19.0,"gold_loss":0.0,"damage_taken":0.0,"relics_obtained":["Gambling Chip"],"cards_obtained":["Writhe"]},{"damage_healed":0.0,"max_hp_gain":0.0,"max_hp_loss":0.0,"gold_gain":50.0,"event_name":"Nest","player_choice":"Stole From Cult","floor":20.0,"gold_loss":0.0,"damage_taken":0.0},{"damage_healed":0.0,"max_hp_gain":0.0,"max_hp_loss":0.0,"gold_gain":0.0,"event_name":"Tomb of Lord Red Mask","player_choice":"Paid","floor":38.0,"gold_loss":84.0,"damage_taken":0.0,"relics_obtained":["Red Mask"]},{"cards_removed":["Strike_G"],"damage_healed":0.0,"max_hp_gain":0.0,"max_hp_loss":0.0,"gold_gain":0.0,"event_name":"Falling","player_choice":"Removed Attack","floor":39.0,"gold_loss":0.0,"damage_taken":0.0},{"damage_healed":0.0,"max_hp_gain":0.0,"max_hp_loss":4.0,"gold_gain":0.0,"event_name":"Winding Halls","player_choice":"Max HP","floor":42.0,"gold_loss":0.0,"damage_taken":0.0}],"is_beta":true,"boss_relics":[{"not_picked":["Calling Bell","Ectoplasm"],"picked":"White Beast Statue"},{"not_picked":["Runic Dome","Sozu"],"picked":"Tiny House"}],"items_purged_floors":[3,21,36],"is_endless":false,"potions_floor_spawned":[1,11,14,16,18,22,24,27,29,30,31,33,35,40,44,45,46,48],"ascension_level":20}