{"gold_per_floor":[113,113,38,38,59,59,99,99,99,139,39,39,39,63,63,63],"floor_reached":16,"playtime":627,"items_purged":["Strike_B","Defend_B"],"score":157,"play_id":"12922bf7-0b1e-4bac-aa82-9dd08f6b552c","local_time":"20181012192434","is_ascension_mode":true,"campfire_choices":[{"data":"Dualcast","floor":6,"key":"SMITH"},{"data":"Auto Shields","floor":8,"key":"SMITH"},{"data":"Zap","floor":15,"key":"SMITH"}],"neow_cost":"NONE","seed_source_timestamp":237952110652180,"circlet_count":0,"master_deck":["Strike_B","Strike_B","Strike_B","Defend_B+1","Defend_B","Defend_B","Zap+1","Dualcast+1","Steam+1","Turbo","Auto Shields+1","Hologram","Loop"],"relics":["Cracked Core","NeowsBlessing","Golden Idol","Incense Burner","Orichalcum","Potion Belt"],"potions_floor_usage":[10],"damage_taken":[{"damage":0,"enemies":"Small Slimes","floor":1,"turns":1},{"damage":0,"enemies":"Cultist","floor":5,"turns":1},{"damage":0,"enemies":"3 Sentries","floor":7,"turns":1},{"damage":34,"enemies":"Lagavulin","floor":10,"turns":10},{"damage":1,"enemies":"Jaw Worm","floor":14,"turns":2},{"damage":53,"enemies":"Slime Boss","floor":16,"turns":9}],"seed_played":"-3041274452631369142","potions_obtained":[{"floor":1,"key":"FearPotion"}],"is_trial":false,"path_per_floor":["M","?","$","?","M","R","E","R","T","E","$","?","$","M","R"],"character_chosen":"DEFECT","items_purchased":[],"campfire_rested":0,"item_purchase_floors":[],"current_hp_per_floor":[75,60,60,60,60,60,60,60,60,26,26,49,49,48,48,0],"gold":63,"neow_bonus":"THREE_ENEMY_KILL","is_prod":false,"is_daily":false,"chose_seed":false,"campfire_upgraded":3,"win_rate":0,"timestamp":1539386674,"path_taken":["M","?","$","?","M","R","E","R","T","E","?","?","$","M","R","BOSS"],"build_version":"2018-10-11","purchased_purges":2,"victory":false,"max_hp_per_floor":[75,75,75,69,69,69,69,69,69,69,69,69,69,69,69,69],"card_choices":[{"not_picked":["Hello World","Cold Snap"],"picked":"Steam","floor":1},{"not_picked":["Barrage","Go for the Eyes"],"picked":"Turbo","floor":5},{"not_picked":["Ball Lightning","Redo"],"picked":"Auto Shields","floor":7},{"not_picked":["Double Energy","Compile Driver"],"picked":"Hologram","floor":10},{"not_picked":["Compile Driver","Turbo"],"picked":"Loop","floor":14}],"player_experience":288343,"relics_obtained":[{"floor":7,"key":"Incense Burner"},{"floor":9,"key":"Orichalcum"},{"floor":10,"key":"Potion Belt"}],"event_choices":[{"event_name":"Shining Light","player_choice":"Entered Light","floor":2,"damage_taken":0},{"event_name":"Golden Idol","player_choice":"Lose Max HP","floor":4,"damage_taken":0},{"event_name":"Big Fish","player_choice":"Banana","floor":12,"damage_taken":0}],"is_beta":false,"boss_relics":[],"items_purged_floors":[3,11],"is_endless":false,"potions_floor_spawned":[1],"killed_by":"Slime Boss","ascension_level":4}