{"gold_per_floor":[114,129,89,104,119,149,149,149,149,164,179,209,224,224,224,324,324,339,354,54,69,84,84,84,84,84,114,129,144,144,174,174,274,274,289,289,304,319,419,419,449,449,449,464,314,344,359,374,374,374],"floor_reached":51,"playtime":7796,"items_purged":[],"score":1013,"play_id":"3dd0f6d7-6848-4126-a9d8-867d9d93e54e","local_time":"20190121185551","daily_mods":["Shiny","Hoarder","Binary"],"is_ascension_mode":false,"campfire_choices":[{"floor":8,"key":"DIG"},{"floor":15,"key":"DIG"},{"floor":23,"key":"DIG"},{"floor":25,"key":"DIG"},{"floor":30,"key":"DIG"},{"floor":32,"key":"DIG"},{"floor":40,"key":"DIG"},{"floor":42,"key":"DIG"},{"floor":49,"key":"DIG"}],"neow_cost":"","seed_source_timestamp":0,"circlet_count":0,"master_deck":["Double Tap","Demon Form","Bludgeon+1","Feed+1","Limit Break","Barricade","Fiend Fire","Dark Embrace","Berserk","Impervious","Juggernaut","Brutality","Reaper","Exhume","Offering","Immolate","Armaments","Armaments","Armaments","True Grit","True Grit","Entrench+1","Entrench+1","Entrench+1","Flame Barrier+1","Flame Barrier+1","Flame Barrier+1","Exhume+1","Exhume+1","Exhume+1","Corruption+1","Corruption+1","Corruption+1","Secret Technique+1","Secret Technique+1","Secret Technique+1","Disarm+1","Disarm+1","Disarm+1","Armaments+1","Armaments+1","Armaments+1","Sword Boomerang+1","Sword Boomerang+1","Sword Boomerang+1"],"special_seed":17917,"relics":["Black Blood","Shovel","Kunai","Toxic Egg 2","Turnip","Sundial","Sozu","Ice Cream","Potion Belt","Frozen Egg 2","Mango","Bronze Scales","Calipers","Red Skull","PreservedInsect","Blue Candle","Blood Vial","Paper Frog","Torii","Whetstone","Pear","Happy Flower"],"potions_floor_usage":[6,12,41],"damage_taken":[{"damage":6,"enemies":"Small Slimes","floor":1,"turns":1},{"damage":0,"enemies":"Cultist","floor":2,"turns":3},{"damage":6,"enemies":"2 Louse","floor":4,"turns":1},{"damage":0,"enemies":"Gremlin Gang","floor":5,"turns":1},{"damage":51,"enemies":"3 Sentries","floor":6,"turns":7},{"damage":7,"enemies":"Looter","floor":10,"turns":3},{"damage":18,"enemies":"3 Louse","floor":11,"turns":3},{"damage":12,"enemies":"Gremlin Nob","floor":12,"turns":2},{"damage":22,"enemies":"Red Slaver","floor":13,"turns":4},{"damage":22,"enemies":"Slime Boss","floor":16,"turns":13},{"damage":12,"enemies":"3 Byrds","floor":18,"turns":5},{"damage":27,"enemies":"Chosen","floor":19,"turns":4},{"damage":33,"enemies":"Centurion and Healer","floor":21,"turns":10},{"damage":20,"enemies":"Snake Plant","floor":22,"turns":8},{"damage":47,"enemies":"Gremlin Leader","floor":27,"turns":8},{"damage":15,"enemies":"Cultist and Chosen","floor":28,"turns":7},{"damage":16,"enemies":"Shelled Parasite and Fungi","floor":29,"turns":6},{"damage":16,"enemies":"Book of Stabbing","floor":31,"turns":4},{"damage":35,"enemies":"Champ","floor":33,"turns":7},{"damage":7,"enemies":"Orb Walker","floor":35,"turns":5},{"damage":35,"enemies":"3 Shapes","floor":37,"turns":5},{"damage":101,"enemies":"Transient","floor":38,"turns":5},{"damage":18,"enemies":"Reptomancer","floor":41,"turns":7},{"damage":1,"enemies":"Sphere and 2 Shapes","floor":44,"turns":4},{"damage":22,"enemies":"Giant Head","floor":46,"turns":5},{"damage":26,"enemies":"Jaw Worm Horde","floor":47,"turns":7},{"damage":44,"enemies":"Transient","floor":48,"turns":5},{"damage":37,"enemies":"Time Eater","floor":50,"turns":12}],"seed_played":"8847064133434649062","potions_obtained":[{"floor":3,"key":"FairyPotion"},{"floor":3,"key":"Ancient Potion"},{"floor":3,"key":"AttackPotion"},{"floor":10,"key":"Fire Potion"},{"floor":12,"key":"GamblersBrew"}],"is_trial":false,"path_per_floor":["M","M","?","M","M","E","$","R","T","M","M","E","M","?","R","B",null,"M","M","$","M","M","R","$","R","T","E","M","M","R","E","R","B",null,"M","?","M","M","?","R","E","R","T","M","$","E","M","M","R","B",null],"character_chosen":"IRONCLAD","items_purchased":["Ice Cream","Whetstone"],"campfire_rested":0,"item_purchase_floors":[20,45],"current_hp_per_floor":[83,83,83,86,89,71,71,71,71,73,71,65,49,49,49,65,99,95,74,74,71,64,64,64,64,78,57,82,75,75,73,73,80,136,140,140,130,39,39,39,81,81,81,100,100,119,113,81,81,68],"gold":374,"neow_bonus":"","is_prod":false,"is_daily":true,"chose_seed":false,"campfire_upgraded":0,"win_rate":0,"timestamp":1548114951,"path_taken":["M","M","?","M","M","E","$","R","T","M","?","E","M","?","R","BOSS","M","M","$","M","M","R","?","R","T","E","M","M","R","E","R","BOSS","M","?","M","M","?","R","E","R","T","M","$","E","M","M","R","BOSS"],"build_version":"2019-01-17v2","purchased_purges":0,"victory":true,"max_hp_per_floor":[83,83,83,86,89,92,92,92,92,95,99,99,99,99,99,99,99,99,99,99,107,111,111,111,111,125,129,133,136,136,136,136,136,136,140,140,143,143,143,143,146,146,146,146,146,156,156,156,156,156],"card_choices":[{"not_picked":["Sword Boomerang"],"picked":"Armaments","floor":1},{"not_picked":["Cleave"],"picked":"True Grit","floor":2},{"not_picked":["Sword Boomerang","Rupture"],"picked":"SKIP","floor":4},{"not_picked":["Havoc","Anger"],"picked":"SKIP","floor":5},{"not_picked":["Bludgeon","Clothesline"],"picked":"SKIP","floor":6},{"not_picked":["Hemokinesis","Sword Boomerang"],"picked":"SKIP","floor":10},{"not_picked":["Perfected Strike","Rupture"],"picked":"SKIP","floor":11},{"not_picked":["Rage+1"],"picked":"Entrench+1","floor":12},{"not_picked":["Power Through+1"],"picked":"Flame Barrier+1","floor":13},{"not_picked":["Barricade"],"picked":"Exhume+1","floor":16},{"not_picked":["Shrug It Off+1","Whirlwind"],"picked":"SKIP","floor":18},{"not_picked":["Iron Wave","Spot Weakness+1"],"picked":"SKIP","floor":19},{"not_picked":["Heavy Blade","Immolate"],"picked":"SKIP","floor":21},{"not_picked":["Headbutt","Entrench+1"],"picked":"SKIP","floor":22},{"not_picked":["Headbutt+1"],"picked":"Corruption+1","floor":27},{"not_picked":["Battle Trance+1","Clash"],"picked":"SKIP","floor":28},{"not_picked":["Cleave","Clash"],"picked":"SKIP","floor":29},{"not_picked":["Flame Barrier+1","Cleave"],"picked":"SKIP","floor":31},{"not_picked":["Havoc+1","Carnage"],"picked":"SKIP","floor":35},{"not_picked":["Chrysalis+1"],"picked":"Secret Technique+1","floor":36},{"not_picked":["Warcry+1","Iron Wave"],"picked":"SKIP","floor":37},{"not_picked":["Anger+1"],"picked":"Disarm+1","floor":38},{"not_picked":["True Grit+1"],"picked":"Armaments+1","floor":41},{"not_picked":["Warcry+1","True Grit+1"],"picked":"SKIP","floor":44},{"not_picked":["Pummel","Shrug It Off+1"],"picked":"SKIP","floor":46},{"not_picked":["Impervious+1"],"picked":"Sword Boomerang+1","floor":47},{"not_picked":["Dual Wield+1","Anger+1"],"picked":"SKIP","floor":48}],"player_experience":118869,"relics_obtained":[{"floor":6,"key":"Shovel"},{"floor":8,"key":"Kunai"},{"floor":9,"key":"Toxic Egg 2"},{"floor":12,"key":"Turnip"},{"floor":15,"key":"Sundial"},{"floor":23,"key":"Potion Belt"},{"floor":25,"key":"Frozen Egg 2"},{"floor":26,"key":"Mango"},{"floor":27,"key":"Bronze Scales"},{"floor":30,"key":"Calipers"},{"floor":31,"key":"Red Skull"},{"floor":32,"key":"PreservedInsect"},{"floor":40,"key":"Blue Candle"},{"floor":41,"key":"Blood Vial"},{"floor":42,"key":"Paper Frog"},{"floor":43,"key":"Torii"},{"floor":46,"key":"Pear"},{"floor":49,"key":"Happy Flower"}],"event_choices":[{"damage_healed":0,"gold_gain":0,"player_choice":"Bought 3 Potions","damage_taken":0,"max_hp_gain":0,"max_hp_loss":0,"event_name":"The Woman in Blue","floor":3,"gold_loss":0},{"cards_removed":["True Grit"],"damage_healed":0,"gold_gain":0,"player_choice":"Purged","damage_taken":0,"max_hp_gain":0,"max_hp_loss":0,"event_name":"Purifier","floor":14,"gold_loss":0},{"damage_healed":0,"gold_gain":0,"player_choice":"Memory 1","damage_taken":0,"max_hp_gain":0,"max_hp_loss":0,"event_name":"SensoryStone","floor":36,"gold_loss":0},{"damage_healed":0,"gold_gain":100,"player_choice":"Pray","damage_taken":0,"max_hp_gain":0,"max_hp_loss":0,"event_name":"Golden Shrine","floor":39,"gold_loss":0}],"is_beta":false,"boss_relics":[{"not_picked":["Cursed Key","Fusion Hammer"],"picked":"Sozu"},{"not_picked":["Runic Dome","White Beast Statue"],"picked":"Black Blood"}],"items_purged_floors":[],"is_endless":false,"potions_floor_spawned":[10,11,12,16,19,22,27,28,31,37,38],"ascension_level":0}