{"gold_per_floor":[109,119,137,147,147,147,159,206,218,261,289,301,488,500,512,524],"floor_reached":16,"playtime":809,"items_purged":[],"score":121,"play_id":"1be929c6-fe32-4d50-9ca0-dbc73b57db93","local_time":"20190123100017","is_ascension_mode":true,"campfire_choices":[{"data":"Chaos","floor":7,"key":"SMITH"},{"data":"Zap","floor":12,"key":"SMITH"},{"floor":15,"key":"REST"}],"neow_cost":"NONE","seed_source_timestamp":1825099433145603,"circlet_count":0,"master_deck":["Strike_B","Strike_B","Strike_B","Strike_B","Defend_B","Defend_B","Defend_B","Defend_B","Zap+1","Dualcast","Cold Snap","Chaos+1","Coolheaded","FTL","Injury","Glacier","Chill","Sunder","Doubt"],"relics":["Cracked Core","Golden Idol","MawBank","Letter Opener","Oddly Smooth Stone","Gambling Chip"],"potions_floor_usage":[16,16],"damage_taken":[{"damage":4,"enemies":"Small Slimes","floor":1,"turns":3},{"damage":8,"enemies":"2 Louse","floor":2,"turns":3},{"damage":4,"enemies":"Jaw Worm","floor":3,"turns":4},{"damage":5,"enemies":"Exordium Wildlife","floor":4,"turns":3},{"damage":23,"enemies":"Lagavulin","floor":8,"turns":6},{"damage":7,"enemies":"3 Sentries","floor":10,"turns":10},{"damage":0,"enemies":"Large Slime","floor":11,"turns":5},{"damage":52,"enemies":"Hexaghost","floor":16,"turns":14}],"seed_played":"3606171606947053276","potions_obtained":[{"floor":0,"key":"FearPotion"},{"floor":0,"key":"FairyPotion"},{"floor":0,"key":"Explosive Potion"},{"floor":10,"key":"Swift Potion"}],"is_trial":false,"path_per_floor":["M","M","M","M","?","?","R","E","T","E","M","R","?","?","R","B"],"character_chosen":"DEFECT","items_purchased":[],"campfire_rested":1,"item_purchase_floors":[],"current_hp_per_floor":[71,63,59,54,54,51,51,28,28,21,21,21,21,21,43,0],"gold":524,"neow_bonus":"THREE_SMALL_POTIONS","is_prod":false,"is_daily":false,"chose_seed":false,"campfire_upgraded":2,"win_rate":0,"timestamp":1548234017,"path_taken":["M","M","M","M","?","?","R","E","T","E","M","R","?","?","R","BOSS"],"build_version":"2019-01-17v2","purchased_purges":0,"victory":false,"max_hp_per_floor":[75,75,75,75,75,75,75,75,75,75,75,75,75,75,75,75],"card_choices":[{"not_picked":["Streamline","Compile Driver"],"picked":"Cold Snap","floor":1},{"not_picked":["Coolheaded","Fusion"],"picked":"Chaos","floor":2},{"not_picked":["Streamline","Cold Snap"],"picked":"Coolheaded","floor":3},{"not_picked":["Leap","Genetic Algorithm"],"picked":"FTL","floor":4},{"not_picked":["Recycle","Genetic Algorithm"],"picked":"Glacier","floor":8},{"not_picked":["Cold Snap","Leap"],"picked":"Chill","floor":10},{"not_picked":["Sweeping Beam","Thunder Strike"],"picked":"Sunder","floor":11}],"player_experience":224510,"relics_obtained":[{"floor":8,"key":"Letter Opener"},{"floor":9,"key":"Oddly Smooth Stone"},{"floor":10,"key":"Gambling Chip"}],"event_choices":[{"damage_healed":0,"gold_gain":0,"player_choice":"Take Wound","damage_taken":0,"relics_obtained":["Golden Idol"],"max_hp_gain":0,"max_hp_loss":0,"event_name":"Golden Idol","floor":5,"gold_loss":0,"cards_obtained":["Injury"]},{"damage_healed":0,"gold_gain":0,"player_choice":"Success","damage_taken":3,"relics_obtained":["MawBank"],"max_hp_gain":0,"max_hp_loss":0,"event_name":"Scrap Ooze","floor":6,"gold_loss":0},{"damage_healed":0,"gold_gain":175,"player_choice":"AGREE","damage_taken":0,"max_hp_gain":0,"max_hp_loss":0,"event_name":"Liars Game","floor":13,"gold_loss":0,"cards_obtained":["Doubt"]},{"damage_healed":0,"gold_gain":0,"player_choice":"Ignored","damage_taken":0,"max_hp_gain":0,"max_hp_loss":0,"event_name":"Shining Light","floor":14,"gold_loss":0}],"is_beta":false,"boss_relics":[],"items_purged_floors":[],"is_endless":false,"potions_floor_spawned":[1,8,10],"killed_by":"Hexaghost","ascension_level":2}