{"path_per_floor":["M","?","M","M","M","R","E","?","T","M","E","M","?","T","R","B",null,"M","$","?","M","$","E","R","M","T","?","M","T","M","M","R"],"character_chosen":"IRONCLAD","items_purchased":["Flex","Spot Weakness","Inflame","Vajra"],"gold_per_floor":[209,209,219,233,243,243,269,269,269,281,611,627,702,702,702,798,798,809,621,571,587,364,399,399,419,443,443,455,455,474,491,491,491],"floor_reached":33,"campfire_rested":4,"playtime":2113,"current_hp_per_floor":[80,80,79,77,66,80,60,44,44,49,50,47,36,36,60,19,80,37,37,37,32,32,12,36,31,31,31,7,7,12,21,45,0],"items_purged":["Regret"],"gold":491,"score":279,"play_id":"ad0146bb-0c62-40ea-b9c3-8c1a39d8d9d3","local_time":"20180329063449","is_prod":false,"is_daily":false,"is_ascension_mode":false,"campfire_upgraded":0,"timestamp":1522319689,"path_taken":["M","?","M","M","?","R","E","?","T","M","E","?","?","?","R","BOSS","M","$","?","M","$","E","R","M","T","?","M","?","M","M","R","BOSS"],"build_version":"2018-03-22v2","purchased_purges":2,"victory":false,"master_deck":["Strike_R","Strike_R","Strike_R","Strike_R","Strike_R+1","Defend_R","Defend_R","Defend_R","Defend_R","Bash","Anger","Ghostly Armor","Iron Wave","Dropkick","Sword Boomerang+1","Twin Strike","Cleave","Double Tap","Flex","Spot Weakness","Inflame+1","Inflame","Flex+1","Sword Boomerang+1","Disarm","Heavy Blade+1"],"max_hp_per_floor":[80,80,80,80,80,80,80,80,80,80,80,80,80,80,80,80,80,80,80,80,80,80,80,80,80,80,80,80,80,80,80,80,80],"relics":["Burning Blood","Oddly Smooth Stone","Bottled Flame","Champion Belt","Old Coin","Sundial","Black Star","Vajra","Molten Egg 2","Matryoshka","Bag of Preparation","Lantern","Orichalcum","Magic Flower"],"card_choices":[{"not_picked":["Clothesline","Body Slam"],"picked":"Anger","floor":1},{"not_picked":["Anger","Headbutt"],"picked":"Ghostly Armor","floor":3},{"not_picked":["Rampage","Warcry"],"picked":"Iron Wave","floor":4},{"not_picked":["Body Slam","Headbutt"],"picked":"Dropkick","floor":5},{"not_picked":["Headbutt","Pummel"],"picked":"Sword Boomerang","floor":7},{"not_picked":["Clash","Barricade"],"picked":"Twin Strike","floor":10},{"not_picked":["Carnage","Armaments"],"picked":"Cleave","floor":11},{"not_picked":["Impervious","Berserk"],"picked":"Double Tap","floor":16},{"not_picked":["Searing Blow","Blood for Blood"],"picked":"Inflame","floor":21},{"not_picked":["Twin Strike","Perfected Strike"],"picked":"Flex","floor":23},{"not_picked":["Thunderclap","Cleave"],"picked":"Sword Boomerang","floor":25},{"not_picked":["Fiend Fire","Ghostly Armor"],"picked":"Disarm","floor":30},{"not_picked":["Wild Strike","Pommel Strike"],"picked":"Heavy Blade","floor":31}],"player_experience":47224,"potions_floor_usage":[11,16,23,23,33],"damage_taken":[{"damage":5,"enemies":"Jaw Worm","floor":1,"turns":5},{"damage":7,"enemies":"2 Louse","floor":3,"turns":3},{"damage":8,"enemies":"Cultist","floor":4,"turns":3},{"damage":17,"enemies":"Gremlin Gang","floor":5,"turns":7},{"damage":26,"enemies":"Gremlin Nob","floor":7,"turns":4},{"damage":1,"enemies":"Looter","floor":10,"turns":2},{"damage":5,"enemies":"Lagavulin","floor":11,"turns":6},{"damage":9,"enemies":"2 Fungi Beasts","floor":12,"turns":3},{"damage":47,"enemies":"Slime Boss","floor":16,"turns":13},{"damage":49,"enemies":"Spheric Guardian","floor":18,"turns":6},{"damage":11,"enemies":"Shell Parasite","floor":21,"turns":4},{"damage":26,"enemies":"Book of Stabbing","floor":23,"turns":5},{"damage":11,"enemies":"Centurion and Healer","floor":25,"turns":6},{"damage":30,"enemies":"Snake Plant","floor":28,"turns":3},{"damage":4,"enemies":"Chosen and Byrds","floor":30,"turns":3},{"damage":0,"enemies":"Centurion and Healer","floor":31,"turns":4},{"damage":66,"enemies":"Automaton","floor":33,"turns":6}],"event_choices":[{"event_name":"Big Fish","player_choice":"Box","floor":2,"damage_taken":0},{"event_name":"Shining Light","player_choice":"Entered Light","floor":8,"damage_taken":0},{"event_name":"World of Goop","player_choice":"Gather Gold","floor":13,"damage_taken":0},{"event_name":"The Joust","player_choice":"Bet on Murderer","floor":20,"damage_taken":0},{"event_name":"Accursed Blacksmith","player_choice":"Forge","floor":27,"damage_taken":0}],"boss_relics":[{"not_picked":["Question Card","Cursed Key"],"picked":"Black Star"}],"potions_floor_spawned":[7,12,16,18,25],"seed_played":"-4965631840594220912","killed_by":"Automaton","ascension_level":0,"is_trial":false}