{"gold_per_floor":[361,378,393,55,55,55,55,81,81,81,116,133,133,144,144,144],"floor_reached":16,"playtime":985,"items_purged":["Injury"],"score":220,"play_id":"1b395942-9155-4b9e-b749-946d57457dfd","local_time":"20190121204949","is_ascension_mode":true,"campfire_choices":[{"floor":7.0,"key":"REST"},{"floor":10.0,"key":"REST"},{"floor":13.0,"key":"REST"},{"floor":15.0,"key":"REST"}],"neow_cost":"CURSE","seed_source_timestamp":712189250211000,"circlet_count":0,"master_deck":["AscendersBane","Defend_G","Defend_G","Defend_G","Defend_G","Defend_G","Strike_G","Strike_G","Strike_G","Strike_G","Strike_G","Survivor","Neutralize","Backflip","Well Laid Plans","Master of Strategy","Pain","Crippling Poison"],"special_seed":0,"relics":["Ring of the Snake","WarpedTongs","Du-Vu Doll","The Specimen","Blue Candle"],"potions_floor_usage":[16,16],"damage_taken":[{"damage":9.0,"enemies":"Cultist","floor":1.0,"turns":6.0},{"damage":6.0,"enemies":"Jaw Worm","floor":2.0,"turns":6.0},{"damage":4.0,"enemies":"2 Louse","floor":3.0,"turns":4.0},{"damage":57.0,"enemies":"Gremlin Nob","floor":8.0,"turns":5.0},{"damage":20.0,"enemies":"Lagavulin","floor":11.0,"turns":7.0},{"damage":1.0,"enemies":"Gremlin Gang","floor":12.0,"turns":4.0},{"damage":3.0,"enemies":"2 Fungi Beasts","floor":14.0,"turns":4.0},{"damage":50,"enemies":"Hexaghost","floor":16,"turns":11}],"seed_played":"8991688693529828356","potions_obtained":[{"floor":3.0,"key":"FearPotion"},{"floor":11.0,"key":"Dexterity Potion"},{"floor":12.0,"key":"FearPotion"}],"is_trial":false,"path_per_floor":["M","M","M","$","?","?","R","E","T","R","E","M","R","M","R","B"],"character_chosen":"THE_SILENT","items_purchased":["Well Laid Plans","Master of Strategy"],"campfire_rested":4,"item_purchase_floors":[4,4],"current_hp_per_floor":[50,44,40,40,45,45,66,9,9,30,10,9,30,27,48,0],"gold":144,"neow_bonus":"TWO_FIFTY_GOLD","is_prod":false,"is_daily":false,"chose_seed":false,"campfire_upgraded":0,"win_rate":0,"timestamp":1548121789,"path_taken":["M","M","?","$","?","?","R","E","T","R","E","M","R","M","R","BOSS"],"build_version":"2019-01-17v2","purchased_purges":1,"victory":false,"max_hp_per_floor":[66,66,66,66,71,71,71,71,71,71,71,71,71,71,71,71],"card_choices":[{"not_picked":["PiercingWail","Acrobatics"],"picked":"Backflip","floor":1.0},{"not_picked":["Blur","Bane","Underhanded Strike"],"picked":"SKIP","floor":2.0},{"not_picked":["Heel Hook","Flying Knee","Blade Dance"],"picked":"SKIP","floor":3.0},{"not_picked":["Envenom","Riddle With Holes","Choke"],"picked":"SKIP","floor":8.0},{"not_picked":["Leg Sweep","Outmaneuver"],"picked":"Crippling Poison","floor":11.0},{"not_picked":["Dagger Spray","Dagger Throw","Outmaneuver"],"picked":"SKIP","floor":12.0},{"not_picked":["Flying Knee","Predator","Slice"],"picked":"SKIP","floor":14.0}],"player_experience":508175,"relics_obtained":[{"floor":8.0,"key":"Du-Vu Doll"},{"floor":9.0,"key":"The Specimen"},{"floor":11.0,"key":"Blue Candle"}],"event_choices":[{"damage_healed":0.0,"max_hp_gain":5.0,"max_hp_loss":0.0,"gold_gain":0.0,"event_name":"Big Fish","player_choice":"Donut","floor":5.0,"gold_loss":0.0,"damage_taken":0.0},{"damage_healed":0.0,"max_hp_gain":0.0,"max_hp_loss":0.0,"gold_gain":0.0,"event_name":"Accursed Blacksmith","player_choice":"Rummage","floor":6.0,"gold_loss":0.0,"damage_taken":0.0,"relics_obtained":["WarpedTongs"],"cards_obtained":["Pain"]}],"is_beta":false,"boss_relics":[],"items_purged_floors":[4],"is_endless":false,"potions_floor_spawned":[3,11,12],"killed_by":"Hexaghost","ascension_level":20}