{"gold_per_floor":[109,119,138,138,138,163,163,42,66,66,66,85,120,184,184,184],"floor_reached":16,"playtime":1119,"items_purged":[],"score":140,"play_id":"4bf1b9b9-b7f0-4268-8a82-70ac715d1faf","local_time":"20190207224238","is_ascension_mode":true,"campfire_choices":[{"floor":7,"key":"REST"},{"floor":10,"key":"REST"},{"data":"Adrenaline","floor":15,"key":"SMITH"}],"neow_cost":"PERCENT_DAMAGE","seed_source_timestamp":2597896856712986,"circlet_count":0,"master_deck":["Defend_G","Defend_G","Defend_G","Defend_G+1","Defend_G","Strike_G","Strike_G","Strike_G+1","Strike_G","Survivor","Neutralize+1","Adrenaline+1","Deadly Poison+1","Terror","Poisoned Stab","Regret","Leg Sweep","Backflip","Night Terror","Well Laid Plans"],"relics":["Ring of the Snake","Regal Pillow","War Paint","Tiny Chest","Whetstone","Sundial","Potion Belt"],"potions_floor_usage":[6,6,13,14],"damage_taken":[{"damage":2,"enemies":"Cultist","floor":1,"turns":4},{"damage":2,"enemies":"Jaw Worm","floor":2,"turns":3},{"damage":0,"enemies":"Small Slimes","floor":3,"turns":3},{"damage":30,"enemies":"3 Sentries","floor":6,"turns":7},{"damage":12,"enemies":"Exordium Wildlife","floor":12,"turns":5},{"damage":26,"enemies":"Lagavulin","floor":13,"turns":6},{"damage":15,"enemies":"3 Sentries","floor":14,"turns":9},{"damage":51,"enemies":"Slime Boss","floor":16,"turns":7}],"seed_played":"3004965048866100996","potions_obtained":[{"floor":2,"key":"AttackPotion"},{"floor":3,"key":"PowerPotion"},{"floor":12,"key":"Regen Potion"},{"floor":13,"key":"Regen Potion"}],"is_trial":false,"path_per_floor":["M","M","M","?","?","E","R","$","T","R","$","M","E","?","R","B"],"character_chosen":"THE_SILENT","items_purchased":["Tiny Chest"],"campfire_rested":2,"item_purchase_floors":[8],"current_hp_per_floor":[43,41,41,34,34,4,40,40,40,70,70,58,46,46,46,0],"gold":184,"neow_bonus":"THREE_RARE_CARDS","is_prod":false,"is_daily":false,"chose_seed":false,"campfire_upgraded":1,"win_rate":0,"timestamp":1549597358,"path_taken":["M","M","?","?","?","E","R","$","T","R","?","?","E","?","R","BOSS"],"build_version":"2019-01-23","purchased_purges":0,"victory":false,"max_hp_per_floor":[70,70,70,70,70,70,70,70,70,70,70,70,70,70,70,70],"card_choices":[{"not_picked":["After Image","Tools of the Trade"],"picked":"Adrenaline","floor":0},{"not_picked":["Blade Dance","Distraction"],"picked":"Deadly Poison","floor":1},{"not_picked":["Reflex","Accuracy"],"picked":"Terror","floor":2},{"not_picked":["Cloak And Dagger","Dagger Throw"],"picked":"Poisoned Stab","floor":3},{"not_picked":["Poisoned Stab","Bane"],"picked":"Leg Sweep","floor":6},{"not_picked":["Dagger Throw","Blade Dance"],"picked":"Backflip","floor":12},{"not_picked":["Acrobatics","Tactician"],"picked":"Night Terror","floor":13},{"not_picked":["Accuracy","Calculated Gamble"],"picked":"Well Laid Plans","floor":14}],"player_experience":306435,"relics_obtained":[{"floor":6,"key":"War Paint"},{"floor":9,"key":"Whetstone"},{"floor":13,"key":"Sundial"},{"floor":14,"key":"Potion Belt"}],"event_choices":[{"cards_removed":["Strike_G"],"damage_healed":0,"gold_gain":0,"player_choice":"Card Removal","damage_taken":7,"max_hp_gain":0,"max_hp_loss":0,"event_name":"Golden Wing","floor":4,"gold_loss":0},{"damage_healed":0,"gold_gain":0,"player_choice":"Box","damage_taken":0,"relics_obtained":["Regal Pillow"],"max_hp_gain":0,"max_hp_loss":0,"event_name":"Big Fish","floor":5,"gold_loss":0,"cards_obtained":["Regret"]},{"damage_healed":0,"gold_gain":0,"player_choice":"Searched \u00271\u0027 times","damage_taken":0,"max_hp_gain":0,"max_hp_loss":0,"event_name":"Dead Adventurer","floor":14,"gold_loss":0}],"is_beta":false,"boss_relics":[],"items_purged_floors":[],"is_endless":false,"potions_floor_spawned":[2,3,12,13],"killed_by":"Slime Boss","ascension_level":6}