{"gold_per_floor":[110,122,72,147,164,164,182,192,246,262,3,17,192,192,192,192],"floor_reached":16,"playtime":258,"items_purged":[],"score":94,"play_id":"0e90dd7a-6666-450f-b35d-ee0bcea3a787","local_time":"20190205132222","is_ascension_mode":false,"campfire_choices":[{"data":"Bash","floor":6,"key":"SMITH"},{"data":"Clash","floor":15,"key":"SMITH"}],"neow_cost":"NONE","seed_source_timestamp":47630274950954,"circlet_count":0,"master_deck":["Strike_R","Strike_R","Strike_R","Strike_R","Strike_R","Defend_R","Defend_R","Defend_R","Bash+1","Cleave","Clash+1","Sword Boomerang","Doubt"],"relics":["Burning Blood","Oddly Smooth Stone","Art of War","Gremlin Horn","Golden Idol"],"potions_floor_usage":[10,16],"damage_taken":[{"damage":0,"enemies":"2 Louse","floor":1,"turns":2},{"damage":11,"enemies":"Jaw Worm","floor":2,"turns":2},{"damage":16,"enemies":"Small Slimes","floor":5,"turns":3},{"damage":10,"enemies":"Looter","floor":7,"turns":2},{"damage":3,"enemies":"2 Fungi Beasts","floor":8,"turns":3},{"damage":0,"enemies":"Exordium Wildlife","floor":10,"turns":3},{"damage":0,"enemies":"3 Louse","floor":12,"turns":2},{"damage":77,"enemies":"The Guardian","floor":16,"turns":8}],"seed_played":"-8741556684526001086","potions_obtained":[{"floor":5,"key":"Regen Potion"},{"floor":7,"key":"Block Potion"}],"is_trial":false,"path_per_floor":["M","M","?","?","M","R","M","M","T","M","$","M","?","?","R","B"],"character_chosen":"IRONCLAD","items_purchased":["Gremlin Horn"],"campfire_rested":0,"item_purchase_floors":[11],"current_hp_per_floor":[80,75,75,64,54,54,50,53,53,64,64,70,70,70,70,0],"gold":192,"neow_bonus":"RANDOM_COMMON_RELIC","is_prod":false,"is_daily":false,"chose_seed":false,"campfire_upgraded":2,"win_rate":0,"timestamp":1549390942,"path_taken":["M","M","?","?","M","R","M","M","T","M","$","M","?","?","R","BOSS"],"build_version":"2019-01-23","purchased_purges":0,"victory":false,"max_hp_per_floor":[80,80,80,80,80,80,80,80,80,80,80,80,80,74,74,74],"card_choices":[{"not_picked":["Second Wind","Power Through"],"picked":"Cleave","floor":1},{"not_picked":["Warcry","Intimidate","Cleave"],"picked":"SKIP","floor":2},{"not_picked":["Cleave","Pommel Strike"],"picked":"Clash","floor":5},{"not_picked":["Entrench","Cleave","Carnage"],"picked":"SKIP","floor":7},{"not_picked":["Armaments","Cleave"],"picked":"Sword Boomerang","floor":8},{"not_picked":["Wild Strike","Warcry","Twin Strike"],"picked":"SKIP","floor":10},{"not_picked":["Wild Strike","Exhume","Sentinel"],"picked":"SKIP","floor":12}],"player_experience":454834,"relics_obtained":[{"floor":9,"key":"Art of War"}],"event_choices":[{"cards_removed":["Defend_R"],"damage_healed":0,"gold_gain":0,"player_choice":"Card Removal","damage_taken":0,"max_hp_gain":0,"max_hp_loss":0,"event_name":"The Cleric","floor":3,"gold_loss":50},{"damage_healed":0,"gold_gain":75,"player_choice":"Gather Gold","damage_taken":11,"max_hp_gain":0,"max_hp_loss":0,"event_name":"World of Goop","floor":4,"gold_loss":0},{"damage_healed":0,"gold_gain":175,"player_choice":"AGREE","damage_taken":0,"max_hp_gain":0,"max_hp_loss":0,"event_name":"Liars Game","floor":13,"gold_loss":0,"cards_obtained":["Doubt"]},{"damage_healed":0,"gold_gain":0,"player_choice":"Lose Max HP","damage_taken":0,"relics_obtained":["Golden Idol"],"max_hp_gain":0,"max_hp_loss":6,"event_name":"Golden Idol","floor":14,"gold_loss":0}],"is_beta":false,"boss_relics":[],"items_purged_floors":[],"is_endless":false,"potions_floor_spawned":[5,7],"killed_by":"The Guardian","ascension_level":0}