{"gold_per_floor":[110,110,185,205,205,205,222,112,112,123,123,123,152,27,27,102,102,112,27,37,52,52,52,52,65,65,77,96,125,125,143,143,220,220,238,238,48,58,0,0,32,32,32,32,46,72,72,86,86,86],"floor_reached":50,"playtime":4325,"items_purged":[],"score":1065,"play_id":"2d998531-acde-47ac-bf3e-9fec9bf0b68d","local_time":"20190120000215","is_ascension_mode":true,"campfire_choices":[{"floor":6,"key":"REST"},{"floor":12,"key":"REST"},{"floor":15,"key":"REST"},{"data":"Noxious Fumes","floor":24,"key":"SMITH"},{"data":"Well Laid Plans","floor":30,"key":"SMITH"},{"floor":32,"key":"REST"},{"floor":40,"key":"REST"},{"floor":44,"key":"REST"},{"floor":49,"key":"REST"}],"neow_cost":"NONE","seed_source_timestamp":915887058186100,"circlet_count":0,"master_deck":["AscendersBane","Defend_G+1","Defend_G+1","Defend_G","Defend_G","Defend_G","Strike_G","Strike_G","Strike_G","Strike_G+1","Strike_G","Survivor","Neutralize","Riddle With Holes","Backflip","Cloak And Dagger","Quick Slash","Well Laid Plans+1","Sucker Punch","Noxious Fumes+1","Blur","Expertise+1","Malaise","Backflip","Choke","Dodge and Roll","Blur","PiercingWail","After Image","Caltrops","Malaise","Calculated Gamble+1","Discovery","Apotheosis","Backflip","Catalyst","Blur+1","Terror+1"],"relics":["Sozu","Meat on the Bone","Ninja Scroll","Cursed Key","War Paint","MutagenicStrength","Bronze Scales","Runic Pyramid","Red Mask","Ornamental Fan","Mummified Hand"],"potions_floor_usage":[],"damage_taken":[{"damage":13,"enemies":"Jaw Worm","floor":1,"turns":6},{"damage":7,"enemies":"Small Slimes","floor":4,"turns":4},{"damage":0,"enemies":"2 Louse","floor":7,"turns":2},{"damage":8,"enemies":"Exordium Wildlife","floor":10,"turns":4},{"damage":25,"enemies":"Lagavulin","floor":13,"turns":8},{"damage":53,"enemies":"Slime Boss","floor":16,"turns":14},{"damage":8,"enemies":"Chosen","floor":18,"turns":5},{"damage":8,"enemies":"Shell Parasite","floor":20,"turns":6},{"damage":11,"enemies":"3 Cultists","floor":21,"turns":6},{"damage":7,"enemies":"Sentry and Sphere","floor":25,"turns":7},{"damage":3,"enemies":"Cultist and Chosen","floor":27,"turns":8},{"damage":0,"enemies":"Chosen and Byrds","floor":28,"turns":8},{"damage":20,"enemies":"Book of Stabbing","floor":29,"turns":7},{"damage":4,"enemies":"Snecko","floor":31,"turns":7},{"damage":18,"enemies":"Automaton","floor":33,"turns":14},{"damage":9,"enemies":"3 Darklings","floor":35,"turns":8},{"damage":4,"enemies":"3 Shapes","floor":38,"turns":9},{"damage":51,"enemies":"Reptomancer","floor":41,"turns":11},{"damage":0,"enemies":"Sphere and 2 Shapes","floor":45,"turns":7},{"damage":25,"enemies":"Giant Head","floor":46,"turns":12},{"damage":0,"enemies":"Spire Growth","floor":48,"turns":6},{"damage":53,"enemies":"Donu and Deca","floor":50,"turns":8}],"seed_played":"2704904325095658322","potions_obtained":[],"is_trial":false,"path_per_floor":["M","?","?","M","?","R","M","$","T","M","?","R","E","$","R","B",null,"M","?","M","M","?","?","R","M","T","M","M","E","R","M","R","B",null,"M","?","$","M","?","R","E","?","T","R","M","E","$","M","R","B"],"character_chosen":"THE_SILENT","items_purchased":["Quick Slash","Well Laid Plans","Blur","Expertise","Apotheosis"],"campfire_rested":7,"item_purchase_floors":[8,8,14,14,37],"current_hp_per_floor":[46,26,15,8,8,27,27,27,27,31,31,50,37,37,56,15,53,45,45,37,38,38,38,38,43,43,40,40,32,32,40,59,41,60,51,41,41,37,37,56,17,17,17,35,35,22,22,34,52,0],"gold":86,"neow_bonus":"BOSS_RELIC","is_prod":false,"is_daily":false,"chose_seed":false,"campfire_upgraded":2,"win_rate":0,"timestamp":1547960535,"path_taken":["M","?","?","M","?","R","M","?","T","?","?","R","E","$","R","BOSS","M","?","M","M","?","?","R","M","T","M","?","E","R","M","R","BOSS","M","?","$","M","?","R","E","?","T","R","M","E","$","M","R","BOSS"],"build_version":"2019-01-16","purchased_purges":0,"victory":false,"max_hp_per_floor":[66,66,66,66,66,66,66,66,66,66,66,66,66,66,66,66,66,66,66,66,66,66,66,66,66,66,66,66,66,66,66,66,66,66,66,66,66,66,66,66,66,63,63,63,63,63,63,63,63,63],"card_choices":[{"not_picked":["Setup","Deflect"],"picked":"Riddle With Holes","floor":1},{"not_picked":["Acrobatics","Flying Knee"],"picked":"Backflip","floor":4},{"not_picked":["Unload","Dagger Spray"],"picked":"Cloak And Dagger","floor":7},{"not_picked":["Outmaneuver","Acrobatics"],"picked":"Sucker Punch","floor":10},{"not_picked":["Venomology","Accuracy"],"picked":"Noxious Fumes","floor":13},{"not_picked":["Night Terror","Unload"],"picked":"Malaise","floor":16},{"not_picked":["Outmaneuver","Skewer"],"picked":"Backflip","floor":18},{"not_picked":["Underhanded Strike","Bane"],"picked":"Choke","floor":20},{"not_picked":["Expertise","Quick Slash","Blade Dance"],"picked":"SKIP","floor":21},{"not_picked":["Blade Dance","Tools of the Trade"],"picked":"Dodge and Roll","floor":25},{"not_picked":["Bane","Deadly Poison"],"picked":"Blur","floor":27},{"not_picked":["Deflect","Underhanded Strike"],"picked":"PiercingWail","floor":28},{"not_picked":["Bane","Underhanded Strike"],"picked":"After Image","floor":29},{"not_picked":["Setup","Dagger Spray"],"picked":"Caltrops","floor":31},{"not_picked":["Storm of Steel","Burst"],"picked":"Malaise","floor":33},{"not_picked":["Poisoned Stab","Bane+1"],"picked":"Calculated Gamble+1","floor":35},{"not_picked":["Swift Strike","Panacea"],"picked":"Discovery","floor":36},{"not_picked":["All Out Attack","Quick Slash+1"],"picked":"Backflip","floor":38},{"not_picked":["Slice","Poisoned Stab+1"],"picked":"Catalyst","floor":41},{"not_picked":["Bane","Outmaneuver","Poisoned Stab"],"picked":"SKIP","floor":45},{"not_picked":["Acrobatics+1","Cloak And Dagger+1"],"picked":"Blur+1","floor":46},{"not_picked":["Blade Dance","Heel Hook+1"],"picked":"Terror+1","floor":48}],"player_experience":1898485,"relics_obtained":[{"floor":9,"key":"Meat on the Bone"},{"floor":13,"key":"Ninja Scroll"},{"floor":29,"key":"Bronze Scales"},{"floor":41,"key":"Ornamental Fan"},{"floor":46,"key":"Mummified Hand"}],"event_choices":[{"damage_healed":0,"gold_gain":0,"player_choice":"Entered Light","damage_taken":20,"max_hp_gain":0,"max_hp_loss":0,"event_name":"Shining Light","floor":2,"gold_loss":0,"cards_upgraded":["Strike_G","Defend_G"]},{"damage_healed":0,"gold_gain":75,"player_choice":"Gather Gold","damage_taken":11,"max_hp_gain":0,"max_hp_loss":0,"event_name":"World of Goop","floor":3,"gold_loss":0},{"damage_healed":0,"gold_gain":0,"player_choice":"Ignored","damage_taken":0,"max_hp_gain":0,"max_hp_loss":0,"event_name":"Liars Game","floor":5,"gold_loss":0},{"damage_healed":0,"gold_gain":0,"player_choice":"Searched \u00270\u0027 times","damage_taken":0,"max_hp_gain":0,"max_hp_loss":0,"event_name":"Dead Adventurer","floor":11,"gold_loss":0},{"damage_healed":0,"gold_gain":0,"player_choice":"Obtained Relic","damage_taken":0,"relics_obtained":["War Paint"],"max_hp_gain":0,"max_hp_loss":0,"event_name":"Addict","floor":19,"gold_loss":85},{"damage_healed":0,"gold_gain":0,"player_choice":"Ignored","damage_taken":0,"max_hp_gain":0,"max_hp_loss":0,"event_name":"Beggar","floor":22,"gold_loss":0},{"damage_healed":0,"gold_gain":0,"player_choice":"Inject Mutagens","damage_taken":0,"relics_obtained":["MutagenicStrength"],"max_hp_gain":0,"max_hp_loss":0,"event_name":"Drug Dealer","floor":23,"gold_loss":0},{"damage_healed":0,"gold_gain":0,"player_choice":"Memory 3","damage_taken":10,"max_hp_gain":0,"max_hp_loss":0,"event_name":"SensoryStone","floor":36,"gold_loss":0},{"damage_healed":0,"gold_gain":0,"player_choice":"Paid","damage_taken":0,"relics_obtained":["Red Mask"],"max_hp_gain":0,"max_hp_loss":0,"event_name":"Tomb of Lord Red Mask","floor":39,"gold_loss":58},{"damage_healed":0,"gold_gain":0,"player_choice":"Max HP","damage_taken":0,"max_hp_gain":0,"max_hp_loss":3,"event_name":"Winding Halls","floor":42,"gold_loss":0}],"is_beta":true,"boss_relics":[{"not_picked":["White Beast Statue","Velvet Choker"],"picked":"Cursed Key"},{"not_picked":["Calling Bell","Black Star"],"picked":"Runic Pyramid"}],"items_purged_floors":[],"is_endless":false,"potions_floor_spawned":[1,7,21,25,27,28,31,35,38,45,48],"killed_by":"Donu and Deca","ascension_level":20}