{"gold_per_floor":[119,136,156,176,176,176,176,209,209,227,227,259,277,227,227,328,328,338,338,191,207,217,243,243,271,271,271,271,271,271,287,287,389,389,405,405,418,431,446,446,474,474,474,474],"floor_reached":44,"playtime":2710,"items_purged":[],"score":564,"play_id":"273aab4a-585f-426c-abb1-508d3fa01690","local_time":"20190112181000","is_ascension_mode":true,"campfire_choices":[{"data":"Sunder","floor":7,"key":"SMITH"},{"floor":11,"key":"REST"},{"floor":15,"key":"REST"},{"data":"Hello World","floor":24,"key":"SMITH"},{"floor":27,"key":"REST"},{"data":"Darkness","floor":29,"key":"SMITH"},{"floor":32,"key":"REST"},{"floor":40,"key":"REST"}],"neow_cost":"NONE","seed_source_timestamp":921869332867381,"circlet_count":0,"master_deck":["Strike_B","Strike_B","Strike_B","Defend_B","Defend_B","Defend_B","Defend_B+1","Zap","Dualcast","Reinforced Body+1","Coolheaded","Sunder+1","Reinforced Body","Doom and Gloom","Blizzard","Coolheaded","Electrodynamics+1","Doom and Gloom+1","Hello World+1","Undo","Darkness+1","Thunder Strike","Redo+1","Creative AI+1","Capacitor+1","Coolheaded","Bandage Up","Purity","Force Field","Doom and Gloom+1","Redo+1","Glacier+1","Meteor Strike"],"relics":["Cracked Core","Dodecahedron","StoneCalendar","Torii","Nuclear Battery","Happy Flower","Bottled Lightning","Smiling Mask","Prayer Wheel","Frozen Egg 2","Snecko Eye","Incense Burner","SsserpentHead","Strawberry"],"potions_floor_usage":[],"damage_taken":[{"damage":1,"enemies":"Cultist","floor":1,"turns":3},{"damage":7,"enemies":"2 Louse","floor":2,"turns":3},{"damage":0,"enemies":"Small Slimes","floor":3,"turns":4},{"damage":0,"enemies":"2 Fungi Beasts","floor":4,"turns":2},{"damage":27,"enemies":"Gremlin Nob","floor":8,"turns":6},{"damage":0,"enemies":"Red Slaver","floor":10,"turns":5},{"damage":7,"enemies":"3 Sentries","floor":12,"turns":6},{"damage":0,"enemies":"Large Slime","floor":13,"turns":4},{"damage":33,"enemies":"The Guardian","floor":16,"turns":11},{"damage":9,"enemies":"3 Byrds","floor":18,"turns":4},{"damage":11,"enemies":"2 Thieves","floor":21,"turns":3},{"damage":10,"enemies":"Shelled Parasite and Fungi","floor":22,"turns":5},{"damage":0,"enemies":"Gremlin Leader","floor":23,"turns":5},{"damage":27,"enemies":"Book of Stabbing","floor":25,"turns":7},{"damage":0,"enemies":"3 Cultists","floor":31,"turns":3},{"damage":40,"enemies":"Automaton","floor":33,"turns":10},{"damage":8,"enemies":"3 Shapes","floor":35,"turns":4},{"damage":24,"enemies":"3 Darklings","floor":37,"turns":3},{"damage":37,"enemies":"Transient","floor":38,"turns":5},{"damage":0,"enemies":"Maw","floor":39,"turns":7},{"damage":36,"enemies":"Nemesis","floor":41,"turns":7},{"damage":26,"enemies":"Jaw Worm Horde","floor":44,"turns":2}],"seed_played":"5747392661571553953","potions_obtained":[{"floor":1,"key":"FearPotion"},{"floor":2,"key":"Swift Potion"},{"floor":13,"key":"Explosive Potion"}],"is_trial":false,"path_per_floor":["M","M","M","M","?","?","R","E","T","M","R","E","M","?","R","B",null,"M","?","$","M","M","E","R","E","T","R","?","R","?","M","R","B",null,"M","?","M","M","M","R","E","?","T","M"],"character_chosen":"DEFECT","items_purchased":["Happy Flower"],"campfire_rested":5,"item_purchase_floors":[20],"current_hp_per_floor":[81,74,74,74,58,63,63,36,36,36,62,55,55,55,81,48,87,78,78,78,67,57,57,57,30,30,56,56,56,56,56,82,42,87,79,74,50,17,21,47,11,11,18,0],"gold":474,"neow_bonus":"TEN_PERCENT_HP_BONUS","is_prod":false,"is_daily":false,"chose_seed":false,"campfire_upgraded":3,"win_rate":0,"timestamp":1547313000,"path_taken":["M","?","M","M","?","?","R","E","T","M","R","E","M","?","R","BOSS","M","?","$","M","?","E","R","E","T","R","?","R","?","M","R","BOSS","M","?","M","M","M","R","E","?","T","M"],"build_version":"2019-01-10","purchased_purges":0,"victory":false,"max_hp_per_floor":[82,82,82,82,82,87,87,87,87,87,87,87,87,87,87,87,87,87,87,87,87,87,87,87,87,87,87,87,87,87,87,87,87,87,87,87,87,87,87,87,87,87,94,94],"card_choices":[{"not_picked":["Aggregate","Reprogram"],"picked":"Reinforced Body","floor":1},{"not_picked":["Steam Power","Reprogram"],"picked":"Coolheaded","floor":2},{"not_picked":["Leap","Reprogram"],"picked":"Sunder","floor":3},{"not_picked":["Steam","Leap"],"picked":"Reinforced Body","floor":4},{"not_picked":["Auto Shields","Reboot"],"picked":"Doom and Gloom","floor":8},{"not_picked":["Gash","Rip and Tear","Turbo"],"picked":"SKIP","floor":10},{"not_picked":["Gash","BootSequence"],"picked":"Blizzard","floor":12},{"not_picked":["Beam Cell","Streamline"],"picked":"Coolheaded","floor":13},{"not_picked":["Machine Learning","Multi-Cast"],"picked":"Electrodynamics","floor":16},{"not_picked":["Auto Shields+1","Go for the Eyes+1"],"picked":"Doom and Gloom+1","floor":18},{"not_picked":["Sunder+1","Genetic Algorithm+1"],"picked":"Hello World","floor":21},{"not_picked":["Go for the Eyes","Genetic Algorithm","Blizzard"],"picked":"SKIP","floor":22},{"not_picked":["Leap","Coolheaded"],"picked":"Undo","floor":23},{"not_picked":["Multi-Cast","Hologram"],"picked":"Darkness","floor":25},{"not_picked":["Stack","Gash+1"],"picked":"Thunder Strike","floor":31},{"not_picked":["Steam Power+1","Beam Cell"],"picked":"Redo+1","floor":31},{"not_picked":["Meteor Strike","Hyperbeam"],"picked":"Creative AI+1","floor":33},{"not_picked":["Cold Snap","Reprogram+1"],"picked":"Capacitor+1","floor":35},{"not_picked":["Beam Cell+1","Compile Driver+1"],"picked":"Coolheaded","floor":35},{"not_picked":["Finesse","Good Instincts"],"picked":"Bandage Up","floor":36},{"not_picked":["Jack Of All Trades","Swift Strike"],"picked":"Purity","floor":36},{"not_picked":["Steam","Beam Cell+1"],"picked":"Force Field","floor":37},{"not_picked":["Blizzard+1","Redo+1","Turbo+1"],"picked":"SKIP","floor":37},{"not_picked":["Go for the Eyes","Genetic Algorithm+1"],"picked":"Doom and Gloom+1","floor":38},{"not_picked":["Blizzard","Ball Lightning","Stack"],"picked":"SKIP","floor":38},{"not_picked":["Steam","Gash"],"picked":"Redo+1","floor":39},{"not_picked":["Genetic Algorithm","Cold Snap+1"],"picked":"Glacier+1","floor":39},{"not_picked":["Beam Cell+1","Conserve Battery+1"],"picked":"Meteor Strike","floor":41}],"player_experience":154056,"relics_obtained":[{"floor":8,"key":"Dodecahedron"},{"floor":9,"key":"StoneCalendar"},{"floor":12,"key":"Torii"},{"floor":23,"key":"Bottled Lightning"},{"floor":25,"key":"Smiling Mask"},{"floor":26,"key":"Prayer Wheel"},{"floor":41,"key":"Incense Burner"},{"floor":43,"key":"Strawberry"}],"event_choices":[{"damage_healed":0,"gold_gain":0,"player_choice":"Entered Light","damage_taken":16,"max_hp_gain":0,"max_hp_loss":0,"event_name":"Shining Light","floor":5,"gold_loss":0,"cards_upgraded":["Defend_B","Reinforced Body"]},{"damage_healed":0,"gold_gain":0,"player_choice":"Donut","damage_taken":0,"max_hp_gain":5,"max_hp_loss":0,"event_name":"Big Fish","floor":6,"gold_loss":0},{"cards_removed":["Strike_B"],"damage_healed":0,"gold_gain":0,"player_choice":"Card Removal","damage_taken":0,"max_hp_gain":0,"max_hp_loss":0,"event_name":"The Cleric","floor":14,"gold_loss":50},{"damage_healed":0,"gold_gain":0,"player_choice":"Upgraded","damage_taken":0,"max_hp_gain":0,"max_hp_loss":0,"event_name":"Upgrade Shrine","floor":19,"gold_loss":0,"cards_upgraded":["Electrodynamics"]},{"damage_healed":0,"gold_gain":0,"player_choice":"Opened","damage_taken":0,"relics_obtained":["Frozen Egg 2"],"max_hp_gain":0,"max_hp_loss":0,"event_name":"The Mausoleum","floor":28,"gold_loss":0},{"damage_healed":0,"gold_gain":0,"player_choice":"Ignored","damage_taken":0,"max_hp_gain":0,"max_hp_loss":0,"event_name":"Ghosts","floor":30,"gold_loss":0},{"damage_healed":0,"gold_gain":0,"player_choice":"Memory 2","damage_taken":5,"max_hp_gain":0,"max_hp_loss":0,"event_name":"SensoryStone","floor":36,"gold_loss":0},{"damage_healed":0,"gold_gain":0,"player_choice":"Trade","damage_taken":0,"relics_obtained":["SsserpentHead"],"max_hp_gain":0,"max_hp_loss":0,"event_name":"FaceTrader","floor":42,"gold_loss":0}],"is_beta":false,"boss_relics":[{"not_picked":["Fusion Hammer","Black Star"],"picked":"Nuclear Battery"},{"not_picked":["Calling Bell","FrozenCore"],"picked":"Snecko Eye"}],"items_purged_floors":[],"is_endless":false,"potions_floor_spawned":[1,2,13,23,31,33,35,41],"killed_by":"Jaw Worm Horde","ascension_level":1}