{"gold_per_floor":[119,137,57,75,88,116,133,152,179,78,107,121,146,160,160,264,264,284,232,247,247,162,162,194,205,259,270,270,270,270,288,288,392,392,404,414,433,127,138,138,169,169,169,183,183,194,46,58,58,58,58,58,9,40,40],"floor_reached":55,"playtime":2949,"items_purged":[],"score":710,"play_id":"cb9813a7-14a2-4e05-a2ac-a652a8e1be94","local_time":"20190205114615","is_ascension_mode":false,"campfire_choices":[{"data":"Spot Weakness","floor":15,"key":"SMITH"},{"floor":23,"key":"REST"},{"floor":28,"key":"REST"},{"data":"Pommel Strike","floor":30,"key":"SMITH"},{"data":"Metallicize","floor":32,"key":"SMITH"},{"floor":40,"key":"RECALL"},{"floor":42,"key":"REST"},{"data":"Strike_R","floor":45,"key":"PURGE"},{"floor":49,"key":"REST"},{"data":"Strike_R","floor":52,"key":"PURGE"}],"neow_cost":"NONE","seed_source_timestamp":442914369789894,"circlet_count":0,"master_deck":["Strike_R","Strike_R","Strike_R","Defend_R","Defend_R","Defend_R","Defend_R","Bash","Metallicize+1","Iron Wave","Spot Weakness+1","Battle Trance","Warcry+1","Shrug It Off+1","Dropkick","Cleave","Clothesline","Immolate","Armaments","Shrug It Off","Pommel Strike+1","Demon Form","Whirlwind","Shrug It Off+1","Metallicize","Reaper","Uppercut+1","Parasite","Inflame","Rampage+1","Heavy Blade+1","Pummel+1"],"relics":["Burning Blood","Boot","Peace Pipe","Anchor","Mummified Hand","Oddly Smooth Stone","Black Star","Dream Catcher","Pen Nib","Thread and Needle","Happy Flower","Fusion Hammer","Bag of Marbles","Calipers","Smiling Mask","War Paint","Blood Vial"],"potions_floor_usage":[6,11,11,20,24,33,39,41,41,41,50,50,50,55],"damage_taken":[{"damage":1,"enemies":"Cultist","floor":1,"turns":4},{"damage":7,"enemies":"Small Slimes","floor":2,"turns":4},{"damage":3,"enemies":"Jaw Worm","floor":4,"turns":6},{"damage":4,"enemies":"Red Slaver","floor":5,"turns":4},{"damage":25,"enemies":"3 Sentries","floor":6,"turns":9},{"damage":1,"enemies":"2 Fungi Beasts","floor":7,"turns":5},{"damage":7,"enemies":"Exordium Wildlife","floor":8,"turns":6},{"damage":5,"enemies":"Gremlin Nob","floor":11,"turns":3},{"damage":0,"enemies":"Large Slime","floor":12,"turns":4},{"damage":3,"enemies":"Red Slaver","floor":14,"turns":4},{"damage":31,"enemies":"Slime Boss","floor":16,"turns":15},{"damage":32,"enemies":"Chosen","floor":18,"turns":7},{"damage":10,"enemies":"Spheric Guardian","floor":20,"turns":5},{"damage":48,"enemies":"Slavers","floor":24,"turns":5},{"damage":8,"enemies":"Centurion and Healer","floor":25,"turns":9},{"damage":15,"enemies":"Shelled Parasite and Fungi","floor":27,"turns":8},{"damage":14,"enemies":"3 Cultists","floor":31,"turns":5},{"damage":49,"enemies":"Collector","floor":33,"turns":8},{"damage":10,"enemies":"3 Darklings","floor":35,"turns":4},{"damage":0,"enemies":"Orb Walker","floor":36,"turns":3},{"damage":0,"enemies":"Writhing Mass","floor":37,"turns":7},{"damage":21,"enemies":"Maw","floor":39,"turns":8},{"damage":60,"enemies":"Reptomancer","floor":41,"turns":8},{"damage":9,"enemies":"Sphere and 2 Shapes","floor":44,"turns":6},{"damage":28,"enemies":"Transient","floor":46,"turns":5},{"damage":15,"enemies":"Spire Growth","floor":48,"turns":5},{"damage":55,"enemies":"Awakened One","floor":50,"turns":10},{"damage":60,"enemies":"Shield and Spear","floor":54,"turns":6},{"damage":46,"enemies":"The Heart","floor":55,"turns":2}],"seed_played":"-7256723438394908193","potions_obtained":[{"floor":4,"key":"Regen Potion"},{"floor":6,"key":"Energy Potion"},{"floor":7,"key":"Energy Potion"},{"floor":8,"key":"Fire Potion"},{"floor":12,"key":"SpeedPotion"},{"floor":18,"key":"GamblersBrew"},{"floor":24,"key":"FearPotion"},{"floor":33,"key":"Regen Potion"},{"floor":36,"key":"GamblersBrew"},{"floor":39,"key":"SkillPotion"}],"is_trial":false,"path_per_floor":["M","M","$","M","M","E","M","M","T","$","E","M","T","M","R","B",null,"M","$","M","?","?","R","E","M","T","M","R","?","R","M","R","B",null,"M","M","M","$","M","R","E","R","T","M","R","M","$","M","R","B",null,"R","$","E","B"],"character_chosen":"IRONCLAD","items_purchased":["Spot Weakness","Cleave","SkillPotion","SkillPotion","EssenceOfSteel","Inflame","Bag of Marbles","Fire Potion","Dexterity Potion","FearPotion","AttackPotion"],"campfire_rested":4,"item_purchase_floors":[3,10,10,19,38,38,38,47,47,47,53],"current_hp_per_floor":[80,79,79,80,80,76,80,79,79,79,80,80,80,80,80,55,80,54,54,50,50,50,74,32,30,30,21,45,80,80,72,72,29,80,76,80,80,80,74,74,46,70,70,74,74,57,57,48,72,39,80,80,80,41,0],"gold":40,"neow_bonus":"RANDOM_COMMON_RELIC","is_prod":false,"is_daily":false,"chose_seed":false,"campfire_upgraded":3,"win_rate":0,"timestamp":1549385175,"path_taken":["M","M","$","M","?","E","M","M","T","$","E","M","?","M","R","BOSS","M","$","M","?","?","R","E","M","T","M","R","?","R","M","R","BOSS","M","?","M","$","M","R","E","R","T","M","R","M","?","M","R","BOSS","R","$","E","BOSS"],"build_version":"2019-01-23","purchased_purges":0,"victory":false,"max_hp_per_floor":[80,80,80,80,80,80,80,80,80,80,80,80,80,80,80,80,80,80,80,80,80,80,80,80,80,80,80,80,80,80,80,80,80,80,80,80,80,80,80,80,80,80,80,80,80,80,80,80,80,80,80,80,80,80,80],"card_choices":[{"not_picked":["Wild Strike","Shockwave"],"picked":"Metallicize","floor":1},{"not_picked":["Disarm","Rampage"],"picked":"Iron Wave","floor":2},{"not_picked":["Pummel","Sword Boomerang"],"picked":"Battle Trance","floor":4},{"not_picked":["Sword Boomerang","Perfected Strike"],"picked":"Warcry","floor":5},{"not_picked":["Wild Strike","Intimidate"],"picked":"Shrug It Off","floor":6},{"not_picked":["True Grit","Burning Pact"],"picked":"Dropkick","floor":7},{"not_picked":["Juggernaut","Warcry","Clash"],"picked":"SKIP","floor":8},{"not_picked":["Burning Pact","Combust","Dropkick"],"picked":"SKIP","floor":11},{"not_picked":["Flame Barrier","Iron Wave"],"picked":"Clothesline","floor":12},{"not_picked":["Warcry","Sword Boomerang"],"picked":"Rage","floor":14},{"not_picked":["Impervious","Feed"],"picked":"Immolate","floor":16},{"not_picked":["Shockwave","Carnage","Entrench"],"picked":"SKIP","floor":18},{"not_picked":["Feel No Pain","Havoc+1"],"picked":"Armaments","floor":20},{"not_picked":["Iron Wave","True Grit"],"picked":"Pommel Strike","floor":23},{"not_picked":["Wild Strike","Clash+1"],"picked":"Demon Form","floor":24},{"not_picked":["Flex","Uppercut"],"picked":"Whirlwind","floor":25},{"not_picked":["Headbutt","True Grit","Flex+1"],"picked":"SKIP","floor":27},{"not_picked":["Exhume","True Grit"],"picked":"Shrug It Off+1","floor":28},{"not_picked":["Iron Wave+1","Sword Boomerang+1"],"picked":"Metallicize","floor":31},{"not_picked":["Bludgeon","Exhume"],"picked":"Reaper","floor":33},{"not_picked":["Wild Strike","Pommel Strike+1","Armaments+1"],"picked":"SKIP","floor":35},{"not_picked":["Combust","Clothesline+1"],"picked":"Uppercut+1","floor":36},{"not_picked":["Anger","Wild Strike","Twin Strike+1"],"picked":"SKIP","floor":37},{"not_picked":["Entrench+1","Berserk"],"picked":"Rampage+1","floor":39},{"not_picked":["Armaments+1","Anger","Intimidate"],"picked":"SKIP","floor":41},{"not_picked":["Headbutt+1","Uppercut"],"picked":"Heavy Blade+1","floor":42},{"not_picked":["Intimidate+1","Flex+1","Heavy Blade"],"picked":"SKIP","floor":44},{"not_picked":["Rampage","Pommel Strike","Heavy Blade"],"picked":"SKIP","floor":46},{"not_picked":["Pommel Strike","Clash","Heavy Blade"],"picked":"SKIP","floor":48},{"not_picked":["Armaments","Feed"],"picked":"Pummel+1","floor":54}],"player_experience":162636,"relics_obtained":[{"floor":6,"key":"Peace Pipe"},{"floor":9,"key":"Anchor"},{"floor":11,"key":"Mummified Hand"},{"floor":13,"key":"Oddly Smooth Stone"},{"floor":24,"key":"Pen Nib"},{"floor":24,"key":"Thread and Needle"},{"floor":26,"key":"Happy Flower"},{"floor":41,"key":"Calipers"},{"floor":41,"key":"Smiling Mask"},{"floor":54,"key":"War Paint"},{"floor":54,"key":"Blood Vial"}],"event_choices":[{"damage_healed":0,"gold_gain":0,"player_choice":"Read","damage_taken":0,"max_hp_gain":0,"max_hp_loss":0,"event_name":"The Library","floor":21,"gold_loss":0,"cards_obtained":["Shrug It Off"]},{"damage_healed":0,"gold_gain":0,"player_choice":"Obtained Relic","damage_taken":0,"relics_obtained":["Dream Catcher"],"max_hp_gain":0,"max_hp_loss":0,"event_name":"Addict","floor":22,"gold_loss":85},{"cards_removed":["Rage"],"damage_healed":35,"gold_gain":0,"player_choice":"Offered Uncommon","damage_taken":0,"max_hp_gain":0,"max_hp_loss":0,"event_name":"Bonfire Elementals","floor":29,"gold_loss":0}],"is_beta":false,"boss_relics":[{"not_picked":["Snecko Eye","Runic Dome"],"picked":"Black Star"},{"not_picked":["Empty Cage","Orrery"],"picked":"Fusion Hammer"}],"items_purged_floors":[],"is_endless":false,"potions_floor_spawned":[4,6,7,8,12,18,24,33,36,39,48],"killed_by":"The Heart","ascension_level":0}