{"gold_per_floor":[114,16,16,191,78,78,108,123,123,123,138,138,138,153,153,253,253,268,283,33,132,132,462,477,31,86,116,131,131,131,146,146,246,246,261,111,126,141,141,141,141,156,181,181,196,226,226,241,241,241],"floor_reached":51,"playtime":3840,"items_purged":["Doubt","Wraith Form v2","Doppelganger+1"],"score":790,"play_id":"c25747f1-2acf-4527-8b0e-ec08b4967907","local_time":"20181108201750","daily_mods":["Shiny","Red Cards","Binary"],"is_ascension_mode":false,"campfire_choices":[{"floor":6,"key":"REST"},{"floor":10,"key":"REST"},{"data":"A Thousand Cuts","floor":13,"key":"SMITH"},{"data":"Rupture","floor":15,"key":"SMITH"},{"floor":29,"key":"REST"},{"floor":32,"key":"REST"},{"floor":40,"key":"REST"},{"data":"Night Terror","floor":44,"key":"SMITH"},{"data":"Demon Form","floor":47,"key":"SMITH"},{"data":"Limit Break","floor":49,"key":"SMITH"}],"neow_cost":"","seed_source_timestamp":0,"circlet_count":0,"master_deck":["Double Tap","Demon Form+1","Bludgeon","Feed+1","Limit Break+1","Barricade","Fiend Fire+1","Dark Embrace","Berserk","Impervious","Brutality","Reaper+1","Exhume","Offering","Immolate","Venomology","Corpse Explosion","Malaise+1","Phantasmal Killer","Die Die Die","Adrenaline+1","Envenom","Burst","Tools of the Trade","Night Terror+1","Unload","After Image","Bullet Time","Storm of Steel","Glass Knife","A Thousand Cuts+1","Shrug It Off","Impatience","Inflame","Rupture+1","Demon Form","Violence"],"special_seed":17844,"relics":["Ring of the Snake","Pear","Mummified Hand","Ninja Scroll","Busted Crown","War Paint","Old Coin","Pen Nib","Tiny Chest","Bag of Preparation","Whetstone","Philosopher\u0027s Stone","Potion Belt","Tingsha","Snake Skull","Strawberry"],"potions_floor_usage":[8,16,19,19,27,27,33,33,46,46,50,50,50],"damage_taken":[{"damage":12,"enemies":"2 Louse","floor":1,"turns":3},{"damage":33,"enemies":"Gremlin Nob","floor":7,"turns":4},{"damage":0,"enemies":"Small Slimes","floor":8,"turns":3},{"damage":2,"enemies":"Cultist","floor":11,"turns":3},{"damage":0,"enemies":"Looter","floor":14,"turns":1},{"damage":9,"enemies":"Hexaghost","floor":16,"turns":4},{"damage":5,"enemies":"3 Byrds","floor":18,"turns":3},{"damage":0,"enemies":"Shell Parasite","floor":19,"turns":2},{"damage":32,"enemies":"Book of Stabbing","floor":23,"turns":3},{"damage":17,"enemies":"Shelled Parasite and Fungi","floor":24,"turns":3},{"damage":0,"enemies":"Gremlin Leader","floor":27,"turns":2},{"damage":4,"enemies":"Centurion and Healer","floor":28,"turns":2},{"damage":0,"enemies":"Snecko","floor":31,"turns":3},{"damage":12,"enemies":"Automaton","floor":33,"turns":4},{"damage":35,"enemies":"3 Shapes","floor":35,"turns":2},{"damage":12,"enemies":"Orb Walker","floor":37,"turns":2},{"damage":5,"enemies":"Jaw Worm Horde","floor":38,"turns":4},{"damage":0,"enemies":"3 Darklings","floor":42,"turns":1},{"damage":9,"enemies":"Sphere and 2 Shapes","floor":45,"turns":1},{"damage":13,"enemies":"Giant Head","floor":46,"turns":5},{"damage":5,"enemies":"Maw","floor":48,"turns":5},{"damage":78,"enemies":"Donu and Deca","floor":50,"turns":5}],"seed_played":"-5248013741423723196","potions_obtained":[{"floor":7,"key":"Swift Potion"},{"floor":8,"key":"SkillPotion"},{"floor":18,"key":"Ancient Potion"},{"floor":27,"key":"Block Potion"},{"floor":31,"key":"GamblersBrew"},{"floor":35,"key":"Dexterity Potion"},{"floor":45,"key":"Fire Potion"},{"floor":46,"key":"SteroidPotion"}],"is_trial":false,"path_per_floor":["M","$","?","?","$","R","E","M","T","R","M","?","R","M","R","B",null,"M","M","$","?","?","E","M","$","T","E","M","R","T","M","R","B",null,"M","$","M","M","?","R","T","M","T","R","M","E","R","M","R","B",null],"character_chosen":"THE_SILENT","items_purchased":["Impatience","Inflame","War Paint","Pen Nib","Violence","Potion Belt"],"campfire_rested":5,"item_purchase_floors":[2,5,20,25,25,36],"current_hp_per_floor":[58,58,44,44,44,65,42,52,52,77,79,79,79,79,79,82,88,84,84,84,84,84,52,35,35,35,40,36,62,62,62,88,76,88,71,71,73,72,72,92,92,92,92,92,83,88,88,94,94,16],"gold":241,"neow_bonus":"","is_prod":false,"is_daily":true,"chose_seed":false,"campfire_upgraded":5,"win_rate":0,"timestamp":1541726270,"path_taken":["M","$","?","?","$","R","E","M","T","R","M","?","R","?","R","BOSS","M","M","$","?","?","E","M","$","T","E","M","R","?","M","R","BOSS","M","$","M","M","?","R","?","M","T","R","?","E","R","M","R","BOSS"],"build_version":"2018-11-01","purchased_purges":3,"victory":true,"max_hp_per_floor":[70,70,70,70,70,70,80,84,84,84,84,84,84,84,84,88,88,88,88,88,88,88,88,88,88,88,88,88,88,88,88,88,88,88,88,88,88,92,92,92,92,92,92,92,92,99,99,99,99,99],"card_choices":[{"not_picked":["Anger"],"picked":"Shrug It Off","floor":1},{"not_picked":["Wild Strike","Clothesline"],"picked":"SKIP","floor":7},{"not_picked":["Bloodletting","Slice"],"picked":"SKIP","floor":8},{"not_picked":["Flex","Concentrate"],"picked":"SKIP","floor":11},{"not_picked":["Dual Wield"],"picked":"Rupture","floor":14},{"not_picked":["Adrenaline"],"picked":"Demon Form","floor":16}],"player_experience":481033,"relics_obtained":[{"floor":7,"key":"Pear"},{"floor":9,"key":"Mummified Hand"},{"floor":23,"key":"Old Coin"},{"floor":26,"key":"Tiny Chest"},{"floor":27,"key":"Bag of Preparation"},{"floor":30,"key":"Whetstone"},{"floor":41,"key":"Tingsha"},{"floor":43,"key":"Snake Skull"},{"floor":46,"key":"Strawberry"}],"event_choices":[{"damage_healed":0,"gold_gain":0,"player_choice":"Entered Light","damage_taken":14,"max_hp_gain":0,"max_hp_loss":0,"event_name":"Shining Light","floor":3,"gold_loss":0,"cards_upgraded":["Doppelganger","Feed"]},{"damage_healed":0,"gold_gain":175,"player_choice":"AGREE","damage_taken":0,"max_hp_gain":0,"max_hp_loss":0,"event_name":"Liars Game","floor":4,"gold_loss":0,"cards_obtained":["Doubt"]},{"cards_removed":["Juggernaut"],"damage_healed":0,"gold_gain":0,"player_choice":"Gave Card","damage_taken":0,"relics_obtained":["Ninja Scroll"],"max_hp_gain":0,"max_hp_loss":0,"event_name":"WeMeetAgain","floor":12,"gold_loss":0},{"damage_healed":0,"gold_gain":99,"player_choice":"Stole From Cult","damage_taken":0,"max_hp_gain":0,"max_hp_loss":0,"event_name":"Nest","floor":21,"gold_loss":0},{"cards_removed":["Grand Finale"],"damage_healed":0,"gold_gain":0,"player_choice":"Elegance","damage_taken":0,"max_hp_gain":0,"max_hp_loss":0,"event_name":"Back to Basics","floor":22,"gold_loss":0},{"damage_healed":0,"gold_gain":0,"player_choice":"Ignored","damage_taken":0,"max_hp_gain":0,"max_hp_loss":0,"event_name":"Mysterious Sphere","floor":39,"gold_loss":0}],"is_beta":false,"boss_relics":[{"not_picked":["Cursed Key","Orrery"],"picked":"Busted Crown"},{"not_picked":["Lizard Tail","White Beast Statue"],"picked":"Philosopher\u0027s Stone"}],"items_purged_floors":[5,20,25],"is_endless":false,"potions_floor_spawned":[7,8,18,27,31,35,45,46],"ascension_level":0}