{"gold_per_floor":[118,136,152,60,78,78,93,93,116,127,127,127,143,15,15,116,116,131,161,178,178,192,251,269,269],"floor_reached":25,"playtime":1214,"items_purged":["Dualcast"],"score":315,"play_id":"5ee12535-3ce9-454e-b6bd-803c06d0ceeb","local_time":"20181204123112","is_ascension_mode":true,"campfire_choices":[{"data":"Core Surge","floor":6,"key":"SMITH"},{"data":"Go for the Eyes","floor":8,"key":"SMITH"},{"data":"Scrape","floor":11,"key":"SMITH"},{"floor":15,"key":"REST"}],"neow_cost":"CURSE","seed_source_timestamp":314399003169247,"circlet_count":0,"master_deck":["Strike_B","Strike_B","Strike_B","Strike_B","Defend_B","Defend_B","Defend_B","Defend_B","Zap","Core Surge+1","Gash","Gash","Go for the Eyes+1","Gash","Rebound","Scrape+1","Gash","Streamline","Reboot","Gash+1","Stack+1","Hologram+1","Coolheaded+1","Self Repair","Beam Cell+1"],"relics":["PreservedInsect","Philosopher\u0027s Stone","Red Mask","Nloth\u0027s Gift","Tiny Chest"],"potions_floor_usage":[16,16,23,24,25],"damage_taken":[{"damage":1,"enemies":"Cultist","floor":1,"turns":3},{"damage":7,"enemies":"Jaw Worm","floor":2,"turns":2},{"damage":0,"enemies":"Small Slimes","floor":3,"turns":2},{"damage":8,"enemies":"Red Slaver","floor":5,"turns":3},{"damage":13,"enemies":"Large Slime","floor":7,"turns":4},{"damage":12,"enemies":"Exordium Thugs","floor":10,"turns":4},{"damage":11,"enemies":"Looter","floor":13,"turns":2},{"damage":41,"enemies":"The Guardian","floor":16,"turns":7},{"damage":0,"enemies":"Chosen","floor":18,"turns":3},{"damage":33,"enemies":"Masked Bandits","floor":19,"turns":4},{"damage":7,"enemies":"Spheric Guardian","floor":20,"turns":3},{"damage":22,"enemies":"Snecko","floor":22,"turns":4},{"damage":0,"enemies":"Gremlin Leader","floor":23,"turns":5},{"damage":23,"enemies":"Shelled Parasite and Fungi","floor":24,"turns":6},{"damage":26,"enemies":"Book of Stabbing","floor":25,"turns":4}],"seed_played":"-455592031993912804","potions_obtained":[{"floor":2,"key":"Regen Potion"},{"floor":5,"key":"Poison Potion"},{"floor":7,"key":"Energy Potion"},{"floor":10,"key":"EssenceOfSteel"},{"floor":18,"key":"FearPotion"},{"floor":19,"key":"Dexterity Potion"},{"floor":23,"key":"Regen Potion"}],"is_trial":false,"path_per_floor":["M","M","M","$","M","R","M","R","T","M","R","?","M","$","R","B",null,"M","?","M","?","M","E","M","E"],"character_chosen":"DEFECT","items_purchased":["Go for the Eyes","Gash","Streamline"],"campfire_rested":1,"item_purchase_floors":[4,4,14],"current_hp_per_floor":[74,67,67,67,59,59,46,46,46,34,34,34,23,23,45,4,75,75,42,35,35,13,25,24,0],"gold":269,"neow_bonus":"THREE_RARE_CARDS","is_prod":false,"is_daily":false,"chose_seed":false,"campfire_upgraded":3,"win_rate":0,"timestamp":1543944672,"path_taken":["M","M","?","$","M","R","M","R","T","M","R","?","M","$","R","BOSS","M","?","M","?","M","E","?","E"],"build_version":"2018-11-15","purchased_purges":1,"victory":false,"max_hp_per_floor":[75,75,75,75,75,75,75,75,75,75,75,75,75,75,75,75,75,75,75,75,75,75,75,75,75],"card_choices":[{"not_picked":["Thunder Strike","Creative AI"],"picked":"Core Surge","floor":0},{"not_picked":["Turbo","Tempest"],"picked":"Gash","floor":1},{"not_picked":["Auto Shields","Doom and Gloom","Static Discharge"],"picked":"SKIP","floor":2},{"not_picked":["Auto Shields","Steam"],"picked":"Gash","floor":3},{"not_picked":["Go for the Eyes","Cold Snap"],"picked":"Rebound","floor":5},{"not_picked":["Sweeping Beam","Lockon","Loop"],"picked":"SKIP","floor":7},{"not_picked":["Double Energy","Heatsinks"],"picked":"Scrape","floor":10},{"not_picked":["Scrape","Conserve Battery"],"picked":"Gash","floor":13},{"not_picked":["Rainbow","Electrodynamics"],"picked":"Reboot","floor":16},{"not_picked":["Conserve Battery+1","Turbo"],"picked":"Gash+1","floor":18},{"not_picked":["Blizzard","Turbo"],"picked":"Stack+1","floor":19},{"not_picked":["Cold Snap+1","Compile Driver"],"picked":"Hologram+1","floor":20},{"not_picked":["Sweeping Beam+1","Conserve Battery+1"],"picked":"Coolheaded+1","floor":22},{"not_picked":["Echo Form","Gash"],"picked":"Self Repair","floor":23},{"not_picked":["Compile Driver","Barrage+1"],"picked":"Beam Cell+1","floor":24}],"player_experience":271858,"relics_obtained":[{"floor":9,"key":"PreservedInsect"},{"floor":19,"key":"Red Mask"},{"floor":23,"key":"Tiny Chest"}],"event_choices":[{"cards_removed":["Shame"],"damage_healed":0,"gold_gain":0,"player_choice":"Removed Curses","damage_taken":0,"max_hp_gain":0,"max_hp_loss":0,"event_name":"Fountain of Cleansing","floor":12,"gold_loss":0},{"damage_healed":0,"gold_gain":0,"player_choice":"Fought Bandits","damage_taken":0,"max_hp_gain":0,"max_hp_loss":0,"event_name":"Masked Bandits","floor":19,"gold_loss":0},{"damage_healed":0,"gold_gain":0,"player_choice":"Traded Relic","damage_taken":0,"relics_obtained":["Nloth\u0027s Gift"],"max_hp_gain":0,"max_hp_loss":0,"event_name":"N\u0027loth","floor":21,"relics_lost":["Cracked Core"],"gold_loss":0}],"is_beta":false,"boss_relics":[{"not_picked":["Cursed Key","Runic Pyramid"],"picked":"Philosopher\u0027s Stone"}],"items_purged_floors":[14],"is_endless":false,"potions_floor_spawned":[2,5,7,10,13,18,19,23],"killed_by":"Book of Stabbing","ascension_level":4}