{"gold_per_floor":[118,137,237,250,250,250,263,283,283,283,314,314,344,354,354,457,457,473,473,473,72,82,82,100,100,123,137,149,149,198,216,216,311,311,321,1,1,1,1,1,21,21,21,36,36,54,81,81,81,81],"floor_reached":50,"playtime":1809,"items_purged":["Strike_B","Strike_B"],"score":522,"play_id":"a78deb0d-8952-4236-9024-b77fec77c13b","local_time":"20181012154724","is_ascension_mode":false,"campfire_choices":[{"data":"Static Discharge","floor":6,"key":"SMITH"},{"data":"Zap","floor":10,"key":"SMITH"},{"data":"Dualcast","floor":12,"key":"SMITH"},{"floor":15,"key":"REST"},{"data":"Creative AI","floor":23,"key":"SMITH"},{"data":"Defragment","floor":29,"key":"SMITH"},{"floor":32,"key":"REST"},{"floor":40,"key":"REST"},{"floor":42,"key":"REST"},{"floor":45,"key":"REST"},{"floor":49,"key":"REST"}],"neow_cost":"NONE","seed_source_timestamp":143976188886014,"circlet_count":0,"master_deck":["Defend_B","Defend_B","Defend_B","Zap+1","Dualcast+1","Static Discharge+1","Storm","Go for the Eyes","Heatsinks","Ball Lightning","Auto Shields","Stack","Creative AI+1","Barrage+1","Necronomicurse","Heatsinks","Go for the Eyes","Heatsinks","Leap+1","Defragment+1","Loop+1","Electrodynamics","Capacitor","Defragment+1","Recycle","Force Field+1","Core Surge","Echo Form"],"relics":["Cracked Core","Bag of Preparation","Bottled Tornado","WingedGreaves","Odd Mushroom","Sozu","Necronomicon","Symbiotic Virus","Meat on the Bone","Lantern","Anchor","Fusion Hammer","Orichalcum","Bird Faced Urn","PreservedInsect","Letter Opener"],"potions_floor_usage":[50,50],"damage_taken":[{"damage":0,"enemies":"Cultist","floor":1,"turns":3},{"damage":0,"enemies":"Small Slimes","floor":2,"turns":3},{"damage":0,"enemies":"2 Louse","floor":4,"turns":3},{"damage":12,"enemies":"Exordium Thugs","floor":7,"turns":3},{"damage":4,"enemies":"Red Slaver","floor":8,"turns":3},{"damage":16,"enemies":"Lagavulin","floor":11,"turns":5},{"damage":22,"enemies":"The Mushroom Lair","floor":13,"turns":2},{"damage":14,"enemies":"Gremlin Gang","floor":14,"turns":3},{"damage":13,"enemies":"Hexaghost","floor":16,"turns":6},{"damage":5,"enemies":"Shell Parasite","floor":18,"turns":5},{"damage":0,"enemies":"3 Byrds","floor":22,"turns":4},{"damage":7,"enemies":"Shelled Parasite and Fungi","floor":24,"turns":5},{"damage":9,"enemies":"Snecko","floor":27,"turns":4},{"damage":16,"enemies":"Snake Plant","floor":28,"turns":2},{"damage":10,"enemies":"3 Cultists","floor":31,"turns":3},{"damage":13,"enemies":"Champ","floor":33,"turns":6},{"damage":1,"enemies":"3 Shapes","floor":35,"turns":3},{"damage":19,"enemies":"Mind Bloom Boss Battle","floor":37,"turns":3},{"damage":19,"enemies":"3 Darklings","floor":41,"turns":3},{"damage":5,"enemies":"Reptomancer","floor":44,"turns":3},{"damage":6,"enemies":"Maw","floor":46,"turns":4},{"damage":0,"enemies":"Giant Head","floor":47,"turns":5},{"damage":91,"enemies":"Awakened One","floor":50,"turns":9}],"seed_played":"2382148117891045793","potions_obtained":[{"floor":1,"key":"Block Potion"},{"floor":2,"key":"Dexterity Potion"},{"floor":13,"key":"Strength Potion"},{"floor":14,"key":"FearPotion"}],"is_trial":false,"path_per_floor":["M","M","?","M","?","R","M","M","T","R","E","R","?","M","R","B",null,"M","?","T","$","M","R","M","?","T","M","M","R","T","M","R","B",null,"M","$","?","?","?","R","M","R","T","M","R","M","E","?","R"],"character_chosen":"DEFECT","items_purchased":["Heatsinks","Meat on the Bone","Capacitor","Orichalcum"],"campfire_rested":6,"item_purchase_floors":[21,21,36,36],"current_hp_per_floor":[75,75,75,75,75,75,63,59,59,59,43,43,21,7,29,16,75,70,54,54,54,54,54,47,47,47,38,34,34,34,36,58,45,75,74,74,55,55,55,75,62,75,75,74,75,75,75,75,75,0],"gold":81,"neow_bonus":"REMOVE_CARD","is_prod":false,"is_daily":false,"chose_seed":false,"campfire_upgraded":5,"win_rate":0,"timestamp":1539326844,"path_taken":["M","?","?","M","?","R","M","?","T","R","E","R","?","M","R","BOSS","M","?","?","$","?","R","M","?","T","M","M","R","?","M","R","BOSS","M","$","?","?","?","R","?","R","T","M","R","?","E","?","R","BOSS"],"build_version":"2018-10-11","purchased_purges":2,"victory":false,"max_hp_per_floor":[75,75,75,75,75,75,75,75,75,75,75,75,75,75,75,75,75,75,75,75,75,75,75,75,75,75,75,75,75,75,75,75,75,75,75,75,75,75,75,75,75,75,75,75,75,75,75,75,75,75],"card_choices":[{"not_picked":["Hello World","Sweeping Beam"],"picked":"Static Discharge","floor":1},{"not_picked":["Redo","Beam Cell"],"picked":"Storm","floor":2},{"not_picked":["Hologram","Leap"],"picked":"Go for the Eyes","floor":4},{"not_picked":["Leap","Go for the Eyes"],"picked":"Heatsinks","floor":7},{"not_picked":["Leap","Cold Snap"],"picked":"Ball Lightning","floor":8},{"not_picked":["Rebound","Undo","Skim"],"picked":"SKIP","floor":11},{"not_picked":["Barrage","Leap"],"picked":"Auto Shields","floor":13},{"not_picked":["Tempest","Hologram"],"picked":"Stack","floor":14},{"not_picked":["Echo Form","Fission"],"picked":"Creative AI","floor":16},{"not_picked":["Hologram","Coolheaded"],"picked":"Barrage","floor":18},{"not_picked":["Leap+1","Scrape"],"picked":"Go for the Eyes","floor":22},{"not_picked":["Conserve Battery","Consume"],"picked":"Heatsinks","floor":24},{"not_picked":["Streamline","Skim"],"picked":"Leap+1","floor":27},{"not_picked":["Go for the Eyes","Cold Snap+1"],"picked":"Defragment","floor":28},{"not_picked":["Beam Cell","Genetic Algorithm"],"picked":"Loop+1","floor":31},{"not_picked":["Hyperbeam","Core Surge"],"picked":"Electrodynamics","floor":33},{"not_picked":["Streamline+1","Rebound+1","Steam"],"picked":"SKIP","floor":35},{"not_picked":["Reprogram+1","Blizzard"],"picked":"Defragment+1","floor":37},{"not_picked":["Turbo+1","Skim+1","Cold Snap"],"picked":"SKIP","floor":41},{"not_picked":["Gash+1","Streamline"],"picked":"Force Field+1","floor":44},{"not_picked":["Barrage","Beam Cell+1"],"picked":"Core Surge","floor":46},{"not_picked":["Streamline+1","Compile Driver"],"picked":"Echo Form","floor":47}],"player_experience":496737,"relics_obtained":[{"floor":9,"key":"Bottled Tornado"},{"floor":11,"key":"WingedGreaves"},{"floor":13,"key":"Odd Mushroom"},{"floor":19,"key":"Necronomicon"},{"floor":20,"key":"Symbiotic Virus"},{"floor":26,"key":"Lantern"},{"floor":30,"key":"Anchor"},{"floor":37,"key":"Bird Faced Urn"},{"floor":43,"key":"PreservedInsect"},{"floor":47,"key":"Letter Opener"}],"event_choices":[{"event_name":"Golden Shrine","player_choice":"Pray","floor":3,"damage_taken":0},{"event_name":"WeMeetAgain","player_choice":"Potion","floor":5,"damage_taken":0},{"event_name":"Mushrooms","player_choice":"Fought Mushrooms","floor":13,"damage_taken":0},{"event_name":"Cursed Tome","player_choice":"Obtained Book","floor":19,"damage_taken":0},{"event_name":"Purifier","player_choice":"One Purge","floor":25,"damage_taken":0},{"event_name":"MindBloom","player_choice":"Fight","floor":37,"damage_taken":0},{"event_name":"NoteForYourself","player_choice":"Ignored","floor":38,"damage_taken":0},{"event_name":"Transmorgrifier","player_choice":"Transform","floor":39,"damage_taken":0},{"event_name":"Upgrade Shrine","player_choice":"Upgraded","floor":48,"damage_taken":0}],"is_beta":true,"boss_relics":[{"not_picked":["Snecko Eye","Coffee Dripper"],"picked":"Sozu"},{"not_picked":["Eternal Feather","Runic Pyramid"],"picked":"Fusion Hammer"}],"items_purged_floors":[21,36],"is_endless":false,"potions_floor_spawned":[1,2,13,14,18,33,41,47],"killed_by":"Awakened One","ascension_level":0}