{"gold_per_floor":[118,133,40,40,56,56,90,90,90,165,165,165,221,232,232,232],"floor_reached":16,"playtime":721,"items_purged":[],"score":216,"play_id":"768b1db2-b6df-445d-9400-ee567621ab25","local_time":"20190209171108","is_ascension_mode":true,"campfire_choices":[{"data":"Neutralize","floor":6,"key":"SMITH"},{"data":"Footwork","floor":8,"key":"SMITH"},{"floor":11,"key":"REST"},{"floor":15,"key":"REST"}],"neow_cost":"NONE","seed_source_timestamp":130208686386400,"circlet_count":0,"master_deck":["AscendersBane","Defend_G","Defend_G","Defend_G","Defend_G","Defend_G","Strike_G","Strike_G","Strike_G","Strike_G","Strike_G","Survivor","Neutralize+1","Dagger Spray","Expertise","Footwork+1","Deadly Poison","Pain","Underhanded Strike","Corpse Explosion","PiercingWail+1","Dagger Throw"],"relics":["Runic Dome","WarpedTongs","Singing Bowl","Toxic Egg 2","Tiny Chest"],"potions_floor_usage":[2,14,16],"damage_taken":[{"damage":0,"enemies":"2 Louse","floor":1,"turns":3},{"damage":0,"enemies":"Cultist","floor":2,"turns":3},{"damage":6,"enemies":"Small Slimes","floor":5,"turns":4},{"damage":12,"enemies":"Lagavulin","floor":7,"turns":9},{"damage":41,"enemies":"Gremlin Nob","floor":13,"turns":4},{"damage":5,"enemies":"3 Louse","floor":14,"turns":4},{"damage":25,"enemies":"Hexaghost","floor":16,"turns":9}],"seed_played":"578777665835114985","potions_obtained":[{"floor":1,"key":"AttackPotion"},{"floor":7,"key":"SpeedPotion"},{"floor":13,"key":"FearPotion"}],"is_trial":false,"path_per_floor":["M","M","$","?","M","R","E","R","T","?","R","?","E","M","R","B"],"character_chosen":"THE_SILENT","items_purchased":["Footwork","Deadly Poison"],"campfire_rested":2,"item_purchase_floors":[3,3],"current_hp_per_floor":[59,59,59,59,53,53,41,41,41,30,49,49,8,3,22,0],"gold":232,"neow_bonus":"BOSS_RELIC","is_prod":false,"is_daily":false,"chose_seed":false,"campfire_upgraded":2,"win_rate":0,"timestamp":1549750268,"path_taken":["M","M","$","?","?","R","E","R","T","?","R","?","E","M","R","BOSS"],"build_version":"2019-01-23","purchased_purges":0,"victory":false,"max_hp_per_floor":[66,66,66,66,66,66,66,66,66,66,66,66,66,66,66,66],"card_choices":[{"not_picked":["Masterful Stab","All Out Attack"],"picked":"Dagger Spray","floor":1},{"not_picked":["Blade Dance","Flying Knee"],"picked":"Expertise","floor":2},{"not_picked":["Bane","Dagger Spray"],"picked":"Underhanded Strike","floor":5},{"not_picked":["Deflect","Caltrops"],"picked":"Corpse Explosion","floor":7},{"not_picked":["Infinite Blades","Sucker Punch"],"picked":"PiercingWail+1","floor":13},{"not_picked":["Setup+1","Slice"],"picked":"Dagger Throw","floor":14}],"player_experience":2053914,"relics_obtained":[{"floor":7,"key":"Singing Bowl"},{"floor":9,"key":"Toxic Egg 2"},{"floor":13,"key":"Tiny Chest"}],"event_choices":[{"damage_healed":0,"gold_gain":0,"player_choice":"Rummage","damage_taken":0,"relics_obtained":["WarpedTongs"],"max_hp_gain":0,"max_hp_loss":0,"event_name":"Accursed Blacksmith","floor":4,"gold_loss":0,"cards_obtained":["Pain"]},{"damage_healed":0,"gold_gain":75,"player_choice":"Gather Gold","damage_taken":11,"max_hp_gain":0,"max_hp_loss":0,"event_name":"World of Goop","floor":10,"gold_loss":0},{"damage_healed":0,"gold_gain":0,"player_choice":"0 cards matched","damage_taken":0,"max_hp_gain":0,"max_hp_loss":0,"event_name":"Match and Keep!","floor":12,"gold_loss":0,"cards_obtained":[]}],"is_beta":true,"boss_relics":[],"items_purged_floors":[],"is_endless":false,"potions_floor_spawned":[1,7,13],"killed_by":"Hexaghost","ascension_level":20}