{"gold_per_floor":[115,115,128,146,71,71,91,102,125,141,154,165,165,115,115,211,211,211,211,211,15,0,0,0,0,0,0,0,0,0,0,0,0,0,0,0,0,0,0,0,0,0,0,0,0,0,0,0,0,0],"floor_reached":50,"playtime":1640,"items_purged":["Strike_R"],"score":955,"play_id":"34e594db-6036-4b1b-9288-5ae2ca061f4f","local_time":"20190208145301","is_ascension_mode":true,"campfire_choices":[{"data":"Bash","floor":6,"key":"SMITH"},{"floor":13,"key":"REST"},{"data":"Bludgeon","floor":15,"key":"SMITH"},{"data":"Immolate","floor":23,"key":"SMITH"},{"data":"Heavy Blade","floor":25,"key":"SMITH"},{"data":"Spot Weakness","floor":27,"key":"SMITH"},{"floor":32,"key":"REST"},{"data":"True Grit","floor":40,"key":"SMITH"},{"data":"Bludgeon","floor":42,"key":"SMITH"},{"floor":49,"key":"RECALL"}],"neow_cost":"PERCENT_DAMAGE","seed_source_timestamp":13133911043275,"circlet_count":0,"master_deck":["AscendersBane","Strike_R","Strike_R","Strike_R","Defend_R","Defend_R","Defend_R","Bash+1","Feed","Sword Boomerang","Spot Weakness+1","Bludgeon+1","Pommel Strike","True Grit+1","Headbutt","Immolate+1","Necronomicurse","Heavy Blade+1","Flex","Metallicize","Bludgeon+1","Havoc+1","Havoc+1","Demon Form"],"relics":["Burning Blood","Bronze Scales","Ectoplasm","Necronomicon","Lee\u0027s Waffle","Dream Catcher","Matryoshka","Happy Flower","Runic Pyramid","FaceOfCleric","Bottled Flame","Bag of Marbles","Letter Opener","Toxic Egg 2"],"potions_floor_usage":[16,24,33,38,41,48,50],"damage_taken":[{"damage":16,"enemies":"Jaw Worm","floor":1,"turns":6},{"damage":6,"enemies":"Cultist","floor":3,"turns":3},{"damage":8,"enemies":"Small Slimes","floor":4,"turns":2},{"damage":21,"enemies":"Exordium Thugs","floor":7,"turns":4},{"damage":11,"enemies":"Blue Slaver","floor":8,"turns":3},{"damage":6,"enemies":"Looter","floor":10,"turns":3},{"damage":11,"enemies":"Red Slaver","floor":11,"turns":4},{"damage":16,"enemies":"Lots of Slimes","floor":12,"turns":4},{"damage":15,"enemies":"Slime Boss","floor":16,"turns":9},{"damage":6,"enemies":"Spheric Guardian","floor":18,"turns":3},{"damage":11,"enemies":"2 Thieves","floor":22,"turns":1},{"damage":33,"enemies":"Slavers","floor":24,"turns":3},{"damage":0,"enemies":"Snake Plant","floor":29,"turns":2},{"damage":0,"enemies":"Gremlin Leader","floor":30,"turns":4},{"damage":21,"enemies":"Centurion and Healer","floor":31,"turns":4},{"damage":49,"enemies":"Champ","floor":33,"turns":5},{"damage":2,"enemies":"3 Darklings","floor":35,"turns":4},{"damage":12,"enemies":"3 Shapes","floor":37,"turns":2},{"damage":22,"enemies":"3 Darklings","floor":38,"turns":3},{"damage":22,"enemies":"Spire Growth","floor":39,"turns":3},{"damage":7,"enemies":"Nemesis","floor":41,"turns":3},{"damage":0,"enemies":"Sphere and 2 Shapes","floor":45,"turns":2},{"damage":0,"enemies":"Reptomancer","floor":48,"turns":2},{"damage":90,"enemies":"Awakened One","floor":50,"turns":7}],"seed_played":"-2100677431550997800","potions_obtained":[{"floor":3,"key":"Weak Potion"},{"floor":4,"key":"GamblersBrew"},{"floor":24,"key":"BloodPotion"},{"floor":29,"key":"Explosive Potion"},{"floor":37,"key":"Strength Potion"},{"floor":39,"key":"Energy Potion"},{"floor":41,"key":"Energy Potion"}],"is_trial":false,"path_per_floor":["M","?","M","M","$","R","M","M","T","M","M","M","R","?","R","B",null,"M","?","?","$","M","R","E","R","T","R","?","M","E","M","R","B",null,"M","?","M","M","M","R","E","R","T","$","M","?","T","E","R","B"],"character_chosen":"IRONCLAD","items_purchased":["Lee\u0027s Waffle"],"campfire_rested":2,"item_purchase_floors":[21],"current_hp_per_floor":[44,44,44,42,42,42,30,25,25,25,23,16,43,43,43,37,81,81,65,65,102,97,97,70,70,70,70,49,55,61,49,82,50,95,99,99,94,82,70,70,70,70,70,70,77,77,77,84,84,0],"gold":0,"neow_bonus":"THREE_RARE_CARDS","is_prod":false,"is_daily":false,"chose_seed":false,"campfire_upgraded":7,"win_rate":0,"timestamp":1549655581,"path_taken":["M","?","M","M","$","R","?","M","T","M","M","M","R","?","R","BOSS","M","?","?","$","M","R","E","R","T","R","?","M","E","M","R","BOSS","M","?","?","M","M","R","E","R","T","?","?","?","?","E","R","BOSS"],"build_version":"2019-01-23","purchased_purges":1,"victory":false,"max_hp_per_floor":[83,83,83,83,83,83,86,86,86,86,89,92,92,92,92,95,95,95,95,95,102,102,102,102,102,102,102,107,107,107,110,110,110,110,110,110,111,115,119,119,120,120,120,120,121,121,121,122,122,122],"card_choices":[{"not_picked":["Reaper","Dark Embrace"],"picked":"Feed","floor":0},{"not_picked":["Cleave","Reckless Charge"],"picked":"Sword Boomerang","floor":1},{"not_picked":["Iron Wave","Body Slam"],"picked":"Spot Weakness","floor":3},{"not_picked":["Rage","Feel No Pain"],"picked":"Bludgeon","floor":4},{"not_picked":["Anger","Sword Boomerang"],"picked":"Pommel Strike","floor":7},{"not_picked":["Headbutt","Clothesline"],"picked":"True Grit","floor":8},{"not_picked":["Wild Strike","Clash"],"picked":"Headbutt","floor":10},{"not_picked":["Anger","Sword Boomerang","Clash"],"picked":"SKIP","floor":11},{"not_picked":["Body Slam","Fiend Fire","Infernal Blade"],"picked":"SKIP","floor":12},{"not_picked":["Bludgeon","Exhume"],"picked":"Immolate","floor":16},{"not_picked":["Cleave+1","Thunderclap","Havoc"],"picked":"SKIP","floor":18},{"not_picked":["Headbutt","Sword Boomerang","Havoc"],"picked":"SKIP","floor":22},{"not_picked":["Twin Strike","Clash"],"picked":"Heavy Blade","floor":24},{"not_picked":["Wild Strike+1","Hemokinesis","Dual Wield+1"],"picked":"SKIP","floor":29},{"not_picked":["Clash","Perfected Strike"],"picked":"Flex","floor":30},{"not_picked":["Perfected Strike","Pommel Strike+1","Impervious"],"picked":"SKIP","floor":31},{"not_picked":["True Grit","Body Slam"],"picked":"Metallicize","floor":32},{"not_picked":["Exhume","Barricade"],"picked":"Bludgeon","floor":33},{"not_picked":["Pommel Strike","Rage"],"picked":"Havoc+1","floor":35},{"not_picked":["Dropkick+1","Intimidate","Wild Strike+1"],"picked":"SKIP","floor":37},{"not_picked":["Iron Wave","True Grit"],"picked":"Havoc+1","floor":38},{"not_picked":["Twin Strike","Sentinel","Warcry+1"],"picked":"SKIP","floor":39},{"not_picked":["Bloodletting+1","Flame Barrier+1"],"picked":"Demon Form","floor":41},{"not_picked":["Havoc","Sentinel","Warcry+1"],"picked":"SKIP","floor":45},{"not_picked":["Pommel Strike","Perfected Strike","Exhume"],"picked":"SKIP","floor":48}],"player_experience":479104,"relics_obtained":[{"floor":9,"key":"Bronze Scales"},{"floor":19,"key":"Necronomicon"},{"floor":24,"key":"Dream Catcher"},{"floor":26,"key":"Matryoshka"},{"floor":30,"key":"Happy Flower"},{"floor":41,"key":"Bottled Flame"},{"floor":43,"key":"Bag of Marbles"},{"floor":47,"key":"Letter Opener"},{"floor":48,"key":"Toxic Egg 2"}],"event_choices":[{"damage_healed":0,"gold_gain":0,"player_choice":"Bought 0 Potions","damage_taken":0,"max_hp_gain":0,"max_hp_loss":0,"event_name":"The Woman in Blue","floor":2,"gold_loss":0},{"cards_removed":["Strike_R"],"damage_healed":0,"gold_gain":0,"player_choice":"Card Removal","damage_taken":0,"max_hp_gain":0,"max_hp_loss":0,"event_name":"The Cleric","floor":14,"gold_loss":50},{"damage_healed":0,"gold_gain":0,"player_choice":"Obtained Book","damage_taken":16,"max_hp_gain":0,"max_hp_loss":0,"event_name":"Cursed Tome","floor":19,"gold_loss":0},{"damage_healed":0,"gold_gain":99,"player_choice":"Stole From Cult","damage_taken":0,"max_hp_gain":0,"max_hp_loss":0,"event_name":"Nest","floor":20,"gold_loss":0},{"damage_healed":0,"gold_gain":0,"player_choice":"Shed Blood","damage_taken":26,"max_hp_gain":5,"max_hp_loss":0,"event_name":"Forgotten Altar","floor":28,"gold_loss":0},{"damage_healed":0,"gold_gain":0,"player_choice":"Trade","damage_taken":0,"relics_obtained":["FaceOfCleric"],"max_hp_gain":0,"max_hp_loss":0,"event_name":"FaceTrader","floor":36,"gold_loss":0},{"cards_removed":["Defend_R"],"damage_healed":0,"gold_gain":0,"player_choice":"Removed Skill","damage_taken":0,"max_hp_gain":0,"max_hp_loss":0,"event_name":"Falling","floor":46,"gold_loss":0}],"is_beta":false,"boss_relics":[{"not_picked":["Black Blood","Calling Bell"],"picked":"Ectoplasm"},{"not_picked":["Orrery","Runic Dome"],"picked":"Runic Pyramid"}],"items_purged_floors":[5],"is_endless":false,"potions_floor_spawned":[3,4,7,8,24,29,31,37,39,41,45],"killed_by":"Awakened One","ascension_level":11}