{"gold_per_floor":[116,128,128,128,157,203,215,227,239,251,335,297,309,334,346,462,474,497,519,531,554,319,319,350,364,387,387,387],"floor_reached":28,"playtime":688,"items_purged":["Strike_B"],"score":378,"play_id":"f5d0c22e-ca6f-4e89-9315-ea7d83fa91c3","local_time":"20181228172436","is_ascension_mode":true,"campfire_choices":[{"floor":7,"key":"REST"},{"data":"Hyperbeam","floor":10,"key":"SMITH"},{"data":"Madness","floor":13,"key":"SMITH"},{"data":"Thunder Strike","floor":15,"key":"SMITH"},{"floor":23,"key":"REST"},{"data":"Electrodynamics","floor":27,"key":"SMITH"}],"neow_cost":"NONE","seed_source_timestamp":0,"circlet_count":0,"master_deck":["AscendersBane","Strike_B","Defend_B","Defend_B+1","Defend_B","Defend_B","Zap+1","Dualcast","Madness+1","Ball Lightning","Undo","Ball Lightning","Gash","Hyperbeam+1","Thunder Strike+1","Electrodynamics+1","Loop","Recycle","Necronomicurse","Conserve Battery","Leap","Auto Shields","Hologram","Shame"],"special_seed":0,"relics":["Cracked Core","MawBank","Juzu Bracelet","Cables","Cursed Key","Necronomicon","PreservedInsect","Blue Candle","Anchor"],"potions_floor_usage":[16,24,28],"damage_taken":[{"damage":14,"enemies":"Jaw Worm","floor":1,"turns":3},{"damage":9,"enemies":"Small Slimes","floor":2,"turns":3},{"damage":0,"enemies":"Cultist","floor":5,"turns":3},{"damage":15,"enemies":"Gremlin Nob","floor":6,"turns":4},{"damage":0,"enemies":"Looter","floor":14,"turns":2},{"damage":32,"enemies":"Hexaghost","floor":16,"turns":7},{"damage":0,"enemies":"Chosen","floor":18,"turns":4},{"damage":17,"enemies":"Shell Parasite","floor":19,"turns":5},{"damage":12,"enemies":"Snake Plant","floor":21,"turns":4},{"damage":14,"enemies":"Slavers","floor":24,"turns":2},{"damage":0,"enemies":"Cultist and Chosen","floor":25,"turns":3},{"damage":21,"enemies":"Masked Bandits","floor":28,"turns":2}],"seed_played":"-1762698467071846555","potions_obtained":[{"floor":2,"key":"SteroidPotion"},{"floor":14,"key":"SpeedPotion"},{"floor":19,"key":"Fire Potion"}],"is_trial":false,"path_per_floor":["M","M","?","T","M","E","R","?","T","R","?","?","R","M","R","B",null,"M","M","?","M","$","R","E","M","T","R","?"],"character_chosen":"DEFECT","items_purchased":["PreservedInsect","Leap"],"campfire_rested":2,"item_purchase_floors":[22,22],"current_hp_per_floor":[54,45,30,30,30,15,37,37,37,37,37,37,37,37,37,5,58,58,41,25,13,13,35,21,21,21,21,0],"gold":387,"neow_bonus":"RANDOM_COLORLESS","is_prod":false,"is_daily":false,"chose_seed":false,"campfire_upgraded":4,"win_rate":0,"timestamp":1546035876,"path_taken":["M","M","?","?","M","E","R","?","T","R","?","?","R","M","R","BOSS","M","M","?","M","$","R","E","M","T","R","?"],"build_version":"2018-12-20","purchased_purges":1,"victory":false,"max_hp_per_floor":[75,75,75,75,75,75,75,75,75,75,75,75,75,75,75,75,75,75,75,75,75,75,75,75,75,75,75,75],"card_choices":[{"not_picked":["Auto Shields","Streamline"],"picked":"Ball Lightning","floor":1},{"not_picked":["Leap","Skim"],"picked":"Undo","floor":2},{"not_picked":["Force Field","Streamline"],"picked":"Ball Lightning","floor":5},{"not_picked":["Sweeping Beam","Reinforced Body"],"picked":"Gash","floor":6},{"not_picked":["Reprogram","Ball Lightning"],"picked":"Thunder Strike","floor":14},{"not_picked":["Seek","Reboot"],"picked":"Electrodynamics","floor":16},{"not_picked":["Tempest+1","Force Field"],"picked":"Loop","floor":18},{"not_picked":["Streamline","Loop"],"picked":"Recycle","floor":19},{"not_picked":["Steam","Rebound"],"picked":"Conserve Battery","floor":21},{"not_picked":["Go for the Eyes","Tempest"],"picked":"Auto Shields","floor":24},{"not_picked":["Ball Lightning","Stack"],"picked":"Hologram","floor":25}],"player_experience":418095,"relics_obtained":[{"floor":4,"key":"MawBank"},{"floor":6,"key":"Juzu Bracelet"},{"floor":9,"key":"Cables"},{"floor":20,"key":"Necronomicon"},{"floor":24,"key":"Blue Candle"},{"floor":26,"key":"Anchor"}],"event_choices":[{"damage_healed":0,"gold_gain":0,"player_choice":"Entered Light","damage_taken":15,"max_hp_gain":0,"max_hp_loss":0,"event_name":"Shining Light","floor":3,"gold_loss":0,"cards_upgraded":["Defend_B","Zap"]},{"damage_healed":0,"gold_gain":0,"cards_transformed":["Strike_B"],"player_choice":"Transformed","damage_taken":0,"max_hp_gain":0,"max_hp_loss":0,"event_name":"Transmorgrifier","floor":8,"gold_loss":0,"cards_obtained":["Hyperbeam"]},{"damage_healed":0,"gold_gain":72,"player_choice":"Gained Gold","damage_taken":0,"max_hp_gain":0,"max_hp_loss":0,"event_name":"Golden Wing","floor":11,"gold_loss":0},{"cards_removed":["Strike_B"],"damage_healed":0,"gold_gain":0,"player_choice":"Card Removal","damage_taken":0,"max_hp_gain":0,"max_hp_loss":0,"event_name":"The Cleric","floor":12,"gold_loss":50},{"damage_healed":0,"gold_gain":0,"player_choice":"Obtained Book","damage_taken":16,"max_hp_gain":0,"max_hp_loss":0,"event_name":"Cursed Tome","floor":20,"gold_loss":0},{"damage_healed":0,"gold_gain":0,"player_choice":"Fought Bandits","damage_taken":0,"max_hp_gain":0,"max_hp_loss":0,"event_name":"Masked Bandits","floor":28,"gold_loss":0}],"is_beta":false,"boss_relics":[{"not_picked":["Eternal Feather","FrozenCore"],"picked":"Cursed Key"}],"items_purged_floors":[22],"is_endless":false,"potions_floor_spawned":[2,14,19,21],"killed_by":"Masked Bandits","ascension_level":12}