{"gold_per_floor":[19,36,50,225,225,251,251,251,251,251,271,271,283,296,296,296],"floor_reached":16,"playtime":456,"items_purged":[],"score":133,"play_id":"4783517a-9bbe-42d2-99c2-a83d7b236bd1","local_time":"20180919150921","is_ascension_mode":true,"campfire_choices":[{"data":"Zap","floor":7,"key":"SMITH"},{"data":"Dualcast","floor":10,"key":"SMITH"},{"data":"Go for the Eyes","floor":12,"key":"SMITH"},{"data":"Buffer","floor":15,"key":"SMITH"}],"neow_cost":"NO_GOLD","seed_source_timestamp":49392974356683,"circlet_count":0,"master_deck":["Strike_B","Strike_B","Strike_B","Strike_B","Defend_B","Defend_B","Defend_B","Defend_B","Zap+1","Dualcast+1","Electrodynamics","Storm","Melter","Barrage","Doubt","Go for the Eyes+1","Beam Cell","Consume","Buffer+1"],"relics":["Cracked Core","Letter Opener","Bottled Flame","Centennial Puzzle"],"potions_floor_usage":[],"damage_taken":[{"damage":6,"enemies":"Cultist","floor":1,"turns":4},{"damage":4,"enemies":"2 Louse","floor":2,"turns":2},{"damage":1,"enemies":"Small Slimes","floor":3,"turns":2},{"damage":25,"enemies":"Lagavulin","floor":6,"turns":5},{"damage":9,"enemies":"2 Fungi Beasts","floor":11,"turns":3},{"damage":6,"enemies":"Looter","floor":13,"turns":2},{"damage":0,"enemies":"3 Louse","floor":14,"turns":2},{"damage":18,"enemies":"Hexaghost","floor":16,"turns":7}],"seed_played":"-4983294745499558716","potions_obtained":[{"floor":2,"key":"Weak Potion"},{"floor":3,"key":"LiquidBronze"},{"floor":11,"key":"Ancient Potion"}],"is_trial":false,"path_per_floor":["M","M","M","?","?","E","R","?","T","R","M","R","M","M","R"],"character_chosen":"DEFECT","items_purchased":[],"campfire_rested":0,"item_purchase_floors":[],"current_hp_per_floor":[62,58,57,57,57,32,32,32,32,32,23,23,17,17,17,0],"gold":296,"neow_bonus":"THREE_RARE_CARDS","is_prod":false,"is_daily":false,"chose_seed":false,"campfire_upgraded":4,"win_rate":0,"timestamp":1537337361,"path_taken":["M","?","M","?","?","E","R","?","T","R","?","R","M","M","R","BOSS"],"build_version":"2018-09-18v2","purchased_purges":0,"victory":false,"max_hp_per_floor":[75,75,75,75,75,75,75,75,75,75,75,75,75,75,75,75],"card_choices":[{"not_picked":["Biased Cognition","Fission"],"picked":"Electrodynamics","floor":0},{"not_picked":["Redo","Darkness"],"picked":"Storm","floor":1},{"not_picked":["Sweeping Beam","Compile Driver"],"picked":"Melter","floor":2},{"not_picked":["Sunder","Streamline"],"picked":"Barrage","floor":3},{"not_picked":["Coolheaded","Gash"],"picked":"Go for the Eyes","floor":6},{"not_picked":["Leap","Rip and Tear"],"picked":"Beam Cell","floor":11},{"not_picked":["Doom and Gloom","Reinforced Body"],"picked":"Consume","floor":13},{"not_picked":["Go for the Eyes","Sweeping Beam"],"picked":"Buffer","floor":14}],"player_experience":435815,"relics_obtained":[{"floor":6,"key":"Bottled Flame"},{"floor":9,"key":"Centennial Puzzle"}],"event_choices":[{"event_name":"Liars Game","player_choice":"agreed","floor":4,"damage_taken":0},{"event_name":"Big Fish","player_choice":"Box","floor":5,"damage_taken":0},{"event_name":"Purifier","player_choice":"One Purge","floor":8,"damage_taken":0}],"is_beta":true,"boss_relics":[],"items_purged_floors":[],"is_endless":false,"potions_floor_spawned":[2,3,11],"killed_by":"Hexaghost","ascension_level":6}