{"gold_per_floor":[115,128,128,128,53,53,65,77,77,96,109,109,144,156,156,227,227,227,227,227,18,18,18,18,18,18,18,18,18,18,18,18,18,18,18,18,18,18,18,18,18,18,18,18,18,18],"floor_reached":46,"playtime":2409,"items_purged":[],"score":929,"play_id":"ab7e13a2-0602-4544-a158-3902f1b8615f","local_time":"20190204002156","is_ascension_mode":true,"campfire_choices":[{"data":"Neutralize","floor":6.0,"key":"SMITH"},{"data":"Skewer","floor":12.0,"key":"SMITH"},{"floor":15.0,"key":"REST"},{"floor":23.0,"key":"REST"},{"data":"Caltrops","floor":25.0,"key":"SMITH"},{"data":"Well Laid Plans","floor":27.0,"key":"SMITH"},{"floor":32.0,"key":"REST"},{"data":"Noxious Fumes","floor":40.0,"key":"SMITH"},{"data":"Footwork","floor":42.0,"key":"SMITH"}],"neow_cost":"NONE","seed_source_timestamp":0,"circlet_count":0,"master_deck":["AscendersBane","Defend_G+1","Defend_G+1","Defend_G+1","Defend_G+1","Defend_G+1","Strike_G+1","Strike_G+1","Strike_G+1","Strike_G+1","Survivor","Neutralize+1","Leg Sweep","Skewer+1","Quick Slash","Skewer+1","Well Laid Plans+1","Cloak And Dagger","Calculated Gamble","Backflip","Die Die Die","Acrobatics","Caltrops+1","Noxious Fumes+1","Bouncing Flask","Blur+1","Doppelganger","Footwork+1","The Bomb","Dark Shackles","Bouncing Flask","Acrobatics+1"],"special_seed":0,"relics":["Cursed Key","Snake Skull","Ectoplasm","PreservedInsect","Tiny House","Happy Flower"],"potions_floor_usage":[44],"damage_taken":[{"damage":1.0,"enemies":"Small Slimes","floor":1.0,"turns":5.0},{"damage":4.0,"enemies":"Jaw Worm","floor":2.0,"turns":5.0},{"damage":5.0,"enemies":"2 Louse","floor":7.0,"turns":3.0},{"damage":5.0,"enemies":"Exordium Wildlife","floor":8.0,"turns":3.0},{"damage":9.0,"enemies":"2 Fungi Beasts","floor":10.0,"turns":2.0},{"damage":0.0,"enemies":"Blue Slaver","floor":11.0,"turns":2.0},{"damage":9.0,"enemies":"Lagavulin","floor":13.0,"turns":6.0},{"damage":7.0,"enemies":"Exordium Wildlife","floor":14.0,"turns":4.0},{"damage":32.0,"enemies":"Hexaghost","floor":16.0,"turns":12.0},{"damage":9.0,"enemies":"Spheric Guardian","floor":18.0,"turns":4.0},{"damage":17.0,"enemies":"Chosen","floor":22.0,"turns":4.0},{"damage":18.0,"enemies":"Snecko","floor":29.0,"turns":5.0},{"damage":16.0,"enemies":"Shelled Parasite and Fungi","floor":30.0,"turns":3.0},{"damage":10.0,"enemies":"Centurion and Healer","floor":31.0,"turns":6.0},{"damage":10.0,"enemies":"Automaton","floor":33.0,"turns":11.0},{"damage":1.0,"enemies":"Orb Walker","floor":35.0,"turns":4.0},{"damage":4.0,"enemies":"3 Shapes","floor":38.0,"turns":4.0},{"damage":20.0,"enemies":"Writhing Mass","floor":41.0,"turns":7.0},{"damage":50,"enemies":"Giant Head","floor":44,"turns":11},{"damage":4,"enemies":"Maw","floor":45,"turns":8},{"damage":15,"enemies":"Transient","floor":46,"turns":3}],"seed_played":"-2760934346690849977","potions_obtained":[{"floor":1.0,"key":"Swift Potion"},{"floor":7.0,"key":"SpeedPotion"},{"floor":22.0,"key":"Dexterity Potion"},{"floor":31.0,"key":"GhostInAJar"},{"floor":34.0,"key":"SpeedPotion"},{"floor":44,"key":"Ancient Potion"}],"is_trial":false,"path_per_floor":["M","M","?","?","?","R","M","M","T","M","M","R","E","M","R","B",null,"M","?","?","$","M","R","$","R","T","R","$","M","M","M","R","B",null,"M","?","?","M","$","R","M","R","T","E","M","M"],"character_chosen":"THE_SILENT","items_purchased":["PreservedInsect","Caltrops"],"campfire_rested":3,"item_purchase_floors":[21,21],"current_hp_per_floor":[58,54,59,59,59,59,54,49,49,40,40,40,31,24,45,13,57,48,48,48,48,31,52,52,52,52,52,52,34,18,8,29,19,63,62,52,86,82,82,82,62,62,62,12,8,0],"gold":18,"neow_bonus":"BOSS_RELIC","is_prod":false,"is_daily":false,"chose_seed":false,"campfire_upgraded":6,"win_rate":0,"timestamp":1549257716,"path_taken":["M","M","?","?","?","R","?","M","T","M","M","R","E","M","R","BOSS","M","?","?","$","M","R","?","R","T","R","?","M","M","?","R","BOSS","M","?","?","M","$","R","M","R","T","E","?","M"],"build_version":"2019-01-23","purchased_purges":0,"victory":false,"max_hp_per_floor":[66,66,71,71,71,71,71,71,71,71,71,71,71,71,71,71,71,71,71,71,71,71,71,71,71,71,71,71,71,71,71,71,71,76,76,76,86,86,86,86,86,86,86,86,86,86],"card_choices":[{"not_picked":["Concentrate","Flying Knee"],"picked":"Leg Sweep","floor":1.0},{"not_picked":["Poisoned Stab","Escape Plan"],"picked":"Skewer","floor":2.0},{"not_picked":["Outmaneuver","Calculated Gamble"],"picked":"Quick Slash","floor":7.0},{"not_picked":["Masterful Stab","Dagger Throw"],"picked":"Skewer","floor":8.0},{"not_picked":["Cloak And Dagger","All Out Attack"],"picked":"Well Laid Plans","floor":10.0},{"not_picked":["Endless Agony","Finisher"],"picked":"Cloak And Dagger","floor":11.0},{"not_picked":["Riddle With Holes","Outmaneuver"],"picked":"Calculated Gamble","floor":13.0},{"not_picked":["Dagger Spray","Acrobatics"],"picked":"Backflip","floor":14.0},{"not_picked":["Venomology","Night Terror"],"picked":"Die Die Die","floor":16.0},{"not_picked":["Tactician","Deflect"],"picked":"Acrobatics","floor":18.0},{"not_picked":["Outmaneuver","Infinite Blades","Sucker Punch"],"picked":"SKIP","floor":22.0},{"not_picked":["Calculated Gamble","Backflip+1"],"picked":"Noxious Fumes","floor":29.0},{"not_picked":["Cloak And Dagger","Dagger Spray"],"picked":"Bouncing Flask","floor":30.0},{"not_picked":["Endless Agony","Deflect"],"picked":"Blur","floor":31.0},{"not_picked":["Die Die Die","Grand Finale"],"picked":"Doppelganger","floor":33.0},{"not_picked":["Bane","Reflex"],"picked":"Footwork","floor":34.0},{"not_picked":["Sucker Punch","Blade Dance","Dagger Spray"],"picked":"SKIP","floor":35.0},{"not_picked":["Purity","Panache"],"picked":"Violence","floor":36.0},{"not_picked":["Forethought","PanicButton"],"picked":"The Bomb","floor":36.0},{"not_picked":["Purity","Magnetism"],"picked":"Dark Shackles","floor":36.0},{"not_picked":["Outmaneuver","Sucker Punch+1","Bane"],"picked":"SKIP","floor":38.0},{"not_picked":["Blade Dance","Setup"],"picked":"Bouncing Flask","floor":41.0},{"not_picked":["Bouncing Flask","Concentrate","Deadly Poison+1"],"picked":"SKIP","floor":44},{"not_picked":["Quick Slash","Dagger Spray"],"picked":"Acrobatics+1","floor":45}],"player_experience":2008564,"relics_obtained":[{"floor":13.0,"key":"Snake Skull"},{"floor":44,"key":"Happy Flower"}],"event_choices":[{"damage_healed":0.0,"max_hp_gain":5.0,"max_hp_loss":0.0,"gold_gain":0.0,"event_name":"Big Fish","player_choice":"Donut","floor":3.0,"gold_loss":0.0,"damage_taken":0.0},{"damage_healed":0.0,"max_hp_gain":0.0,"max_hp_loss":0.0,"gold_gain":0.0,"event_name":"Living Wall","player_choice":"Grow","floor":4.0,"gold_loss":0.0,"damage_taken":0.0,"cards_upgraded":["Skewer"]},{"cards_removed":["Strike_G"],"damage_healed":0.0,"max_hp_gain":0.0,"max_hp_loss":0.0,"gold_gain":0.0,"event_name":"The Cleric","player_choice":"Card Removal","floor":5.0,"gold_loss":75.0,"damage_taken":0.0},{"damage_healed":0.0,"max_hp_gain":0.0,"max_hp_loss":0.0,"gold_gain":0.0,"event_name":"Beggar","player_choice":"Ignored","floor":19.0,"gold_loss":0.0,"damage_taken":0.0},{"damage_healed":0.0,"max_hp_gain":0.0,"max_hp_loss":0.0,"gold_gain":0.0,"event_name":"Back to Basics","player_choice":"Simplicity","floor":20.0,"gold_loss":0.0,"damage_taken":0.0,"cards_upgraded":["Defend_G","Defend_G","Defend_G","Defend_G","Defend_G","Strike_G","Strike_G","Strike_G","Strike_G"]},{"damage_healed":0.0,"max_hp_gain":0.0,"max_hp_loss":0.0,"gold_gain":0.0,"event_name":"SensoryStone","player_choice":"Memory 3","floor":36.0,"gold_loss":0.0,"damage_taken":10.0},{"cards_removed":["Violence"],"damage_healed":24.0,"max_hp_gain":10.0,"max_hp_loss":0.0,"gold_gain":0.0,"event_name":"Bonfire Elementals","player_choice":"Offered Rare","floor":37.0,"gold_loss":0.0,"damage_taken":0.0}],"is_beta":true,"boss_relics":[{"not_picked":["Coffee Dripper","Busted Crown"],"picked":"Ectoplasm"},{"not_picked":["HoveringKite","WristBlade"],"picked":"Tiny House"}],"items_purged_floors":[],"is_endless":false,"potions_floor_spawned":[1,7,11,14,22,31,35,44],"killed_by":"Transient","ascension_level":20}