{"gold_per_floor":[217,217,217,232,251,283,283,314,384,404,416,271,271,287,287,390,390,406,505,523,533,547,547],"floor_reached":23,"playtime":3761,"items_purged":[],"score":205,"play_id":"3fc9cf43-ffca-455a-bea0-42ed2f4e4185","local_time":"20190126040953","is_ascension_mode":false,"campfire_choices":[{"floor":7,"key":"REST"},{"floor":15,"key":"REST"}],"neow_cost":"NONE","seed_source_timestamp":92030643279291,"circlet_count":0,"master_deck":["Strike_B","Strike_B+1","Strike_B","Strike_B+1","Defend_B","Defend_B","Defend_B","Defend_B","Zap","Dualcast","Cold Snap","Cold Snap","Leap","Steam","Defragment","Steam","Melter+1"],"relics":["Cracked Core","Whetstone","Lantern","Singing Bowl","Gremlin Horn","Oddly Smooth Stone","Inserter"],"potions_floor_usage":[23,23,23],"damage_taken":[{"damage":1,"enemies":"Cultist","floor":1,"turns":4},{"damage":6,"enemies":"Jaw Worm","floor":4,"turns":3},{"damage":0,"enemies":"Small Slimes","floor":5,"turns":2},{"damage":27,"enemies":"Lagavulin","floor":6,"turns":7},{"damage":18,"enemies":"Gremlin Nob","floor":8,"turns":5},{"damage":2,"enemies":"Exordium Thugs","floor":10,"turns":4},{"damage":0,"enemies":"Large Slime","floor":11,"turns":4},{"damage":0,"enemies":"2 Fungi Beasts","floor":14,"turns":3},{"damage":33,"enemies":"Slime Boss","floor":16,"turns":26},{"damage":9,"enemies":"Shell Parasite","floor":18,"turns":14},{"damage":19,"enemies":"3 Byrds","floor":20,"turns":7},{"damage":10,"enemies":"Sentry and Sphere","floor":21,"turns":4},{"damage":14,"enemies":"Snecko","floor":22,"turns":9},{"damage":39,"enemies":"Gremlin Leader","floor":23,"turns":7}],"seed_played":"-3000200757201962985","potions_obtained":[{"floor":4,"key":"Strength Potion"},{"floor":6,"key":"GamblersBrew"},{"floor":8,"key":"SkillPotion"},{"floor":10,"key":"Weak Potion"}],"is_trial":false,"path_per_floor":["M","?","T","M","M","E","R","E","T","M","M","$","?","M","R","B",null,"M","?","M","M","M","E"],"character_chosen":"DEFECT","items_purchased":["Oddly Smooth Stone"],"campfire_rested":2,"item_purchase_floors":[12],"current_hp_per_floor":[74,74,74,68,68,41,63,45,45,45,45,45,45,45,68,37,79,70,70,53,45,33,0],"gold":547,"neow_bonus":"HUNDRED_GOLD","is_prod":false,"is_daily":false,"chose_seed":false,"campfire_upgraded":0,"win_rate":0.0,"timestamp":1548493793,"path_taken":["M","?","?","?","M","E","R","E","T","M","M","$","?","M","R","BOSS","M","?","M","M","M","E"],"build_version":"2019-01-23","purchased_purges":0,"victory":false,"max_hp_per_floor":[75,75,75,75,75,75,75,75,75,77,77,77,77,77,77,79,79,79,79,81,83,85,85],"card_choices":[{"not_picked":["Go for the Eyes","Rebound"],"picked":"Cold Snap","floor":1},{"not_picked":["Recycle","Redo","Tempest"],"picked":"SKIP","floor":4},{"not_picked":["Biased Cognition","Leap"],"picked":"Cold Snap","floor":5},{"not_picked":["Core Surge","Undo"],"picked":"Leap","floor":6},{"not_picked":["Hologram","Rebound"],"picked":"Steam","floor":8},{"not_picked":["Force Field","Sweeping Beam","Rebound"],"picked":"Singing Bowl","floor":10},{"not_picked":["Sweeping Beam","Redo"],"picked":"Defragment","floor":11},{"not_picked":["Loop","Recycle"],"picked":"Steam","floor":14},{"not_picked":["Buffer","Biased Cognition","Meteor Strike"],"picked":"Singing Bowl","floor":16},{"not_picked":["Ball Lightning","Stack+1"],"picked":"Melter+1","floor":18},{"not_picked":["Rebound","Coolheaded","Redo"],"picked":"Singing Bowl","floor":20},{"not_picked":["Conserve Battery","BootSequence","Ball Lightning"],"picked":"Singing Bowl","floor":21},{"not_picked":["Stack","Beam Cell+1","Streamline+1"],"picked":"Singing Bowl","floor":22}],"player_experience":102735,"relics_obtained":[{"floor":3,"key":"Whetstone"},{"floor":6,"key":"Lantern"},{"floor":8,"key":"Singing Bowl"},{"floor":9,"key":"Gremlin Horn"}],"event_choices":[{"damage_healed":0,"gold_gain":0,"player_choice":"Ignored","damage_taken":0,"max_hp_gain":0,"max_hp_loss":0,"event_name":"Golden Wing","floor":2,"gold_loss":0},{"damage_healed":0,"gold_gain":0,"player_choice":"Ignored","damage_taken":0,"max_hp_gain":0,"max_hp_loss":0,"event_name":"NoteForYourself","floor":13,"gold_loss":0},{"damage_healed":0,"gold_gain":99,"player_choice":"Stole From Cult","damage_taken":0,"max_hp_gain":0,"max_hp_loss":0,"event_name":"Nest","floor":19,"gold_loss":0}],"is_beta":false,"boss_relics":[{"not_picked":["Nuclear Battery","Busted Crown"],"picked":"Inserter"}],"items_purged_floors":[],"is_endless":false,"potions_floor_spawned":[4,6,8,10,11,20,22],"killed_by":"Gremlin Leader","ascension_level":0}