{"gold_per_floor":[112,112,37,49,67,67,97,97,97,97,113,132,32,64,64,167,167,177,92,0,18,18,46,46,145,198,210,210,229,229,246,246,343,343,354,354,229,229,79,79,112,132,157,157,157,171,171,171,171,171,171,171,23,57,57],"floor_reached":55,"playtime":2049,"items_purged":["Clumsy","Strike_R","Pain","Strike_R"],"score":696,"play_id":"41952106-6f5c-4ece-b620-9d6d912bd5f5","local_time":"20190206120021","is_ascension_mode":false,"campfire_choices":[{"data":"Iron Wave","floor":6,"key":"SMITH"},{"data":"1","floor":15,"key":"LIFT"},{"data":"2","floor":28,"key":"LIFT"},{"floor":32,"key":"REST"},{"data":"3","floor":40,"key":"LIFT"},{"floor":45,"key":"RECALL"},{"floor":47,"key":"REST"},{"floor":49,"key":"REST"},{"data":"Battle Trance","floor":52,"key":"SMITH"}],"neow_cost":"CURSE","seed_source_timestamp":531060516470245,"circlet_count":0,"master_deck":["Strike_R","Strike_R","Strike_R","Defend_R","Defend_R","Defend_R","Defend_R","Bash+1","Shrug It Off+1","Anger","Iron Wave+1","Anger","Battle Trance+1","Shockwave","Inflame+1","Barricade+1","Inflame+1","Uppercut+1","Reaper"],"relics":["Burning Blood","StoneCalendar","Kunai","Girya","Bag of Marbles","PreservedInsect","Cursed Key","Red Skull","Blood Vial","Juzu Bracelet","White Beast Statue","Omamori","Bronze Scales","Turnip"],"potions_floor_usage":[14,23,33,41,55,55],"damage_taken":[{"damage":0,"enemies":"2 Louse","floor":1,"turns":3},{"damage":3,"enemies":"Jaw Worm","floor":4,"turns":3},{"damage":5,"enemies":"Small Slimes","floor":5,"turns":3},{"damage":10,"enemies":"3 Sentries","floor":7,"turns":7},{"damage":4,"enemies":"3 Louse","floor":11,"turns":3},{"damage":3,"enemies":"Large Slime","floor":12,"turns":5},{"damage":0,"enemies":"Gremlin Nob","floor":14,"turns":3},{"damage":40,"enemies":"The Guardian","floor":16,"turns":9},{"damage":0,"enemies":"3 Byrds","floor":18,"turns":6},{"damage":1,"enemies":"2 Thieves","floor":21,"turns":3},{"damage":12,"enemies":"Slavers","floor":23,"turns":4},{"damage":16,"enemies":"Snake Plant","floor":27,"turns":4},{"damage":10,"enemies":"Centurion and Healer","floor":29,"turns":4},{"damage":12,"enemies":"Chosen and Byrds","floor":31,"turns":5},{"damage":62,"enemies":"Automaton","floor":33,"turns":8},{"damage":17,"enemies":"3 Shapes","floor":35,"turns":5},{"damage":18,"enemies":"Nemesis","floor":41,"turns":7},{"damage":15,"enemies":"3 Darklings","floor":42,"turns":4},{"damage":31,"enemies":"Spire Growth","floor":46,"turns":5},{"damage":27,"enemies":"Time Eater","floor":50,"turns":9},{"damage":62,"enemies":"Shield and Spear","floor":54,"turns":5},{"damage":113,"enemies":"The Heart","floor":55,"turns":5}],"seed_played":"5010640171995212717","potions_obtained":[{"floor":1,"key":"GamblersBrew"},{"floor":4,"key":"Swift Potion"},{"floor":11,"key":"Poison Potion"},{"floor":18,"key":"SkillPotion"},{"floor":27,"key":"Explosive Potion"},{"floor":35,"key":"Ancient Potion"},{"floor":41,"key":"FearPotion"},{"floor":42,"key":"FairyPotion"},{"floor":54,"key":"Ancient Potion"}],"is_trial":false,"path_per_floor":["M","?","$","M","M","R","E","?","T","?","M","M","$","E","R","B",null,"M","?","?","M","$","E","$","?","T","M","R","M","?","M","R","B",null,"M","?","$","?","$","R","E","M","T","?","R","M","R","$","R","B",null,"R","$","E","B"],"character_chosen":"IRONCLAD","items_purchased":["Bronze Scales"],"campfire_rested":3,"item_purchase_floors":[53],"current_hp_per_floor":[80,80,80,80,80,80,76,81,81,78,80,83,83,85,85,51,85,85,85,85,85,85,79,79,79,79,71,71,69,69,65,85,29,85,74,74,74,74,74,74,64,57,57,57,57,34,59,59,84,64,85,85,85,29,0],"gold":57,"neow_bonus":"ONE_RARE_RELIC","is_prod":false,"is_daily":false,"chose_seed":false,"campfire_upgraded":2,"win_rate":0,"timestamp":1549472421,"path_taken":["M","?","$","M","M","R","E","?","T","?","?","M","$","E","R","BOSS","M","?","?","M","$","E","$","?","T","M","R","M","?","M","R","BOSS","M","?","$","?","$","R","E","M","T","?","R","M","R","?","R","BOSS","R","$","E","BOSS"],"build_version":"2019-01-23","purchased_purges":4,"victory":false,"max_hp_per_floor":[80,80,80,80,80,80,80,85,85,85,85,85,85,85,85,85,85,85,85,85,85,85,85,85,85,85,85,85,85,85,85,85,85,85,85,85,85,85,85,85,85,85,85,85,85,85,85,85,85,85,85,85,85,85,85],"card_choices":[{"not_picked":["Pommel Strike","Heavy Blade"],"picked":"Shrug It Off","floor":1},{"not_picked":["Pummel","True Grit"],"picked":"Anger","floor":4},{"not_picked":["Headbutt","Perfected Strike"],"picked":"Iron Wave","floor":5},{"not_picked":["Exhume","Iron Wave"],"picked":"Anger","floor":7},{"not_picked":["Thunderclap","Combust","Anger"],"picked":"SKIP","floor":11},{"not_picked":["Thunderclap","Combust","Anger"],"picked":"SKIP","floor":11},{"not_picked":["Seeing Red","Inflame"],"picked":"Battle Trance","floor":12},{"not_picked":["Warcry","Seeing Red"],"picked":"Shockwave","floor":14},{"not_picked":["Warcry","Cleave","Havoc+1"],"picked":"SKIP","floor":18},{"not_picked":["Thunderclap+1","Intimidate","Evolve"],"picked":"SKIP","floor":21},{"not_picked":["Perfected Strike","Iron Wave+1","Corruption"],"picked":"SKIP","floor":23},{"not_picked":["Shrug It Off","Seeing Red"],"picked":"Inflame+1","floor":27},{"not_picked":["Thunderclap","Iron Wave+1","Reckless Charge"],"picked":"SKIP","floor":29},{"not_picked":["Wild Strike","Twin Strike+1","Sever Soul+1"],"picked":"SKIP","floor":31},{"not_picked":["Exhume","Impervious"],"picked":"Barricade","floor":33},{"not_picked":["Seeing Red+1","Clash+1"],"picked":"Inflame+1","floor":35},{"not_picked":["Offering","Havoc","Flex"],"picked":"SKIP","floor":41},{"not_picked":["Clash+1","Perfected Strike","Rupture"],"picked":"SKIP","floor":42},{"not_picked":["Inflame","Searing Blow+1"],"picked":"Uppercut+1","floor":46},{"not_picked":["Spot Weakness","Flex+1"],"picked":"Reaper","floor":54}],"player_experience":181405,"relics_obtained":[{"floor":7,"key":"Kunai"},{"floor":9,"key":"Girya"},{"floor":14,"key":"PreservedInsect"},{"floor":23,"key":"Blood Vial"},{"floor":26,"key":"Juzu Bracelet"},{"floor":41,"key":"Omamori"},{"floor":54,"key":"Turnip"}],"event_choices":[{"damage_healed":0,"gold_gain":0,"player_choice":"Grow","damage_taken":0,"max_hp_gain":0,"max_hp_loss":0,"event_name":"Living Wall","floor":2,"gold_loss":0,"cards_upgraded":["Bash"]},{"damage_healed":0,"gold_gain":0,"player_choice":"Donut","damage_taken":0,"max_hp_gain":5,"max_hp_loss":0,"event_name":"Big Fish","floor":8,"gold_loss":0},{"damage_healed":0,"gold_gain":0,"player_choice":"Success","damage_taken":3,"relics_obtained":["Bag of Marbles"],"max_hp_gain":0,"max_hp_loss":0,"event_name":"Scrap Ooze","floor":10,"gold_loss":0},{"damage_healed":0,"gold_gain":0,"player_choice":"Obtained Relic","damage_taken":0,"relics_obtained":["Red Skull"],"max_hp_gain":0,"max_hp_loss":0,"event_name":"Addict","floor":19,"gold_loss":85},{"damage_healed":0,"gold_gain":0,"player_choice":"Paid Fearfully","damage_taken":0,"max_hp_gain":0,"max_hp_loss":0,"event_name":"Masked Bandits","floor":20,"gold_loss":92},{"damage_healed":0,"gold_gain":99,"player_choice":"Stole From Cult","damage_taken":0,"max_hp_gain":0,"max_hp_loss":0,"event_name":"Nest","floor":25,"gold_loss":0},{"damage_healed":0,"gold_gain":0,"player_choice":"Ignored","damage_taken":0,"max_hp_gain":0,"max_hp_loss":0,"event_name":"Cursed Tome","floor":30,"gold_loss":0},{"damage_healed":0,"gold_gain":0,"player_choice":"Ignored","damage_taken":0,"max_hp_gain":0,"max_hp_loss":0,"event_name":"Mysterious Sphere","floor":36,"gold_loss":0},{"damage_healed":0,"gold_gain":0,"player_choice":"Forge","damage_taken":0,"max_hp_gain":0,"max_hp_loss":0,"event_name":"Accursed Blacksmith","floor":38,"gold_loss":0,"cards_upgraded":["Barricade"]},{"damage_healed":0,"gold_gain":0,"player_choice":"Upgraded","damage_taken":0,"max_hp_gain":0,"max_hp_loss":0,"event_name":"Upgrade Shrine","floor":44,"gold_loss":0,"cards_upgraded":["Shrug It Off"]}],"is_beta":false,"boss_relics":[{"not_picked":["Ectoplasm","Runic Dome"],"picked":"Cursed Key"},{"not_picked":["Empty Cage","Velvet Choker"],"picked":"White Beast Statue"}],"items_purged_floors":[3,13,37,39],"is_endless":false,"potions_floor_spawned":[1,4,11,18,21,27,35,41,42,46,54],"killed_by":"The Heart","ascension_level":0}