{"gold_per_floor":[119,119,137,137,137,162,87,107,134,161,187,187],"floor_reached":12,"playtime":429,"items_purged":["Strike_B"],"score":128,"play_id":"3263d63b-9de6-4de1-993e-56dda8a1c2af","local_time":"20190113103510","is_ascension_mode":true,"campfire_choices":[],"neow_cost":"NONE","seed_source_timestamp":390937900317346,"circlet_count":0,"master_deck":["Strike_B+1","Strike_B","Strike_B","Defend_B","Defend_B+1","Defend_B","Defend_B+1","Zap","Dualcast","Aggregate+1","Loop","Regret","Ball Lightning","Steam","Sweeping Beam","Conserve Battery"],"relics":["Cracked Core","NeowsBlessing","War Paint","Vajra","Regal Pillow","Lantern","Odd Mushroom","Shuriken"],"potions_floor_usage":[10,11],"damage_taken":[{"damage":0,"enemies":"Jaw Worm","floor":1,"turns":1},{"damage":0,"enemies":"Small Slimes","floor":3,"turns":1},{"damage":0,"enemies":"Gremlin Nob","floor":6,"turns":1},{"damage":0,"enemies":"2 Louse","floor":8,"turns":2},{"damage":13,"enemies":"The Mushroom Lair","floor":10,"turns":3},{"damage":17,"enemies":"3 Sentries","floor":11,"turns":7},{"damage":13,"enemies":"Blue Slaver","floor":12,"turns":1}],"seed_played":"-2949649975942128112","potions_obtained":[{"floor":3,"key":"Dexterity Potion"},{"floor":6,"key":"Explosive Potion"},{"floor":8,"key":"Weak Potion"}],"is_trial":false,"path_per_floor":["M","?","M","?","?","E","$","M","T","?","E","M"],"character_chosen":"DEFECT","items_purchased":[],"campfire_rested":0,"item_purchase_floors":[],"current_hp_per_floor":[75,60,60,60,42,42,42,42,42,29,12,0],"gold":187,"neow_bonus":"THREE_ENEMY_KILL","is_prod":false,"is_daily":false,"chose_seed":false,"campfire_upgraded":0,"win_rate":0,"timestamp":1547393710,"path_taken":["M","?","M","?","?","E","?","?","T","?","E","M"],"build_version":"2019-01-10","purchased_purges":1,"victory":false,"max_hp_per_floor":[75,75,75,75,75,75,75,75,75,75,75,75],"card_choices":[{"not_picked":["Go for the Eyes","Reinforced Body"],"picked":"Aggregate","floor":1},{"not_picked":["Streamline","Scrape"],"picked":"Loop","floor":3},{"not_picked":["Beam Cell","Leap"],"picked":"Ball Lightning","floor":6},{"not_picked":["Cold Snap","Turbo"],"picked":"Steam","floor":8},{"not_picked":["All For One","Fusion"],"picked":"Sweeping Beam","floor":10},{"not_picked":["Force Field","Lockon"],"picked":"Conserve Battery","floor":11}],"player_experience":205179,"relics_obtained":[{"floor":6,"key":"Regal Pillow"},{"floor":9,"key":"Lantern"},{"floor":10,"key":"Odd Mushroom"},{"floor":11,"key":"Shuriken"}],"event_choices":[{"damage_healed":0,"gold_gain":0,"player_choice":"Entered Light","damage_taken":15,"max_hp_gain":0,"max_hp_loss":0,"event_name":"Shining Light","floor":2,"gold_loss":0,"cards_upgraded":["Strike_B","Defend_B"]},{"damage_healed":0,"gold_gain":0,"player_choice":"Box","damage_taken":0,"relics_obtained":["War Paint"],"max_hp_gain":0,"max_hp_loss":0,"event_name":"Big Fish","floor":4,"gold_loss":0,"cards_obtained":["Regret"]},{"damage_healed":0,"gold_gain":0,"player_choice":"Success","damage_taken":18,"relics_obtained":["Vajra"],"max_hp_gain":0,"max_hp_loss":0,"event_name":"Scrap Ooze","floor":5,"gold_loss":0},{"damage_healed":0,"gold_gain":0,"player_choice":"Fought Mushrooms","damage_taken":0,"max_hp_gain":0,"max_hp_loss":0,"event_name":"Mushrooms","floor":10,"gold_loss":0}],"is_beta":false,"boss_relics":[],"items_purged_floors":[7],"is_endless":false,"potions_floor_spawned":[3,6,8],"killed_by":"Blue Slaver","ascension_level":3}