{"gold_per_floor":[112,43,57,77,96,96,115,115,197,217,245,260,272,194,194,289,289,304,354,370,283,283,283,312,312,338,352,372,299,312,312,312,410,410,427,111,128,128],"floor_reached":38,"playtime":1689,"items_purged":[],"score":400,"play_id":"4b6e158a-3cf1-4400-99d3-73faa348a018","local_time":"20190127084912","is_ascension_mode":false,"campfire_choices":[{"data":"Rampage","floor":6,"key":"SMITH"},{"data":"Metallicize","floor":8,"key":"SMITH"},{"data":"Bash","floor":15,"key":"SMITH"},{"data":"Defend_R","floor":23,"key":"SMITH"},{"data":"Inflame","floor":25,"key":"SMITH"},{"data":"Demon Form","floor":32,"key":"SMITH"}],"neow_cost":"NONE","seed_source_timestamp":57851205040834,"circlet_count":0,"master_deck":["Strike_R","Strike_R","Strike_R","Strike_R","Strike_R","Defend_R","Defend_R","Defend_R","Defend_R+1","Bash+1","Limit Break","Cleave","Rampage+1","Twin Strike","Metallicize+1","Clash","Pommel Strike","Flex","Clash","Anger","Headbutt","Reaper","Clash","Bandage Up","Inflame+1","Iron Wave+1","Armaments","Inflame","Twin Strike","Demon Form+1","Rage"],"relics":["Burning Blood","Tiny Chest","Mummified Hand","Runic Pyramid","Pantograph","Bronze Scales","Eternal Feather","Meat on the Bone"],"potions_floor_usage":[4,11,16,33,33,33],"damage_taken":[{"damage":1,"enemies":"Cultist","floor":1,"turns":4},{"damage":5,"enemies":"Jaw Worm","floor":3,"turns":4},{"damage":7,"enemies":"Small Slimes","floor":4,"turns":2},{"damage":17,"enemies":"Exordium Wildlife","floor":5,"turns":5},{"damage":9,"enemies":"Large Slime","floor":7,"turns":6},{"damage":6,"enemies":"3 Louse","floor":10,"turns":2},{"damage":23,"enemies":"Lagavulin","floor":11,"turns":7},{"damage":1,"enemies":"Exordium Thugs","floor":12,"turns":3},{"damage":0,"enemies":"2 Fungi Beasts","floor":13,"turns":2},{"damage":41,"enemies":"The Guardian","floor":16,"turns":7},{"damage":10,"enemies":"Chosen","floor":18,"turns":4},{"damage":11,"enemies":"3 Byrds","floor":20,"turns":5},{"damage":33,"enemies":"Gremlin Leader","floor":24,"turns":5},{"damage":10,"enemies":"Shelled Parasite and Fungi","floor":27,"turns":3},{"damage":14,"enemies":"Chosen and Byrds","floor":28,"turns":5},{"damage":11,"enemies":"Snake Plant","floor":30,"turns":4},{"damage":64,"enemies":"Collector","floor":33,"turns":8},{"damage":29,"enemies":"Orb Walker","floor":35,"turns":4},{"damage":60,"enemies":"3 Darklings","floor":37,"turns":8},{"damage":41,"enemies":"Transient","floor":38,"turns":5}],"seed_played":"1656495906597879490","potions_obtained":[{"floor":4,"key":"Fruit Juice"},{"floor":5,"key":"PowerPotion"},{"floor":10,"key":"SkillPotion"},{"floor":11,"key":"Energy Potion"},{"floor":18,"key":"Poison Potion"},{"floor":24,"key":"Poison Potion"},{"floor":33,"key":"Poison Potion"}],"is_trial":false,"path_per_floor":["M","$","M","M","M","R","M","R","T","M","E","M","M","$","R","B",null,"M","?","M","$","T","R","E","R","T","M","M","$","M","?","R","B",null,"M","$","M","M"],"character_chosen":"IRONCLAD","items_purchased":["Rampage","Anger","Headbutt","Bandage Up","Inflame","Rage","Meat on the Bone"],"campfire_rested":0,"item_purchase_floors":[2,14,14,21,29,36,36],"current_hp_per_floor":[80,80,80,84,73,73,70,70,70,70,53,58,64,64,64,29,85,85,85,85,85,85,85,62,62,62,70,66,66,67,67,67,49,85,62,62,36,0],"gold":128,"neow_bonus":"ONE_RANDOM_RARE_CARD","is_prod":false,"is_daily":false,"chose_seed":false,"campfire_upgraded":6,"win_rate":0,"timestamp":1548596952,"path_taken":["M","?","M","M","M","R","M","R","T","?","E","M","M","?","R","BOSS","M","?","M","$","?","R","E","R","T","M","M","$","?","?","R","BOSS","M","$","M","M"],"build_version":"2019-01-23","purchased_purges":0,"victory":false,"max_hp_per_floor":[80,80,80,85,85,85,85,85,85,85,85,85,85,85,85,85,85,85,85,85,85,85,85,85,85,85,85,85,85,85,85,85,85,85,85,85,85,85],"card_choices":[{"not_picked":["Iron Wave","Sever Soul"],"picked":"Cleave","floor":1},{"not_picked":["Thunderclap","Clash"],"picked":"Twin Strike","floor":3},{"not_picked":["Twin Strike","Seeing Red"],"picked":"Metallicize","floor":4},{"not_picked":["True Grit","Exhume"],"picked":"Clash","floor":5},{"not_picked":["Seeing Red","Fire Breathing"],"picked":"Pommel Strike","floor":7},{"not_picked":["Pommel Strike","Dual Wield"],"picked":"Flex","floor":10},{"not_picked":["Double Tap","Impervious","Thunderclap"],"picked":"SKIP","floor":11},{"not_picked":["Clothesline","Flex"],"picked":"Clash","floor":12},{"not_picked":["Wild Strike","Sword Boomerang","Havoc"],"picked":"SKIP","floor":13},{"not_picked":["Impervious","Dark Embrace"],"picked":"Reaper","floor":16},{"not_picked":["Heavy Blade","Iron Wave"],"picked":"Clash","floor":18},{"not_picked":["Wild Strike","Clash","Second Wind"],"picked":"SKIP","floor":20},{"not_picked":["Immolate","Uppercut"],"picked":"Inflame","floor":24},{"not_picked":["Body Slam","Sword Boomerang"],"picked":"Iron Wave+1","floor":27},{"not_picked":["Body Slam","Reckless Charge"],"picked":"Armaments","floor":28},{"not_picked":["Clothesline+1","Carnage"],"picked":"Twin Strike","floor":30},{"not_picked":["Hemokinesis+1","Armaments","Headbutt+1"],"picked":"SKIP","floor":35},{"not_picked":["Intimidate+1","Searing Blow+1","Clash+1"],"picked":"SKIP","floor":37}],"player_experience":122707,"relics_obtained":[{"floor":9,"key":"Tiny Chest"},{"floor":11,"key":"Mummified Hand"},{"floor":22,"key":"Pantograph"},{"floor":24,"key":"Bronze Scales"}],"event_choices":[{"damage_healed":0,"gold_gain":100,"player_choice":"Bet on Murderer","damage_taken":0,"max_hp_gain":0,"max_hp_loss":0,"event_name":"The Joust","floor":19,"gold_loss":50},{"damage_healed":0,"gold_gain":0,"player_choice":"Read","damage_taken":0,"max_hp_gain":0,"max_hp_loss":0,"event_name":"The Library","floor":31,"gold_loss":0,"cards_obtained":["Demon Form"]}],"is_beta":false,"boss_relics":[{"not_picked":["Lizard Tail","Philosopher\u0027s Stone"],"picked":"Runic Pyramid"},{"not_picked":["Black Blood","Runic Cube"],"picked":"Eternal Feather"}],"items_purged_floors":[],"is_endless":false,"potions_floor_spawned":[4,5,10,11,18,24,33],"killed_by":"Transient","ascension_level":0}