{"gold_per_floor":[119,269,111,111,126,126,156,174,174,188,188,247,247,247,247,320,320,340,340,354,354,94,94,121,121,195,214,214,214,214,50,50,124,124,138,138,153,153,172,206,233,233,233,264,41,41,0,16,16,16],"floor_reached":51,"playtime":2691,"items_purged":["Doubt","Strike_R"],"score":1538,"play_id":"23ae2d7e-d782-48c5-af81-4fca4e3f46c2","local_time":"20190117193551","is_ascension_mode":true,"campfire_choices":[{"data":"Armaments","floor":6.0,"key":"SMITH"},{"data":"Inflame","floor":11.0,"key":"SMITH"},{"data":"1","floor":15.0,"key":"LIFT"},{"data":"2","floor":23.0,"key":"LIFT"},{"data":"3","floor":28.0,"key":"LIFT"},{"data":"Double Tap","floor":32.0,"key":"SMITH"},{"data":"Battle Trance","floor":42.0,"key":"SMITH"},{"data":"Pummel","floor":46.0,"key":"SMITH"},{"data":"Inflame","floor":49.0,"key":"SMITH"}],"neow_cost":"NONE","seed_source_timestamp":0,"circlet_count":0,"master_deck":["AscendersBane","Strike_R","Strike_R+1","Strike_R+1","Defend_R","Defend_R","Defend_R","Defend_R","Bash","Armaments+1","Pummel+1","Inflame+1","Carnage","Reaper","Battle Trance+1","Flame Barrier","Double Tap+1","Clumsy","Parasite","Uppercut","True Grit+1","Exhume+1","Shockwave+1","Warcry+1","Headbutt","Inflame+1"],"special_seed":0,"relics":["Burning Blood","NeowsBlessing","Du-Vu Doll","Kunai","Tiny Chest","Girya","Coffee Dripper","Whetstone","Omamori","Pocketwatch","Sundial","Mercury Hourglass","WingedGreaves","Lantern","Calling Bell","PreservedInsect","Dodecahedron","Magic Flower","Toxic Egg 2","Gambling Chip","Letter Opener","Gremlin Horn","Anchor","Bag of Preparation","Red Mask"],"potions_floor_usage":[50,50],"damage_taken":[{"damage":0.0,"enemies":"Small Slimes","floor":1.0,"turns":1.0},{"damage":0.0,"enemies":"2 Louse","floor":5.0,"turns":1.0},{"damage":0.0,"enemies":"3 Sentries","floor":7.0,"turns":2.0},{"damage":0.0,"enemies":"Cultist","floor":8.0,"turns":2.0},{"damage":11.0,"enemies":"2 Fungi Beasts","floor":10.0,"turns":3.0},{"damage":32.0,"enemies":"Lagavulin","floor":12.0,"turns":5.0},{"damage":13.0,"enemies":"Slime Boss","floor":16.0,"turns":9.0},{"damage":18.0,"enemies":"2 Thieves","floor":18.0,"turns":4.0},{"damage":1.0,"enemies":"Spheric Guardian","floor":20.0,"turns":3.0},{"damage":37.0,"enemies":"Slavers","floor":24.0,"turns":4.0},{"damage":1.0,"enemies":"Centurion and Healer","floor":27.0,"turns":5.0},{"damage":30.0,"enemies":"Automaton","floor":33.0,"turns":6.0},{"damage":13.0,"enemies":"3 Darklings","floor":35.0,"turns":4.0},{"damage":4.0,"enemies":"3 Shapes","floor":37.0,"turns":3.0},{"damage":41.0,"enemies":"Spire Growth","floor":39.0,"turns":5.0},{"damage":13.0,"enemies":"Reptomancer","floor":40.0,"turns":2.0},{"damage":3.0,"enemies":"Giant Head","floor":41.0,"turns":4.0},{"damage":0.0,"enemies":"Reptomancer","floor":44.0,"turns":2.0},{"damage":0.0,"enemies":"3 Darklings","floor":48.0,"turns":1.0},{"damage":75,"enemies":"Donu and Deca","floor":50,"turns":6}],"seed_played":"301105398793747707","potions_obtained":[{"floor":10.0,"key":"Swift Potion"},{"floor":12.0,"key":"Ancient Potion"},{"floor":20.0,"key":"Swift Potion"},{"floor":35.0,"key":"LiquidBronze"},{"floor":39.0,"key":"GamblersBrew"},{"floor":41.0,"key":"Strength Potion"},{"floor":48.0,"key":"Regen Potion"}],"is_trial":false,"path_per_floor":["M","?","$","?","M","R","E","M","T","M","R","E","T","?","R","B",null,"M","T","M","?","$","R","E","T","T","M","R","?","T","$","R","B",null,"M","T","M","$","M","E","E","R","T","E","$","R","?","M","R","B",null],"character_chosen":"IRONCLAD","items_purchased":["Pummel","Omamori","Double Tap","Bag of Preparation","Headbutt"],"campfire_rested":0,"item_purchase_floors":[3,22,31,45,45],"current_hp_per_floor":[74,74,74,79,80,80,80,80,80,75,75,49,49,49,49,42,71,68,68,73,73,73,73,42,42,42,66,66,66,66,66,66,64,76,80,80,80,80,77,73,80,80,80,80,80,80,80,80,80,41],"gold":16,"neow_bonus":"THREE_ENEMY_KILL","is_prod":false,"is_daily":false,"chose_seed":false,"campfire_upgraded":6,"win_rate":0,"timestamp":1547771751,"path_taken":["M","?","$","?","M","R","E","M","T","M","R","E","?","?","R","BOSS","BOSS","M","?","M","?","$","R","E","?","T","M","R","?","?","$","R","BOSS","M","?","M","$","?","E","E","R","T","E","$","R","?","M","R","BOSS"],"build_version":"2019-01-10","purchased_purges":2,"victory":true,"max_hp_per_floor":[75,75,75,80,80,80,80,80,80,80,80,80,80,80,80,80,80,80,80,80,80,80,80,80,80,80,80,80,80,80,80,80,80,80,80,80,80,80,80,80,80,80,80,80,80,80,80,80,80,80],"card_choices":[{"not_picked":["Clothesline","Flex"],"picked":"Armaments","floor":1.0},{"not_picked":["Clothesline","Shrug It Off"],"picked":"Inflame","floor":5.0},{"not_picked":["Sentinel","Havoc"],"picked":"Carnage","floor":7.0},{"not_picked":["Flex","Corruption","Warcry"],"picked":"SKIP","floor":8.0},{"not_picked":["Thunderclap","Perfected Strike","Clothesline"],"picked":"SKIP","floor":10.0},{"not_picked":["Second Wind","Corruption","Clothesline"],"picked":"SKIP","floor":12.0},{"not_picked":["Berserk","Double Tap"],"picked":"Reaper","floor":16.0},{"not_picked":["Shrug It Off+1","Dropkick"],"picked":"Battle Trance","floor":18.0},{"not_picked":["Headbutt","Anger"],"picked":"Flame Barrier","floor":20.0},{"not_picked":["Wild Strike+1","Body Slam","Fiend Fire"],"picked":"SKIP","floor":24.0},{"not_picked":["True Grit","Wild Strike","Dropkick"],"picked":"SKIP","floor":27.0},{"not_picked":["Headbutt","Clothesline","Flex+1"],"picked":"SKIP","floor":35.0},{"not_picked":["Feel No Pain+1","Combust"],"picked":"Uppercut","floor":37.0},{"not_picked":["Feel No Pain","Sever Soul"],"picked":"True Grit+1","floor":39.0},{"not_picked":["Twin Strike+1","Thunderclap"],"picked":"Exhume+1","floor":40.0},{"not_picked":["Metallicize","Evolve+1"],"picked":"Shockwave+1","floor":41.0},{"not_picked":["Twin Strike+1","Demon Form"],"picked":"Warcry+1","floor":44.0},{"not_picked":["Whirlwind","Combust+1"],"picked":"Inflame","floor":48.0}],"player_experience":463262,"relics_obtained":[{"floor":7.0,"key":"Du-Vu Doll"},{"floor":9.0,"key":"Kunai"},{"floor":12.0,"key":"Tiny Chest"},{"floor":13.0,"key":"Girya"},{"floor":19.0,"key":"Whetstone"},{"floor":24.0,"key":"Pocketwatch"},{"floor":25.0,"key":"Sundial"},{"floor":26.0,"key":"Mercury Hourglass"},{"floor":30.0,"key":"Lantern"},{"floor":34.0,"key":"PreservedInsect"},{"floor":34.0,"key":"Dodecahedron"},{"floor":34.0,"key":"Magic Flower"},{"floor":36.0,"key":"Toxic Egg 2"},{"floor":40.0,"key":"Gambling Chip"},{"floor":41.0,"key":"Letter Opener"},{"floor":43.0,"key":"Gremlin Horn"},{"floor":44.0,"key":"Anchor"}],"event_choices":[{"damage_healed":0.0,"max_hp_gain":0.0,"max_hp_loss":0.0,"gold_gain":150.0,"event_name":"Liars Game","player_choice":"AGREE","floor":2.0,"gold_loss":0.0,"damage_taken":0.0,"cards_obtained":["Doubt"]},{"damage_healed":0.0,"max_hp_gain":5.0,"max_hp_loss":0.0,"gold_gain":0.0,"event_name":"Big Fish","player_choice":"Donut","floor":4.0,"gold_loss":0.0,"damage_taken":0.0},{"cards_removed":["Strike_R"],"damage_healed":0.0,"max_hp_gain":0.0,"max_hp_loss":0.0,"gold_gain":0.0,"event_name":"Bonfire Elementals","player_choice":"Offered Basic","floor":14.0,"gold_loss":0.0,"damage_taken":0.0},{"damage_healed":0.0,"max_hp_gain":0.0,"max_hp_loss":0.0,"gold_gain":0.0,"event_name":"Ghosts","player_choice":"Ignored","floor":21.0,"gold_loss":0.0,"damage_taken":0.0},{"damage_healed":0.0,"max_hp_gain":0.0,"max_hp_loss":0.0,"gold_gain":0.0,"event_name":"The Mausoleum","player_choice":"Opened","floor":29.0,"gold_loss":0.0,"damage_taken":0.0,"relics_obtained":["WingedGreaves"],"cards_obtained":["Writhe"]},{"damage_healed":0.0,"max_hp_gain":0.0,"max_hp_loss":0.0,"gold_gain":0.0,"event_name":"Tomb of Lord Red Mask","player_choice":"Paid","floor":47.0,"gold_loss":41.0,"damage_taken":0.0,"relics_obtained":["Red Mask"]}],"is_beta":false,"boss_relics":[{"not_picked":["Eternal Feather","Pandora\u0027s Box"],"picked":"Coffee Dripper"},{"not_picked":["Sozu","Lizard Tail"],"picked":"Calling Bell"}],"items_purged_floors":[3,22],"is_endless":false,"potions_floor_spawned":[10,12,20,35,39,41,48],"ascension_level":18}