{"path_per_floor":["M","?","M","M","T","R","E","?","T","R","$","M","E","M","R","B",null,"M","$","M","?","M","R","?","R","T","R","M","?","M","M","R","B",null,"M","M","?","?","M","R","$","?","T","R","M","?","M","?","R"],"character_chosen":"IRONCLAD","items_purchased":["Lee\u0027s Waffle","Feed","Matryoshka","Bag of Marbles"],"gold_per_floor":[410,410,421,431,502,502,527,527,527,527,172,190,215,227,227,322,322,341,91,106,21,33,33,33,33,33,33,49,49,68,81,81,177,177,197,217,217,217,230,230,3,3,3,3,21,121,138,138,138],"floor_reached":50,"campfire_rested":1,"playtime":3648,"current_hp_per_floor":[46,53,53,59,59,59,43,74,74,74,101,99,70,75,75,64,110,109,109,85,85,83,91,91,99,99,107,104,104,105,109,113,30,113,71,36,36,101,59,71,71,71,71,81,75,75,70,70,107],"items_purged":["Defend_R"],"gold":138,"score":427,"play_id":"45f0350a-b358-48cb-8150-c9e0d877e529","is_prod":false,"is_daily":false,"is_ascension_mode":false,"campfire_upgraded":6,"path_taken":["M","?","M","M","?","R","E","?","T","R","$","M","E","M","R","BOSS","M","$","M","?","M","R","?","R","T","R","M","?","M","M","R","BOSS","M","M","?","?","M","R","$","?","T","R","M","?","M","?","R","BOSS"],"build_version":"2018-02-08-PROD1","purchased_purges":1,"victory":false,"master_deck":["Strike_R","Strike_R+1","Strike_R","Strike_R+1","Strike_R","Defend_R","Defend_R","Defend_R","Bash","Perfected Strike+1","Rampage+1","Twin Strike","Feed","Armaments","Battle Trance","Metallicize+1","Fiend Fire","Perfected Strike+1","Warcry+1","Offering+1","Writhe","Pummel","Perfected Strike","Warcry+1","Double Tap","Heavy Blade+1","Heavy Blade+1","Iron Wave+1","Armaments+1","Reaper","Reaper","Decay","Iron Wave"],"max_hp_per_floor":[80,94,94,94,94,94,94,94,94,94,101,104,104,107,107,110,110,113,113,113,113,113,113,113,113,113,113,113,113,113,113,113,113,113,113,116,116,101,104,104,104,104,104,104,107,107,107,107,107],"relics":["Black Blood","Old Coin","Mango","Bottled Flame","Juzu Bracelet","Dodecahedron","Lee\u0027s Waffle","Meat on the Bone","Eternal Feather","Matryoshka","Blood Vial","Dream Catcher","Orichalcum","Girya","Bag of Marbles","Ancient Tea Set","Whetstone"],"card_choices":[{"not_picked":["Sword Boomerang","Pommel Strike"],"picked":"Perfected Strike"},{"not_picked":["Heavy Blade","Iron Wave"],"picked":"Rampage"},{"not_picked":["Headbutt","Twin Strike"],"picked":"Infernal Blade"},{"not_picked":["Spot Weakness","Pummel"],"picked":"Twin Strike"},{"not_picked":["Clash","Cleave"],"picked":"Armaments"},{"not_picked":["Offering","True Grit"],"picked":"Battle Trance"},{"not_picked":["True Grit","Corruption"],"picked":"Metallicize"},{"not_picked":["Brutality","Dark Embrace"],"picked":"Fiend Fire"},{"not_picked":["Twin Strike","Shrug It Off"],"picked":"Perfected Strike"},{"not_picked":["Clash","Thunderclap"],"picked":"Warcry"},{"not_picked":["Bloodletting","True Grit"],"picked":"Offering"},{"not_picked":["Shrug It Off","Iron Wave"],"picked":"Pummel"},{"not_picked":["Shockwave","Pommel Strike"],"picked":"Perfected Strike"},{"not_picked":["Flex","Corruption"],"picked":"Warcry"},{"not_picked":["Bludgeon","Reaper"],"picked":"Double Tap"},{"not_picked":["Flex","Armaments"],"picked":"Heavy Blade"},{"not_picked":["True Grit","Warcry"],"picked":"Heavy Blade"},{"not_picked":["Shrug It Off","Sword Boomerang"],"picked":"Iron Wave"},{"not_picked":["Sword Boomerang","Intimidate"],"picked":"Armaments"},{"not_picked":["Whirlwind","Sever Soul"],"picked":"Reaper"},{"not_picked":["Warcry","Clash"],"picked":"Iron Wave"}],"player_experience":3989,"potions_floor_usage":[30,39,50,50,50],"damage_taken":[{"damage":0,"enemies":"Small Slimes","floor":1,"turns":3},{"damage":6,"enemies":"Jaw Worm","floor":3,"turns":3},{"damage":0,"enemies":"Cultist","floor":4,"turns":2},{"damage":22,"enemies":"3 Sentries","floor":7,"turns":7},{"damage":11,"enemies":"Large Slime","floor":12,"turns":5},{"damage":35,"enemies":"Lagavulin","floor":13,"turns":4},{"damage":4,"enemies":"Exordium Wildlife","floor":14,"turns":3},{"damage":20,"enemies":"Slime Boss","floor":16,"turns":10},{"damage":10,"enemies":"Chosen","floor":18,"turns":3},{"damage":30,"enemies":"Shell Parasite","floor":20,"turns":4},{"damage":10,"enemies":"Chosen and Byrds","floor":22,"turns":5},{"damage":11,"enemies":"Snake Plant","floor":28,"turns":3},{"damage":19,"enemies":"3 Cultists","floor":30,"turns":5},{"damage":4,"enemies":"Snecko","floor":31,"turns":2},{"damage":113,"enemies":"Automaton","floor":33,"turns":11},{"damage":64,"enemies":"3 Darklings","floor":35,"turns":6},{"damage":62,"enemies":"3 Shapes","floor":36,"turns":4},{"damage":67,"enemies":"3 Darklings","floor":39,"turns":8},{"damage":33,"enemies":"Sphere and 2 Shapes","floor":45,"turns":4},{"damage":17,"enemies":"4 Shapes","floor":47,"turns":5},{"damage":129,"enemies":"Awakened One","floor":50,"turns":9}],"event_choices":[{"event_name":"Scrap Ooze","player_choice":"success","floor":2,"damage_taken":7},{"event_name":"Big Fish","player_choice":"Banana","floor":8,"damage_taken":0},{"event_name":"Addict","player_choice":"Obtained Relic","floor":21,"damage_taken":0},{"event_name":"The Mausoleum","player_choice":"Yes","floor":24,"damage_taken":0},{"event_name":"Beggar","player_choice":"Ignored","floor":29,"damage_taken":0},{"event_name":"Mysterious Sphere","player_choice":"Ignore","floor":37,"damage_taken":0},{"event_name":"The Moai Head","player_choice":"Heal","floor":38,"damage_taken":0},{"event_name":"Golden Shrine","player_choice":"Pray","floor":46,"damage_taken":0},{"event_name":"Match and Keep!","player_choice":"2 cards matched","floor":48,"damage_taken":0}],"boss_relics":[{"not_picked":["Sozu","Runic Pyramid"],"picked":"Eternal Feather"},{"not_picked":["Calling Bell","Cursed Key"],"picked":"Black Blood"}],"potions_floor_spawned":[3,12,14,22,28,36,45,47],"seed_played":"1064034491647637182","killed_by":"Awakened One","ascension_level":0,"is_trial":false}