{"gold_per_floor":[116,116,129,229,244,279,279,303,303,303,326,104,125,95],"floor_reached":14,"playtime":1328,"items_purged":[],"score":101,"play_id":"693de066-1669-41e4-a578-b0266df6c92e","local_time":"20190123143805","is_ascension_mode":true,"campfire_choices":[{"floor":7,"key":"REST"},{"data":"Zap","floor":10,"key":"SMITH"}],"neow_cost":"NONE","seed_source_timestamp":1841248482867295,"circlet_count":0,"master_deck":["Strike_B","Strike_B","Strike_B","Strike_B","Defend_B","Defend_B","Defend_B","Defend_B","Zap+1","Dualcast","Tempest","Doom and Gloom","Hello World","Redo","Sweeping Beam","Sunder","Ball Lightning"],"relics":["Cracked Core","Bronze Scales","Golden Idol","Bottled Flame","Letter Opener","Art of War"],"potions_floor_usage":[14],"damage_taken":[{"damage":8,"enemies":"2 Louse","floor":1,"turns":4},{"damage":6,"enemies":"Cultist","floor":3,"turns":3},{"damage":13,"enemies":"Small Slimes","floor":5,"turns":3},{"damage":25,"enemies":"3 Sentries","floor":6,"turns":5},{"damage":7,"enemies":"2 Fungi Beasts","floor":8,"turns":2},{"damage":14,"enemies":"3 Louse","floor":11,"turns":2},{"damage":1,"enemies":"Exordium Wildlife","floor":13,"turns":2},{"damage":7,"enemies":"Exordium Thugs","floor":14,"turns":2}],"seed_played":"-3010311448884807544","potions_obtained":[{"floor":1,"key":"PowerPotion"},{"floor":8,"key":"SpeedPotion"},{"floor":11,"key":"FocusPotion"}],"is_trial":false,"path_per_floor":["M","?","M","?","M","E","R","M","T","R","M","$","M","M"],"character_chosen":"DEFECT","items_purchased":["Sunder","Art of War"],"campfire_rested":1,"item_purchase_floors":[12,12],"current_hp_per_floor":[67,49,43,43,30,5,27,20,20,20,6,6,5,0],"gold":95,"neow_bonus":"RANDOM_COMMON_RELIC","is_prod":false,"is_daily":false,"chose_seed":false,"campfire_upgraded":1,"win_rate":0,"timestamp":1548250685,"path_taken":["M","?","M","?","M","E","R","M","T","R","M","$","?","M"],"build_version":"2019-01-17v2","purchased_purges":0,"victory":false,"max_hp_per_floor":[75,75,75,75,75,75,75,75,75,75,75,75,75,75],"card_choices":[{"not_picked":["Ball Lightning","Compile Driver"],"picked":"Tempest","floor":1},{"not_picked":["Darkness","Force Field"],"picked":"Doom and Gloom","floor":3},{"not_picked":["Undo","Rip and Tear","Steam"],"picked":"SKIP","floor":5},{"not_picked":["Genetic Algorithm","Doom and Gloom"],"picked":"Hello World","floor":6},{"not_picked":["Compile Driver","Gash"],"picked":"Redo","floor":8},{"not_picked":["Reprogram","Steam"],"picked":"Sweeping Beam","floor":11},{"not_picked":["Rebound","Biased Cognition"],"picked":"Ball Lightning","floor":13}],"player_experience":225319,"relics_obtained":[{"floor":6,"key":"Bottled Flame"},{"floor":9,"key":"Letter Opener"}],"event_choices":[{"damage_healed":0,"gold_gain":0,"player_choice":"Take Damage","damage_taken":18,"relics_obtained":["Golden Idol"],"max_hp_gain":0,"max_hp_loss":0,"event_name":"Golden Idol","floor":2,"gold_loss":0},{"damage_healed":0,"gold_gain":100,"player_choice":"Pray","damage_taken":0,"max_hp_gain":0,"max_hp_loss":0,"event_name":"Golden Shrine","floor":4,"gold_loss":0}],"is_beta":false,"boss_relics":[],"items_purged_floors":[],"is_endless":false,"potions_floor_spawned":[1,8,11],"killed_by":"Exordium Thugs","ascension_level":2}