{"gold_per_floor":[18,37,37,37,48,48,78,98,152,168,168,179,179,26,26,26],"floor_reached":16,"playtime":1056,"items_purged":[],"score":102,"play_id":"149b2603-a63a-46f7-8eec-2ce370e33dcc","local_time":"20181226010334","is_ascension_mode":false,"campfire_choices":[{"data":"Chaos","floor":6,"key":"SMITH"},{"floor":11,"key":"REST"},{"floor":15,"key":"REST"}],"neow_cost":"NO_GOLD","seed_source_timestamp":3979473254849,"circlet_count":0,"master_deck":["Strike_B+1","Strike_B+1","Defend_B","Defend_B","Defend_B","Defend_B","Zap","Dualcast","Chaos+1","Reprogram","Echo Form","Conserve Battery","Fusion","Chill"],"relics":["Cracked Core","Pocketwatch","Question Card","Strawberry","Anchor"],"potions_floor_usage":[],"damage_taken":[{"damage":0,"enemies":"2 Louse","floor":1,"turns":5},{"damage":5,"enemies":"Small Slimes","floor":2,"turns":3},{"damage":6,"enemies":"Jaw Worm","floor":5,"turns":2},{"damage":14,"enemies":"Gremlin Nob","floor":7,"turns":3},{"damage":11,"enemies":"3 Louse","floor":8,"turns":3},{"damage":20,"enemies":"Exordium Thugs","floor":10,"turns":4},{"damage":14,"enemies":"Lots of Slimes","floor":12,"turns":5},{"damage":40,"enemies":"Hexaghost","floor":16,"turns":11}],"seed_played":"5165438580918883461","potions_obtained":[{"floor":1,"key":"Block Potion"},{"floor":7,"key":"Ancient Potion"},{"floor":8,"key":"Ancient Potion"}],"is_trial":false,"path_per_floor":["M","M","?","?","M","R","E","M","T","M","R","M","?","$","R","B"],"character_chosen":"DEFECT","items_purchased":["Anchor"],"campfire_rested":2,"item_purchase_floors":[14],"current_hp_per_floor":[75,70,63,48,42,42,28,17,24,4,28,14,14,14,38,0],"gold":26,"neow_bonus":"ONE_RARE_RELIC","is_prod":false,"is_daily":false,"chose_seed":false,"campfire_upgraded":1,"win_rate":0.0,"timestamp":1545782614,"path_taken":["M","M","?","?","M","R","E","M","T","M","R","?","?","?","R","BOSS"],"build_version":"2018-12-20","purchased_purges":0,"victory":false,"max_hp_per_floor":[75,75,75,75,75,75,75,75,82,82,82,82,82,82,82,82],"card_choices":[{"not_picked":["Rebound","Ball Lightning"],"picked":"Chaos","floor":1},{"not_picked":["Sweeping Beam","Gash","Leap"],"picked":"SKIP","floor":2},{"not_picked":["Cold Snap","Defragment"],"picked":"Reprogram","floor":5},{"not_picked":["Lockon","Gash"],"picked":"Echo Form","floor":7},{"not_picked":["Darkness","Compile Driver","Beam Cell"],"picked":"Conserve Battery","floor":8},{"not_picked":["Beam Cell","Conserve Battery","Coolheaded"],"picked":"Fusion","floor":10},{"not_picked":["Coolheaded","Ball Lightning","Redo"],"picked":"Chill","floor":12}],"player_experience":45751,"relics_obtained":[{"floor":7,"key":"Question Card"},{"floor":9,"key":"Strawberry"}],"event_choices":[{"cards_removed":["Strike_B"],"damage_healed":0,"gold_gain":0,"player_choice":"Card Removal","damage_taken":7,"max_hp_gain":0,"max_hp_loss":0,"event_name":"Golden Wing","floor":3,"gold_loss":0},{"damage_healed":0,"gold_gain":0,"player_choice":"Entered Light","damage_taken":15,"max_hp_gain":0,"max_hp_loss":0,"event_name":"Shining Light","floor":4,"gold_loss":0,"cards_upgraded":["Strike_B","Strike_B"]},{"cards_removed":["Strike_B"],"damage_healed":0,"gold_gain":0,"player_choice":"Purged","damage_taken":0,"max_hp_gain":0,"max_hp_loss":0,"event_name":"Purifier","floor":13,"gold_loss":0}],"is_beta":false,"boss_relics":[],"items_purged_floors":[],"is_endless":false,"potions_floor_spawned":[1,7,8],"killed_by":"Hexaghost","ascension_level":0}