{"gold_per_floor":[111,131,145,145,145,145,174,174,174,174,186,202,222,222],"floor_reached":14,"playtime":816,"items_purged":[],"score":92,"play_id":"b25e0814-b8bb-4c99-8c08-7260c5da5900","local_time":"20181225185918","is_ascension_mode":false,"campfire_choices":[{"data":"Juggernaut","floor":6,"key":"SMITH"},{"data":"Bash","floor":8,"key":"SMITH"},{"data":"Fire Breathing","floor":10,"key":"SMITH"}],"neow_cost":"CURSE","seed_source_timestamp":2322125503276992,"circlet_count":0,"master_deck":["Strike_R","Strike_R","Strike_R","Strike_R","Strike_R","Defend_R","Defend_R","Defend_R","Defend_R","Bash+1","Writhe","Juggernaut+1","Headbutt","Fire Breathing+1","Dropkick","Disarm","True Grit","Blood for Blood"],"relics":["Burning Blood","Question Card","Pantograph"],"potions_floor_usage":[],"damage_taken":[{"damage":10,"enemies":"Cultist","floor":1,"turns":5},{"damage":8,"enemies":"Jaw Worm","floor":2,"turns":5},{"damage":5,"enemies":"Small Slimes","floor":3,"turns":4},{"damage":48,"enemies":"Gremlin Nob","floor":7,"turns":5},{"damage":4,"enemies":"Exordium Wildlife","floor":11,"turns":4},{"damage":2,"enemies":"Large Slime","floor":12,"turns":6},{"damage":16,"enemies":"Red Slaver","floor":13,"turns":4},{"damage":34,"enemies":"Lagavulin","floor":14,"turns":5}],"seed_played":"7664983022846798480","potions_obtained":[{"floor":1,"key":"EssenceOfSteel"},{"floor":4,"key":"Regen Potion"},{"floor":4,"key":"BloodPotion"},{"floor":13,"key":"Regen Potion"}],"is_trial":false,"path_per_floor":["M","M","M","?","$","R","E","R","T","R","M","M","M","E"],"character_chosen":"IRONCLAD","items_purchased":[],"campfire_rested":0,"item_purchase_floors":[],"current_hp_per_floor":[76,74,75,75,75,75,33,33,33,33,35,39,29,0],"gold":222,"neow_bonus":"THREE_RARE_CARDS","is_prod":false,"is_daily":false,"chose_seed":false,"campfire_upgraded":3,"win_rate":0.0,"timestamp":1545760758,"path_taken":["M","M","M","?","$","R","E","R","T","R","M","M","M","E"],"build_version":"2018-12-20","purchased_purges":0,"victory":false,"max_hp_per_floor":[80,80,80,80,80,80,80,80,80,80,80,80,80,80],"card_choices":[{"not_picked":["Dark Embrace","Brutality"],"picked":"Juggernaut","floor":0},{"not_picked":["Clash","Clothesline"],"picked":"Headbutt","floor":1},{"not_picked":["Shrug It Off","Anger"],"picked":"Fire Breathing","floor":2},{"not_picked":["Anger","Headbutt"],"picked":"Dropkick","floor":3},{"not_picked":["Combust","Body Slam","Clash"],"picked":"SKIP","floor":7},{"not_picked":["Iron Wave","Combust","Searing Blow"],"picked":"Disarm","floor":11},{"not_picked":["Warcry","Body Slam","Power Through"],"picked":"True Grit","floor":12},{"not_picked":["Fiend Fire","Inflame","Battle Trance"],"picked":"Blood for Blood","floor":13}],"player_experience":37787,"relics_obtained":[{"floor":7,"key":"Question Card"},{"floor":9,"key":"Pantograph"}],"event_choices":[{"damage_healed":0,"gold_gain":0,"player_choice":"Got Potions","damage_taken":0,"max_hp_gain":0,"max_hp_loss":0,"event_name":"Lab","floor":4,"gold_loss":0}],"is_beta":false,"boss_relics":[],"items_purged_floors":[],"is_endless":false,"potions_floor_spawned":[1,7,12,13],"killed_by":"Lagavulin","ascension_level":0}