{"gold_per_floor":[114,134,134,153,153,153,153,153,153,153,173,51,128,138,138,240,240,259,259,141,157,107,107,124,10,10,10,10,10,24,34,34,131,131,151,251,271,19,36,36,36,36,61,0,0,0,12,82,82,82],"floor_reached":51,"playtime":2060,"items_purged":["Regret","Strike_B"],"score":808,"play_id":"62438180-7556-4627-92a2-8575f0a8c399","local_time":"20190107145412","is_ascension_mode":false,"campfire_choices":[{"data":"Zap","floor":6,"key":"SMITH"},{"data":"Recycle","floor":8,"key":"SMITH"},{"data":"Loop","floor":15,"key":"SMITH"},{"data":"Buffer","floor":23,"key":"SMITH"},{"data":"Defragment","floor":27,"key":"SMITH"},{"data":"Capacitor","floor":29,"key":"SMITH"},{"data":"Hologram","floor":32,"key":"SMITH"},{"data":"Seek","floor":40,"key":"SMITH"},{"data":"Seek","floor":42,"key":"SMITH"},{"data":"White Noise","floor":46,"key":"SMITH"},{"data":"Madness","floor":49,"key":"SMITH"}],"neow_cost":"NONE","seed_source_timestamp":1805218474586165,"circlet_count":0,"master_deck":["Strike_B","Strike_B","Strike_B","Defend_B","Defend_B","Defend_B","Defend_B+1","Zap+1","Dualcast","BootSequence+1","Recycle+1","Conserve Battery","Glacier","Storm","Storm","Loop+1","Glacier","Buffer+1","Ball Lightning","Capacitor+1","Hologram+1","Seek+1","Heatsinks","Defragment+1","Rebound+1","Defragment+1","Echo Form","White Noise+1","Barrage+1","Barrage+1","Storm+1","Cold Snap+1","Seek+1","Storm","Self Repair","Storm+1","Madness+1","Madness","Defragment+1"],"relics":["Cracked Core","Mummified Hand","Darkstone Periapt","Pear","The Courier","Question Card","Sozu","Pantograph","Orrery","Incense Burner","Bag of Preparation","Red Mask","Meat on the Bone"],"potions_floor_usage":[50,50],"damage_taken":[{"damage":1,"enemies":"Cultist","floor":1,"turns":4},{"damage":0,"enemies":"2 Louse","floor":2,"turns":2},{"damage":1,"enemies":"Jaw Worm","floor":4,"turns":2},{"damage":0,"enemies":"Looter","floor":11,"turns":3},{"damage":15,"enemies":"Exordium Thugs","floor":14,"turns":4},{"damage":42,"enemies":"Slime Boss","floor":16,"turns":19},{"damage":0,"enemies":"Spheric Guardian","floor":18,"turns":10},{"damage":2,"enemies":"3 Byrds","floor":21,"turns":6},{"damage":5,"enemies":"Centurion and Healer","floor":24,"turns":26},{"damage":14,"enemies":"Shelled Parasite and Fungi","floor":30,"turns":4},{"damage":12,"enemies":"Chosen and Byrds","floor":31,"turns":6},{"damage":0,"enemies":"Champ","floor":33,"turns":11},{"damage":4,"enemies":"3 Shapes","floor":35,"turns":7},{"damage":0,"enemies":"Mind Bloom Boss Battle","floor":36,"turns":4},{"damage":10,"enemies":"3 Darklings","floor":37,"turns":4},{"damage":0,"enemies":"Transient","floor":39,"turns":5},{"damage":0,"enemies":"Spire Growth","floor":47,"turns":3},{"damage":0,"enemies":"Awakened One","floor":50,"turns":4}],"seed_played":"-2460273735949512726","potions_obtained":[{"floor":1,"key":"Strength Potion"},{"floor":4,"key":"Energy Potion"},{"floor":14,"key":"FocusPotion"}],"is_trial":false,"path_per_floor":["M","M","T","M","?","R","?","R","T","?","M","$","T","M","R","B",null,"M","?","$","M","?","R","M","$","T","R","$","R","M","M","R","B",null,"M","?","M","$","M","R","?","R","T","?","$","R","M","T","R","B",null],"character_chosen":"DEFECT","items_purchased":["Storm","Loop","Capacitor","Heatsinks","Defragment","Seek","Storm","Self Repair"],"campfire_rested":0,"item_purchase_floors":[12,12,20,25,25,38,38,38],"current_hp_per_floor":[74,74,74,73,79,79,89,89,89,71,71,71,71,56,56,14,91,91,73,73,71,71,71,66,66,66,66,66,66,52,40,40,65,96,92,96,86,86,93,93,81,81,81,81,81,81,81,81,81,96],"gold":82,"neow_bonus":"THREE_CARDS","is_prod":false,"is_daily":false,"chose_seed":false,"campfire_upgraded":11,"win_rate":0,"timestamp":1546840452,"path_taken":["M","M","?","M","?","R","?","R","T","?","M","$","?","M","R","BOSS","M","?","$","M","?","R","?","$","T","R","$","R","M","M","R","BOSS","M","?","M","$","M","R","?","R","T","?","?","R","?","?","R","BOSS"],"build_version":"2019-01-03v4","purchased_purges":2,"victory":true,"max_hp_per_floor":[75,75,75,75,81,81,91,91,91,91,91,91,91,91,91,91,91,91,96,96,96,96,96,96,96,96,96,96,96,96,96,96,96,96,96,96,96,96,96,96,96,96,96,96,96,96,96,96,96,96],"card_choices":[{"not_picked":["Doom and Gloom","Rebound"],"picked":"BootSequence","floor":0},{"not_picked":["Coolheaded","Aggregate"],"picked":"Recycle","floor":1},{"not_picked":["Fusion","Coolheaded"],"picked":"Conserve Battery","floor":2},{"not_picked":["Go for the Eyes","Cold Snap"],"picked":"Glacier","floor":4},{"not_picked":["Leap","BootSequence"],"picked":"Storm","floor":11},{"not_picked":["Redo","Recycle","Gash"],"picked":"Glacier","floor":14},{"not_picked":["Meteor Strike","Rainbow","Core Surge"],"picked":"Buffer","floor":16},{"not_picked":["Sweeping Beam","Turbo","Static Discharge+1"],"picked":"Ball Lightning","floor":18},{"not_picked":["Gash","Turbo","Stack"],"picked":"Hologram","floor":21},{"not_picked":["Cold Snap+1","Ball Lightning","Leap"],"picked":"Seek","floor":24},{"not_picked":["Compile Driver+1","Cold Snap","Ball Lightning"],"picked":"Rebound+1","floor":30},{"not_picked":["Leap","Self Repair","Multi-Cast"],"picked":"Defragment+1","floor":31},{"not_picked":["Core Surge","Hyperbeam","All For One"],"picked":"Echo Form","floor":33},{"not_picked":["Cold Snap+1","Streamline","Recycle"],"picked":"White Noise","floor":34},{"not_picked":["Fusion","Hologram+1","Rip and Tear"],"picked":"Barrage+1","floor":34},{"not_picked":["Streamline","Undo","Gash"],"picked":"Barrage+1","floor":34},{"not_picked":["Auto Shields+1","Turbo+1","Reprogram","Barrage+1"],"picked":"SKIP","floor":35},{"not_picked":["Auto Shields+1","Gash+1","Turbo+1"],"picked":"Storm+1","floor":36},{"not_picked":["Aggregate","Beam Cell","Compile Driver+1"],"picked":"Cold Snap+1","floor":37},{"not_picked":["Coolheaded","Darkness","Sweeping Beam+1"],"picked":"Storm+1","floor":39},{"not_picked":["Machine Learning","Coolheaded+1","Stack+1"],"picked":"Defragment+1","floor":47}],"player_experience":784526,"relics_obtained":[{"floor":3,"key":"Mummified Hand"},{"floor":9,"key":"The Courier"},{"floor":13,"key":"Question Card"},{"floor":26,"key":"Pantograph"},{"floor":36,"key":"Incense Burner"},{"floor":43,"key":"Bag of Preparation"},{"floor":48,"key":"Meat on the Bone"}],"event_choices":[{"damage_healed":0,"gold_gain":0,"player_choice":"Box","damage_taken":0,"relics_obtained":["Darkstone Periapt"],"max_hp_gain":0,"max_hp_loss":0,"event_name":"Big Fish","floor":5,"gold_loss":0,"cards_obtained":["Regret"]},{"damage_healed":0,"gold_gain":0,"player_choice":"Searched \u00271\u0027 times","damage_taken":0,"relics_obtained":["Pear"],"max_hp_gain":0,"max_hp_loss":0,"event_name":"Dead Adventurer","floor":7,"gold_loss":0},{"damage_healed":0,"gold_gain":0,"player_choice":"Entered Light","damage_taken":18,"max_hp_gain":0,"max_hp_loss":0,"event_name":"Shining Light","floor":10,"gold_loss":0,"cards_upgraded":["BootSequence","Defend_B"]},{"damage_healed":0,"gold_gain":0,"player_choice":"Shed Blood","damage_taken":23,"max_hp_gain":5,"max_hp_loss":0,"event_name":"Forgotten Altar","floor":19,"gold_loss":0},{"damage_healed":0,"gold_gain":0,"player_choice":"Bet on Owner","damage_taken":0,"max_hp_gain":0,"max_hp_loss":0,"event_name":"The Joust","floor":22,"gold_loss":50},{"damage_healed":0,"gold_gain":0,"player_choice":"Fight","damage_taken":0,"max_hp_gain":0,"max_hp_loss":0,"event_name":"MindBloom","floor":36,"gold_loss":0},{"damage_healed":0,"gold_gain":0,"player_choice":"Embrace Madness","damage_taken":12,"max_hp_gain":0,"max_hp_loss":0,"event_name":"Winding Halls","floor":41,"gold_loss":0,"cards_obtained":["Madness","Madness"]},{"damage_healed":0,"gold_gain":0,"player_choice":"Paid","damage_taken":0,"relics_obtained":["Red Mask"],"max_hp_gain":0,"max_hp_loss":0,"event_name":"Tomb of Lord Red Mask","floor":44,"gold_loss":61}],"is_beta":false,"boss_relics":[{"not_picked":["Cursed Key","Velvet Choker"],"picked":"Sozu"},{"not_picked":["Lizard Tail","Tiny House"],"picked":"Orrery"}],"items_purged_floors":[20,38],"is_endless":false,"potions_floor_spawned":[1,4,14,21,30,31,33,36],"ascension_level":0}