{"gold_per_floor":[115,115,40,51,61,61,61,61,61,79,79,104,179,197,197,296,296,313,313,326,346,365,365,384,384,452,467,467,486,504,370,370,467,517,530,530,384,684,684,684,609,609,609,644,655,668,687,705,705,705,705,705,66,94,94],"floor_reached":56,"playtime":2927,"items_purged":["Strike_G","Reflex"],"score":1211,"play_id":"f00d867d-9a51-4f60-9b20-ff29688cae7f","local_time":"20181217185119","is_ascension_mode":false,"campfire_choices":[{"floor":6.0,"key":"RECALL"},{"data":"Neutralize","floor":11.0,"key":"SMITH"},{"data":"Dash","floor":15.0,"key":"SMITH"},{"data":"Doppelganger","floor":23,"key":"SMITH"},{"data":"Burst","floor":25,"key":"SMITH"},{"data":"Footwork","floor":28,"key":"SMITH"},{"data":"Footwork","floor":32,"key":"SMITH"},{"data":"After Image","floor":40,"key":"SMITH"},{"data":"Cloak And Dagger","floor":42,"key":"SMITH"},{"data":"Adrenaline","floor":49,"key":"SMITH"},{"data":"Well Laid Plans","floor":52,"key":"SMITH"}],"neow_cost":"NONE","seed_source_timestamp":0,"circlet_count":0,"master_deck":["Survivor","Neutralize+1","PiercingWail","Deadly Poison","Escape Plan","Dash+1","Burst+1","Cloak And Dagger+1","Burst+1","Dagger Spray","Doppelganger+1","Footwork+1","Caltrops","Blur","Endless Agony","Accuracy+1","Deadly Poison","Dash+1","Cloak And Dagger+1","Footwork+1","After Image+1","Adrenaline+1","Well Laid Plans+1","Footwork+1","Caltrops+1","Caltrops+1","Caltrops+1"],"special_seed":0,"relics":["Coffee Dripper","GremlinMask","Blue Candle","Regal Pillow","Pandora\u0027s Box","Pantograph","Tiny House","Thread and Needle","Mercury Hourglass","Vajra","Paper Crane","Strawberry","Sling","Bottled Lightning"],"potions_floor_usage":[21,29,29,50,55,55],"damage_taken":[{"damage":0.0,"enemies":"2 Louse","floor":1.0,"turns":3.0},{"damage":0.0,"enemies":"Cultist","floor":4.0,"turns":6.0},{"damage":0.0,"enemies":"Small Slimes","floor":5.0,"turns":6.0},{"damage":0.0,"enemies":"2 Fungi Beasts","floor":10.0,"turns":4.0},{"damage":17.0,"enemies":"Lagavulin","floor":12.0,"turns":12.0},{"damage":0.0,"enemies":"Red Slaver","floor":14.0,"turns":4.0},{"damage":31,"enemies":"The Guardian","floor":16,"turns":14},{"damage":0,"enemies":"3 Byrds","floor":18,"turns":4},{"damage":10,"enemies":"Spheric Guardian","floor":20,"turns":6},{"damage":30,"enemies":"Cultist and Chosen","floor":21,"turns":10},{"damage":0,"enemies":"Snecko","floor":22,"turns":5},{"damage":17,"enemies":"Shelled Parasite and Fungi","floor":24,"turns":5},{"damage":8,"enemies":"Centurion and Healer","floor":27,"turns":5},{"damage":2,"enemies":"Chosen and Byrds","floor":29,"turns":7},{"damage":0,"enemies":"Shelled Parasite and Fungi","floor":30,"turns":5},{"damage":4,"enemies":"Champ","floor":33,"turns":16},{"damage":6,"enemies":"Orb Walker","floor":35,"turns":5},{"damage":5,"enemies":"Nemesis","floor":44,"turns":9},{"damage":0,"enemies":"3 Shapes","floor":45,"turns":3},{"damage":0,"enemies":"Spire Growth","floor":46,"turns":5},{"damage":0,"enemies":"Maw","floor":47,"turns":7},{"damage":0,"enemies":"Jaw Worm Horde","floor":48,"turns":4},{"damage":13,"enemies":"Time Eater","floor":50,"turns":10},{"damage":37,"enemies":"Shield and Spear","floor":54,"turns":8},{"damage":9,"enemies":"The Heart","floor":55,"turns":9}],"seed_played":"-7338520244793137018","potions_obtained":[{"floor":4.0,"key":"GhostInAJar"},{"floor":5.0,"key":"Ancient Potion"},{"floor":20,"key":"Swift Potion"},{"floor":22,"key":"GhostInAJar"},{"floor":33,"key":"AttackPotion"},{"floor":34,"key":"Poison Potion"},{"floor":45,"key":"FearPotion"},{"floor":46,"key":"FairyPotion"}],"is_trial":false,"path_per_floor":["M","?","$","M","M","R","T","$","T","M","R","E","?","M","R","B",null,"M","?","M","M","M","R","M","R","T","M","R","M","M","$","R","B",null,"M","?","$","?","$","R","$","R","T","E","M","M","M","M","R","B",null,"R","$","E","B",null],"character_chosen":"THE_SILENT","items_purchased":["Footwork","Adrenaline","Well Laid Plans","Paper Crane","Strawberry","Sling","Weak Potion"],"campfire_rested":0,"item_purchase_floors":[31,37,41,53,53,53,53],"current_hp_per_floor":[70,70,70,70,70,70,70,70,70,70,70,53,42,42,42,11,70,70,70,60,30,30,30,13,13,13,5,5,3,3,3,3,24,75,69,69,69,69,69,69,69,69,69,64,64,64,64,64,64,62,75,75,82,45,61],"gold":94,"neow_bonus":"BOSS_RELIC","is_prod":false,"is_daily":false,"chose_seed":false,"campfire_upgraded":10,"win_rate":0,"timestamp":1545040279,"path_taken":["M","?","$","?","M","R","?","$","T","M","R","E","?","M","R","BOSS","M","?","M","M","M","R","M","R","T","M","R","M","M","$","R","BOSS","M","?","?","?","$","R","$","R","T","E","?","M","M","M","R","BOSS","R","$","E","BOSS"],"build_version":"2018-12-13","purchased_purges":2,"victory":true,"max_hp_per_floor":[70,70,70,70,70,70,70,70,70,70,70,70,70,70,70,70,70,70,70,70,70,70,70,70,70,70,70,70,70,70,70,70,70,75,75,75,75,75,75,75,75,75,75,75,75,75,75,75,75,75,75,75,82,82,82],"card_choices":[{"not_picked":["Quick Slash","Flying Knee"],"picked":"PiercingWail","floor":1.0},{"not_picked":["Eviscerate","Underhanded Strike","Outmaneuver"],"picked":"SKIP","floor":4.0},{"not_picked":["Deflect","Heel Hook"],"picked":"Deadly Poison","floor":5.0},{"not_picked":["Skewer","Slice"],"picked":"Escape Plan","floor":10.0},{"not_picked":["Slice","Riddle With Holes","Underhanded Strike"],"picked":"SKIP","floor":12.0},{"not_picked":["Blur","Flechettes"],"picked":"Dash","floor":14.0},{"not_picked":["Phantasmal Killer","Grand Finale"],"picked":"Burst","floor":16},{"not_picked":["Flying Knee","Underhanded Strike","Sucker Punch"],"picked":"SKIP","floor":18},{"not_picked":["Finisher","Dagger Spray"],"picked":"Accuracy+1","floor":20},{"not_picked":["Dodge and Roll","Grand Finale"],"picked":"Deadly Poison","floor":21},{"not_picked":["Outmaneuver+1","Deflect","Reflex"],"picked":"SKIP","floor":22},{"not_picked":["Dagger Spray","Masterful Stab+1"],"picked":"Dash+1","floor":24},{"not_picked":["Outmaneuver+1","Slice","Finisher"],"picked":"SKIP","floor":27},{"not_picked":["Eviscerate","Choke","PiercingWail"],"picked":"SKIP","floor":29},{"not_picked":["Prepared+1","Blur"],"picked":"Cloak And Dagger","floor":30},{"not_picked":["Storm of Steel","Venomology"],"picked":"After Image","floor":33},{"not_picked":["Prepared","Sucker Punch+1","Deadly Poison"],"picked":"SKIP","floor":35},{"not_picked":["Dagger Spray","Grand Finale","Concentrate+1"],"picked":"SKIP","floor":44},{"not_picked":["PiercingWail+1","Concentrate+1"],"picked":"Footwork+1","floor":45},{"not_picked":["Heel Hook","All Out Attack"],"picked":"Caltrops+1","floor":46},{"not_picked":["Noxious Fumes","Deadly Poison+1"],"picked":"Caltrops+1","floor":47},{"not_picked":["Dodge and Roll+1","Expertise+1"],"picked":"Caltrops+1","floor":48},{"not_picked":["Dash","Masterful Stab+1","Prepared+1"],"picked":"SKIP","floor":54}],"player_experience":634458,"relics_obtained":[{"floor":9.0,"key":"Blue Candle"},{"floor":12.0,"key":"Regal Pillow"},{"floor":26,"key":"Pantograph"},{"floor":43,"key":"Mercury Hourglass"},{"floor":44,"key":"Vajra"},{"floor":54,"key":"Bottled Lightning"}],"event_choices":[{"damage_healed":0.0,"max_hp_gain":0.0,"max_hp_loss":0.0,"gold_gain":0.0,"event_name":"FaceTrader","player_choice":"Trade","floor":2.0,"gold_loss":0.0,"damage_taken":0.0,"relics_obtained":["GremlinMask"]},{"damage_healed":0.0,"max_hp_gain":0.0,"max_hp_loss":0.0,"gold_gain":75.0,"event_name":"World of Goop","player_choice":"Gather Gold","floor":13.0,"gold_loss":0.0,"damage_taken":11.0},{"damage_healed":0,"gold_gain":0,"player_choice":"Upgraded","damage_taken":0,"max_hp_gain":0,"max_hp_loss":0,"event_name":"Upgrade Shrine","floor":19,"gold_loss":0,"cards_upgraded":["Burst"]},{"damage_healed":0,"gold_gain":0,"player_choice":"Gave Potion","damage_taken":0,"relics_obtained":["Thread and Needle"],"max_hp_gain":0,"max_hp_loss":0,"event_name":"WeMeetAgain","floor":36,"gold_loss":0},{"damage_healed":0,"gold_gain":300,"player_choice":"Gold","damage_taken":0,"max_hp_gain":0,"max_hp_loss":0,"event_name":"Wheel of Change","floor":38,"gold_loss":0}],"is_beta":false,"boss_relics":[{"not_picked":["Empty Cage","HoveringKite"],"picked":"Pandora\u0027s Box"},{"not_picked":["Runic Dome","Black Star"],"picked":"Tiny House"}],"items_purged_floors":[3,31],"is_endless":false,"potions_floor_spawned":[4,5,20,22,24,33,45,46],"ascension_level":0}