{"gold_per_floor":[115,190,115,15,30,55,55,71,71,71,91,108,126,144,144,218,218,230,201,218,36,47,47,76,76,76,96,107,127,142,172,172,245,245,258,533,545,72,172,172,172,198,222,257,284,284,296,97,97,97,97],"floor_reached":52,"playtime":4174,"items_purged":["Regret","Shame","Clumsy","Regret"],"score":1937,"play_id":"c3e57ac3-8f50-4fee-9696-bce9e0cf8377","local_time":"20181103001455","is_ascension_mode":true,"campfire_choices":[{"floor":7,"key":"REST"},{"data":"Neutralize","floor":10,"key":"SMITH"},{"data":"Bouncing Flask","floor":15,"key":"SMITH"},{"floor":23,"key":"REST"},{"floor":32,"key":"REST"},{"floor":40,"key":"REST"},{"floor":46,"key":"REST"},{"data":"Footwork","floor":49,"key":"SMITH"}],"neow_cost":"NONE","seed_source_timestamp":103160144227000,"circlet_count":0,"master_deck":["AscendersBane","Survivor+1","Neutralize+1","Backflip","Bouncing Flask+1","Poisoned Stab+1","Leg Sweep","Leg Sweep","Crippling Poison","Dash","Sucker Punch+1","Dagger Spray","Backflip","Malaise","Well Laid Plans","Backflip","Noxious Fumes","Adrenaline","Sucker Punch","Caltrops","Dagger Spray","Sucker Punch+1","Deadly Poison","Bane","Concentrate","Prepared","Riddle With Holes","Distraction","PiercingWail","Acrobatics+1","Cloak And Dagger","Noxious Fumes+1","Noxious Fumes+1","Dodge and Roll+1","Footwork+1","Backflip"],"relics":["Calling Bell","Regal Pillow","Paper Crane","The Specimen","Bag of Marbles","Singing Bowl","Velvet Choker","War Paint","Nilry\u0027s Codex","Mercury Hourglass","Mummified Hand","Pandora\u0027s Box","Medical Kit","WingedGreaves","Potion Belt","Whetstone","Boot","Anchor"],"potions_floor_usage":[6,6,24,31,31,35,42,51,51,51],"damage_taken":[{"damage":12,"enemies":"Cultist","floor":1,"turns":5},{"damage":7,"enemies":"Jaw Worm","floor":5,"turns":7},{"damage":18,"enemies":"Lagavulin","floor":6,"turns":8},{"damage":4,"enemies":"2 Louse","floor":8,"turns":3},{"damage":0,"enemies":"Red Slaver","floor":11,"turns":4},{"damage":1,"enemies":"3 Louse","floor":12,"turns":4},{"damage":0,"enemies":"2 Fungi Beasts","floor":13,"turns":4},{"damage":0,"enemies":"Blue Slaver","floor":14,"turns":6},{"damage":27,"enemies":"Hexaghost","floor":16,"turns":12},{"damage":0,"enemies":"3 Byrds","floor":18,"turns":6},{"damage":7,"enemies":"2 Thieves","floor":19,"turns":4},{"damage":7,"enemies":"Snake Plant","floor":20,"turns":5},{"damage":7,"enemies":"Centurion and Healer","floor":22,"turns":7},{"damage":3,"enemies":"Book of Stabbing","floor":24,"turns":7},{"damage":0,"enemies":"Snecko","floor":27,"turns":7},{"damage":7,"enemies":"3 Cultists","floor":28,"turns":6},{"damage":0,"enemies":"Cultist and Chosen","floor":29,"turns":5},{"damage":11,"enemies":"Centurion and Healer","floor":30,"turns":8},{"damage":13,"enemies":"Slavers","floor":31,"turns":4},{"damage":43,"enemies":"Automaton","floor":33,"turns":9},{"damage":16,"enemies":"3 Shapes","floor":35,"turns":4},{"damage":17,"enemies":"Orb Walker","floor":37,"turns":4},{"damage":2,"enemies":"Mind Bloom Boss Battle","floor":39,"turns":8},{"damage":20,"enemies":"Reptomancer","floor":42,"turns":6},{"damage":28,"enemies":"Giant Head","floor":44,"turns":8},{"damage":0,"enemies":"4 Shapes","floor":47,"turns":5},{"damage":20,"enemies":"Time Eater","floor":50,"turns":17},{"damage":13,"enemies":"Awakened One","floor":51,"turns":24}],"seed_played":"-8498178137017046130","potions_obtained":[{"floor":1,"key":"SkillPotion"},{"floor":5,"key":"Swift Potion"},{"floor":11,"key":"Ancient Potion"},{"floor":13,"key":"Strength Potion"},{"floor":19,"key":"Dexterity Potion"},{"floor":28,"key":"Fire Potion"},{"floor":31,"key":"Regen Potion"},{"floor":37,"key":"SkillPotion"},{"floor":39,"key":"GhostInAJar"},{"floor":44,"key":"AttackPotion"},{"floor":47,"key":"SteroidPotion"}],"is_trial":false,"path_per_floor":["M","?","$","$","M","E","R","M","T","R","M","M","M","M","R","B",null,"M","M","M","$","M","R","E","?","T","M","M","M","M","E","R","B",null,"M","?","M","$","?","R","?","E","T","E","T","R","M","$","R","B","B",null],"character_chosen":"THE_SILENT","items_purchased":["Backflip","Block Potion","Medical Kit","Cloak And Dagger","Footwork","Backflip","Strength Potion"],"campfire_rested":5,"item_purchase_floors":[21,38,38,38,48,48,48],"current_hp_per_floor":[47,36,36,36,29,11,45,41,41,41,41,42,42,42,42,17,57,59,52,45,45,38,72,71,50,50,52,47,47,36,23,61,18,63,59,59,42,42,40,78,74,54,54,28,28,65,65,65,65,45,32],"gold":97,"neow_bonus":"BOSS_RELIC","is_prod":false,"is_daily":false,"chose_seed":false,"campfire_upgraded":3,"win_rate":0,"timestamp":1541218495,"path_taken":["M","?","?","$","M","E","R","M","T","R","M","M","M","M","R","BOSS","M","M","?","$","M","R","E","?","T","M","M","M","M","E","R","BOSS","M","?","?","$","?","R","?","E","T","E","?","R","M","$","R","BOSS","BOSS"],"build_version":"2018-11-01","purchased_purges":4,"victory":true,"max_hp_per_floor":[66,66,66,66,66,66,66,66,66,66,66,68,68,68,68,70,70,72,72,72,72,72,72,74,74,74,76,78,78,78,78,78,78,78,78,78,78,78,78,78,74,74,74,76,76,76,76,76,76,76,76],"card_choices":[{"not_picked":["Calculated Gamble","Cloak And Dagger"],"picked":"Backflip","floor":1},{"not_picked":["Accuracy","Prepared"],"picked":"Bouncing Flask","floor":5},{"not_picked":["Outmaneuver","Endless Agony"],"picked":"Poisoned Stab","floor":6},{"not_picked":["Sucker Punch","Dagger Throw"],"picked":"Leg Sweep","floor":8},{"not_picked":["Infinite Blades","Underhanded Strike"],"picked":"Leg Sweep","floor":11},{"not_picked":["Prepared","Expertise","Choke"],"picked":"Singing Bowl","floor":12},{"not_picked":["Bane","Prepared"],"picked":"Crippling Poison","floor":13},{"not_picked":["Flying Knee","Underhanded Strike"],"picked":"Dash","floor":14},{"not_picked":["A Thousand Cuts","Envenom","Tools of the Trade"],"picked":"Singing Bowl","floor":16},{"not_picked":["Bouncing Flask","Flying Knee","Deadly Poison"],"picked":"Singing Bowl","floor":18},{"not_picked":["Outmaneuver","Expertise"],"picked":"Sucker Punch+1","floor":19},{"not_picked":["Dash","Flying Knee"],"picked":"Dagger Spray","floor":20},{"not_picked":["Sucker Punch","Dodge and Roll"],"picked":"Malaise","floor":22},{"not_picked":["Backstab","Expertise","Bouncing Flask"],"picked":"Singing Bowl","floor":24},{"not_picked":["Backstab","Accuracy","Distraction"],"picked":"Singing Bowl","floor":27},{"not_picked":["Caltrops","Dagger Spray","Dagger Throw"],"picked":"Singing Bowl","floor":28},{"not_picked":["Dagger Throw+1","Flying Knee"],"picked":"Well Laid Plans","floor":29},{"not_picked":["Quick Slash","Poisoned Stab"],"picked":"Backflip","floor":30},{"not_picked":["Deadly Poison","Adrenaline"],"picked":"Noxious Fumes","floor":31},{"not_picked":["Envenom","Unload"],"picked":"Adrenaline","floor":33},{"not_picked":["Underhanded Strike","Outmaneuver"],"picked":"PiercingWail","floor":35},{"not_picked":["PiercingWail+1","Bane+1"],"picked":"Acrobatics+1","floor":37},{"not_picked":["Well Laid Plans","Acrobatics"],"picked":"Noxious Fumes+1","floor":39},{"not_picked":["Masterful Stab","Backflip"],"picked":"Noxious Fumes+1","floor":42},{"not_picked":["Concentrate","Infinite Blades+1","Expertise"],"picked":"Singing Bowl","floor":44},{"not_picked":["Dagger Throw+1","Endless Agony"],"picked":"Dodge and Roll+1","floor":47}],"player_experience":1599714,"relics_obtained":[{"floor":0,"key":"Regal Pillow"},{"floor":0,"key":"Paper Crane"},{"floor":0,"key":"The Specimen"},{"floor":6,"key":"Bag of Marbles"},{"floor":9,"key":"Singing Bowl"},{"floor":24,"key":"War Paint"},{"floor":25,"key":"Nilry\u0027s Codex"},{"floor":26,"key":"Mercury Hourglass"},{"floor":31,"key":"Mummified Hand"},{"floor":39,"key":"WingedGreaves"},{"floor":42,"key":"Potion Belt"},{"floor":43,"key":"Whetstone"},{"floor":44,"key":"Boot"},{"floor":45,"key":"Anchor"}],"event_choices":[{"damage_healed":0,"gold_gain":75,"player_choice":"Gather Gold","damage_taken":11,"max_hp_gain":0,"max_hp_loss":0,"event_name":"World of Goop","floor":2,"gold_loss":0},{"damage_healed":0,"gold_gain":0,"player_choice":"Obtained Book","damage_taken":21,"max_hp_gain":0,"max_hp_loss":0,"event_name":"Cursed Tome","floor":25,"gold_loss":0},{"damage_healed":0,"gold_gain":275,"player_choice":"Desecrate","damage_taken":0,"max_hp_gain":0,"max_hp_loss":0,"event_name":"Golden Shrine","floor":36,"gold_loss":0,"cards_obtained":["Regret"]},{"damage_healed":0,"gold_gain":0,"player_choice":"Fight","damage_taken":0,"max_hp_gain":0,"max_hp_loss":0,"event_name":"MindBloom","floor":39,"gold_loss":0},{"damage_healed":0,"gold_gain":0,"player_choice":"Max HP","damage_taken":0,"max_hp_gain":0,"max_hp_loss":4,"event_name":"Winding Halls","floor":41,"gold_loss":0}],"is_beta":true,"boss_relics":[{"not_picked":["Eternal Feather","Cursed Key"],"picked":"Velvet Choker"},{"not_picked":["Black Star","White Beast Statue"],"picked":"Pandora\u0027s Box"}],"items_purged_floors":[3,4,21,38],"is_endless":false,"potions_floor_spawned":[1,5,11,13,16,19,22,28,31,37,39,44,47],"ascension_level":20}