{"gold_per_floor":[110,86,86,105,27,55,5,5,31,41,51,51,66,100,100,198,248,265,265,278,32,32],"floor_reached":22,"playtime":1565,"items_purged":[],"score":194,"play_id":"ca7cf6a7-a8ae-4425-a322-f860a1289f45","local_time":"20190127170354","is_ascension_mode":false,"campfire_choices":[{"floor":8,"key":"REST"},{"floor":15,"key":"REST"}],"neow_cost":"NONE","seed_source_timestamp":1614138634391375,"circlet_count":0,"master_deck":["Strike_R","Strike_R","Strike_R","Strike_R","Strike_R","Defend_R","Defend_R","Defend_R+1","Bash","Dropkick","Thunderclap","Flex","Cleave","Feed","Twin Strike","Flex","Twin Strike","Armaments","Clash","Perfected Strike","Feed","Body Slam","Thunderclap+1","Cleave"],"relics":["Burning Blood","PreservedInsect","Regal Pillow","Letter Opener","Tiny House","Meat on the Bone"],"potions_floor_usage":[6,20],"damage_taken":[{"damage":9,"enemies":"2 Louse","floor":1,"turns":4},{"damage":1,"enemies":"Cultist","floor":4,"turns":3},{"damage":26,"enemies":"Lagavulin","floor":6,"turns":5},{"damage":6,"enemies":"Jaw Worm","floor":10,"turns":2},{"damage":11,"enemies":"Red Slaver","floor":11,"turns":4},{"damage":23,"enemies":"Large Slime","floor":13,"turns":5},{"damage":9,"enemies":"3 Sentries","floor":14,"turns":4},{"damage":41,"enemies":"Slime Boss","floor":16,"turns":11},{"damage":20,"enemies":"Shell Parasite","floor":18,"turns":4},{"damage":21,"enemies":"Spheric Guardian","floor":20,"turns":4},{"damage":68,"enemies":"Shelled Parasite and Fungi","floor":22,"turns":4}],"seed_played":"-891351017085735674","potions_obtained":[{"floor":1,"key":"Fire Potion"},{"floor":6,"key":"LiquidBronze"},{"floor":13,"key":"Explosive Potion"},{"floor":16,"key":"FearPotion"}],"is_trial":false,"path_per_floor":["M","$","?","M","$","E","$","R","T","M","M","$","M","E","R","B",null,"M","?","M","$","M"],"character_chosen":"IRONCLAD","items_purchased":["Flex","Feed","Flex","Meat on the Bone"],"campfire_rested":2,"item_purchase_floors":[2,5,7,21],"current_hp_per_floor":[77,77,77,80,80,60,60,80,80,80,75,75,58,58,83,48,88,77,77,62,62,0],"gold":32,"neow_bonus":"THREE_CARDS","is_prod":false,"is_daily":false,"chose_seed":false,"campfire_upgraded":0,"win_rate":0.0,"timestamp":1548644634,"path_taken":["M","$","?","?","$","E","$","R","T","M","M","?","M","E","R","BOSS","M","?","M","$","?"],"build_version":"2019-01-23","purchased_purges":0,"victory":false,"max_hp_per_floor":[80,80,80,80,80,80,80,80,80,80,80,80,80,83,83,83,88,91,91,91,91,91],"card_choices":[{"not_picked":["Perfected Strike","Warcry"],"picked":"Dropkick","floor":0},{"not_picked":["Warcry","Flex"],"picked":"Thunderclap","floor":1},{"not_picked":["Perfected Strike","Sever Soul"],"picked":"Cleave","floor":4},{"not_picked":["Double Tap","Hemokinesis"],"picked":"Twin Strike","floor":6},{"not_picked":["Second Wind","Headbutt"],"picked":"Twin Strike","floor":10},{"not_picked":["Warcry","Shrug It Off"],"picked":"Armaments","floor":11},{"not_picked":["Sever Soul","Fiend Fire"],"picked":"Clash","floor":13},{"not_picked":["Armaments","Pommel Strike"],"picked":"Perfected Strike","floor":14},{"not_picked":["Fiend Fire","Impervious"],"picked":"Feed","floor":16},{"not_picked":["Bloodletting","Warcry"],"picked":"Body Slam","floor":17},{"not_picked":["True Grit","Flex"],"picked":"Thunderclap+1","floor":18},{"not_picked":["Clothesline","Carnage"],"picked":"Cleave","floor":20}],"player_experience":9207,"relics_obtained":[{"floor":6,"key":"PreservedInsect"},{"floor":9,"key":"Regal Pillow"},{"floor":14,"key":"Letter Opener"}],"event_choices":[{"cards_removed":["Defend_R"],"damage_healed":0,"gold_gain":0,"player_choice":"Card Removal","damage_taken":0,"max_hp_gain":0,"max_hp_loss":0,"event_name":"Wheel of Change","floor":3,"gold_loss":0},{"damage_healed":0,"gold_gain":0,"player_choice":"Bought 0 Potions","damage_taken":0,"max_hp_gain":0,"max_hp_loss":0,"event_name":"The Woman in Blue","floor":19,"gold_loss":0}],"is_beta":false,"boss_relics":[{"not_picked":["Calling Bell","Fusion Hammer"],"picked":"Tiny House"}],"items_purged_floors":[],"is_endless":false,"potions_floor_spawned":[1,6,13,16,18],"killed_by":"Shelled Parasite and Fungi","ascension_level":0}