{"gold_per_floor":[110,35,35,35,52,83,114,126,138,150,178,190,202,244,256,268],"floor_reached":16,"playtime":757,"items_purged":["Strike_G"],"score":135,"play_id":"30bc9647-f6c8-4393-802a-630ff5af339f","local_time":"20181010210632","is_ascension_mode":true,"campfire_choices":[{"data":"Terror","floor":8,"key":"SMITH"},{"floor":12,"key":"REST"},{"floor":15,"key":"REST"}],"neow_cost":"NONE","seed_source_timestamp":71141639237893,"circlet_count":0,"master_deck":["Defend_G+1","Defend_G","Defend_G+1","Defend_G","Strike_G","Strike_G","Strike_G","Strike_G","Survivor","Neutralize","Tactician","Backflip","Terror+1","Flying Knee","Adrenaline"],"relics":["Ring of the Snake","NeowsBlessing","MawBank","Dodecahedron","Matryoshka","Juzu Bracelet","Tiny Chest"],"potions_floor_usage":[11,16,16,16],"damage_taken":[{"damage":0,"enemies":"Cultist","floor":1,"turns":1},{"damage":0,"enemies":"2 Louse","floor":5,"turns":1},{"damage":0,"enemies":"3 Sentries","floor":6,"turns":1},{"damage":0,"enemies":"Small Slimes","floor":7,"turns":4},{"damage":11,"enemies":"Exordium Thugs","floor":11,"turns":6},{"damage":75,"enemies":"Slime Boss","floor":16,"turns":17}],"seed_played":"5810790099849510316","potions_obtained":[{"floor":1,"key":"GamblersBrew"},{"floor":5,"key":"SkillPotion"},{"floor":7,"key":"Swift Potion"},{"floor":11,"key":"GhostInAJar"}],"is_trial":false,"path_per_floor":["M","$","?","?","M","E","M","R","T","?","M","R","T","T","R"],"character_chosen":"THE_SILENT","items_purchased":[],"campfire_rested":2,"item_purchase_floors":[],"current_hp_per_floor":[70,70,56,56,56,56,56,56,56,56,45,66,66,66,70,0],"gold":268,"neow_bonus":"THREE_ENEMY_KILL","is_prod":false,"is_daily":false,"chose_seed":false,"campfire_upgraded":1,"win_rate":0,"timestamp":1539219992,"path_taken":["M","$","?","?","?","E","M","R","T","?","M","R","?","?","R","BOSS"],"build_version":"2018-10-04v2","purchased_purges":1,"victory":false,"max_hp_per_floor":[70,70,70,70,70,70,70,70,70,70,70,70,70,70,70,70],"card_choices":[{"not_picked":["Dash","Backflip"],"picked":"Tactician","floor":1},{"not_picked":["Dagger Throw","Calculated Gamble"],"picked":"Backflip","floor":5},{"not_picked":["Calculated Gamble","Bouncing Flask"],"picked":"Terror","floor":6},{"not_picked":["Masterful Stab","Poisoned Stab"],"picked":"Flying Knee","floor":7},{"not_picked":["Slice","Acrobatics"],"picked":"Adrenaline","floor":11}],"player_experience":242989,"relics_obtained":[{"floor":6,"key":"MawBank"},{"floor":9,"key":"Dodecahedron"},{"floor":13,"key":"Matryoshka"},{"floor":14,"key":"Juzu Bracelet"},{"floor":14,"key":"Tiny Chest"}],"event_choices":[{"event_name":"Shining Light","player_choice":"Entered Light","floor":3,"damage_taken":0},{"event_name":"Liars Game","player_choice":"disagreed","floor":4,"damage_taken":0},{"event_name":"Living Wall","player_choice":"Forget","floor":10,"damage_taken":0}],"is_beta":false,"boss_relics":[],"items_purged_floors":[2],"is_endless":false,"potions_floor_spawned":[1,5,7,11],"killed_by":"Slime Boss","ascension_level":2}