{"gold_per_floor":[14,14,28,42,60,60,60,94,94,94,106,106,139,139,139,240,240,250,270,270,270,290,290,309,342,367,282,382,392,419,70,70,172,172,183,235,12,26,44,44,69,69,69,104,104,118,118,134,134,134,134,134,0,26,26],"floor_reached":56,"playtime":2713,"items_purged":["Strike_B","Defend_B"],"score":1518,"play_id":"e4dc8690-0a2b-4954-9337-78a5653f89aa","local_time":"20181201204502","is_ascension_mode":true,"campfire_choices":[{"floor":6.0,"key":"REST"},{"floor":10.0,"key":"RECALL"},{"data":"Chill","floor":15.0,"key":"SMITH"},{"data":"Go for the Eyes","floor":23,"key":"SMITH"},{"data":"Defragment","floor":32,"key":"SMITH"},{"data":"Loop","floor":40,"key":"SMITH"},{"data":"Biased Cognition","floor":45,"key":"SMITH"},{"data":"Ball Lightning","floor":47,"key":"SMITH"},{"data":"Hologram","floor":49,"key":"SMITH"},{"data":"Ball Lightning","floor":52,"key":"SMITH"}],"neow_cost":"NO_GOLD","seed_source_timestamp":0,"circlet_count":0,"master_deck":["Strike_B","Strike_B+1","Defend_B","Defend_B","Zap","Dualcast+1","Electrodynamics","Ball Lightning+1","Ball Lightning+1","Chill+1","Hologram+1","Biased Cognition+1","Auto Shields+1","Reboot+1","Coolheaded+1","Ball Lightning","Ghostly+1","Ghostly+1","Ghostly+1","Ghostly+1","Ghostly+1","Go for the Eyes+1","Reinforced Body+1","Cold Snap+1","Defragment+1","Echo Form","Conserve Battery+1","White Noise+1","Loop+1","Consume+1","Defragment+1","Loop+1"],"special_seed":0,"relics":["Cracked Core","Meat on the Bone","Mercury Hourglass","Toxic Egg 2","Philosopher\u0027s Stone","Singing Bowl","Pantograph","FossilizedHelix","Mummified Hand","Ancient Tea Set","Sling","Inserter","Mango","Happy Flower","Frozen Egg 2","Lantern","Bird Faced Urn","DataDisk"],"potions_floor_usage":[28,33,33,33,33,33,55],"damage_taken":[{"damage":0.0,"enemies":"Small Slimes","floor":1.0,"turns":2.0},{"damage":12.0,"enemies":"2 Louse","floor":3.0,"turns":2.0},{"damage":0.0,"enemies":"Jaw Worm","floor":4.0,"turns":1.0},{"damage":13.0,"enemies":"Lots of Slimes","floor":5.0,"turns":2.0},{"damage":3.0,"enemies":"3 Sentries","floor":8.0,"turns":4.0},{"damage":0.0,"enemies":"2 Fungi Beasts","floor":11.0,"turns":2.0},{"damage":22.0,"enemies":"Lagavulin","floor":13.0,"turns":5.0},{"damage":11.0,"enemies":"The Guardian","floor":16.0,"turns":8.0},{"damage":0,"enemies":"2 Thieves","floor":18,"turns":3},{"damage":2,"enemies":"Spheric Guardian","floor":19,"turns":3},{"damage":0,"enemies":"Centurion and Healer","floor":22,"turns":3},{"damage":0,"enemies":"Snecko","floor":24,"turns":5},{"damage":0,"enemies":"Slavers","floor":25,"turns":4},{"damage":0,"enemies":"Colosseum Slavers","floor":28,"turns":2},{"damage":0,"enemies":"Colosseum Nobs","floor":28,"turns":3},{"damage":0,"enemies":"3 Cultists","floor":29,"turns":3},{"damage":0,"enemies":"Gremlin Leader","floor":30,"turns":4},{"damage":0,"enemies":"Collector","floor":33,"turns":8},{"damage":0,"enemies":"Orb Walker","floor":35,"turns":3},{"damage":0,"enemies":"2 Orb Walkers","floor":36,"turns":5},{"damage":0,"enemies":"3 Shapes","floor":38,"turns":3},{"damage":0,"enemies":"Transient","floor":39,"turns":5},{"damage":0,"enemies":"Nemesis","floor":41,"turns":5},{"damage":0,"enemies":"Giant Head","floor":44,"turns":9},{"damage":0,"enemies":"Writhing Mass","floor":46,"turns":6},{"damage":0,"enemies":"Spire Growth","floor":48,"turns":5},{"damage":0,"enemies":"Donu and Deca","floor":50,"turns":6},{"damage":31,"enemies":"Shield and Spear","floor":54,"turns":6},{"damage":26,"enemies":"The Heart","floor":55,"turns":9}],"seed_played":"4979806572011179341","potions_obtained":[{"floor":1.0,"key":"Fire Potion"},{"floor":4.0,"key":"Weak Potion"},{"floor":8.0,"key":"LiquidBronze"},{"floor":11.0,"key":"Regen Potion"},{"floor":14.0,"key":"SteroidPotion"},{"floor":14.0,"key":"EssenceOfSteel"},{"floor":14.0,"key":"EssenceOfSteel"},{"floor":25,"key":"LiquidBronze"},{"floor":29,"key":"PowerPotion"},{"floor":30,"key":"EntropicBrew"},{"floor":38,"key":"Block Potion"},{"floor":41,"key":"Strength Potion"},{"floor":54,"key":"Block Potion"}],"is_trial":false,"path_per_floor":["M","?","M","M","M","R","$","E","T","R","M","?","E","?","R","B",null,"M","M","?","?","M","R","M","E","T","?","?","M","E","$","R","B",null,"M","?","$","M","M","R","E","?","T","E","R","M","R","M","R","B",null,"R","$","E","B",null],"character_chosen":"DEFECT","items_purchased":["Defragment","Sling","Happy Flower","Loop","Defragment+1"],"campfire_rested":1,"item_purchase_floors":[31,31,37,37,53],"current_hp_per_floor":[75,60,48,48,35,57,57,54,54,54,54,47,49,49,49,38,75,75,73,37,37,37,37,37,39,39,39,39,41,43,43,43,43,43,43,57,57,59,61,61,63,63,63,63,63,65,65,67,67,67,67,67,67,52,63],"gold":26,"neow_bonus":"THREE_RARE_CARDS","is_prod":false,"is_daily":false,"chose_seed":false,"campfire_upgraded":8,"win_rate":0,"timestamp":1543715102,"path_taken":["M","?","M","M","M","R","$","E","T","R","M","?","E","?","R","BOSS","M","?","?","?","M","R","?","E","T","?","?","M","E","$","R","BOSS","M","?","$","M","M","R","E","?","T","E","R","?","R","M","R","BOSS","R","$","E","BOSS"],"build_version":"2018-11-15","purchased_purges":2,"victory":true,"max_hp_per_floor":[75,75,75,75,75,75,75,75,75,75,75,75,75,75,75,75,75,75,75,37,37,37,37,37,39,39,39,39,41,43,43,43,43,43,43,57,57,59,61,61,63,63,63,63,63,65,65,67,67,67,67,67,67,67,67],"card_choices":[{"not_picked":["Fission","Rainbow"],"picked":"Electrodynamics","floor":0.0},{"not_picked":["Sweeping Beam","Gash","Scrape"],"picked":"SKIP","floor":1.0},{"not_picked":["Consume","Sweeping Beam"],"picked":"Ball Lightning","floor":3.0},{"not_picked":["Rebound","Sweeping Beam"],"picked":"Ball Lightning","floor":4.0},{"not_picked":["Steam","Go for the Eyes"],"picked":"Chill","floor":5.0},{"not_picked":["Steam Power","Leap"],"picked":"Hologram","floor":8.0},{"not_picked":["BootSequence","Hologram"],"picked":"Biased Cognition","floor":11.0},{"not_picked":["Buffer","Recycle"],"picked":"Auto Shields","floor":13.0},{"not_picked":["Meteor Strike","Biased Cognition"],"picked":"Reboot+1","floor":16.0},{"not_picked":["Chill+1","Leap+1"],"picked":"Coolheaded+1","floor":18},{"not_picked":["Leap+1","Loop"],"picked":"Ball Lightning","floor":19},{"not_picked":["Auto Shields+1","Hyperbeam"],"picked":"Go for the Eyes","floor":22},{"not_picked":["Coolheaded+1","Hologram+1"],"picked":"Reinforced Body+1","floor":24},{"not_picked":["Darkness+1","Rebound+1","Auto Shields+1"],"picked":"Singing Bowl","floor":25},{"not_picked":["Hologram+1","Go for the Eyes"],"picked":"Cold Snap+1","floor":28},{"not_picked":["Heatsinks+1","Compile Driver","Steam+1"],"picked":"Singing Bowl","floor":29},{"not_picked":["Doom and Gloom+1","Reinforced Body+1","Sweeping Beam"],"picked":"Singing Bowl","floor":30},{"not_picked":["Creative AI","Multi-Cast+1"],"picked":"Echo Form","floor":33},{"not_picked":["Steam+1","Go for the Eyes+1"],"picked":"Conserve Battery+1","floor":35},{"not_picked":["Hello World+1","Rebound"],"picked":"White Noise+1","floor":36},{"not_picked":["Steam+1","Ball Lightning","Gash+1"],"picked":"Singing Bowl","floor":38},{"not_picked":["Turbo+1","Hologram+1","Lockon+1"],"picked":"Singing Bowl","floor":39},{"not_picked":["Beam Cell+1","Hologram+1","Gash+1"],"picked":"Singing Bowl","floor":41},{"not_picked":["Leap+1","Hologram+1"],"picked":"Consume+1","floor":44},{"not_picked":["Gash+1","Coolheaded+1","Cold Snap+1"],"picked":"Singing Bowl","floor":46},{"not_picked":["Redo+1","Echo Form+1","Turbo+1"],"picked":"Singing Bowl","floor":48},{"not_picked":["Beam Cell","Stack+1"],"picked":"Loop+1","floor":54}],"player_experience":667411,"relics_obtained":[{"floor":8.0,"key":"Meat on the Bone"},{"floor":9.0,"key":"Mercury Hourglass"},{"floor":13.0,"key":"Toxic Egg 2"},{"floor":25,"key":"Singing Bowl"},{"floor":28,"key":"FossilizedHelix"},{"floor":28,"key":"Mummified Hand"},{"floor":30,"key":"Ancient Tea Set"},{"floor":36,"key":"Mango"},{"floor":41,"key":"Frozen Egg 2"},{"floor":43,"key":"Lantern"},{"floor":44,"key":"Bird Faced Urn"},{"floor":54,"key":"DataDisk"}],"event_choices":[{"damage_healed":0.0,"max_hp_gain":0.0,"max_hp_loss":0.0,"gold_gain":0.0,"event_name":"Shining Light","player_choice":"Entered Light","floor":2.0,"gold_loss":0.0,"damage_taken":15.0,"cards_upgraded":["Dualcast","Strike_B"]},{"cards_removed":["Strike_B"],"damage_healed":0.0,"max_hp_gain":0.0,"max_hp_loss":0.0,"gold_gain":0.0,"event_name":"Golden Wing","player_choice":"Card Removal","floor":12.0,"gold_loss":0.0,"damage_taken":7.0},{"damage_healed":0.0,"max_hp_gain":0.0,"max_hp_loss":0.0,"gold_gain":0.0,"event_name":"Lab","player_choice":"Got Potions","floor":14.0,"gold_loss":0.0,"damage_taken":0.0},{"damage_healed":0,"gold_gain":0,"player_choice":"Became a Ghost","damage_taken":0,"max_hp_gain":0,"max_hp_loss":38,"event_name":"Ghosts","floor":20,"gold_loss":0,"cards_obtained":["Ghostly","Ghostly","Ghostly","Ghostly","Ghostly"]},{"damage_healed":0,"gold_gain":0,"player_choice":"Ignored","damage_taken":0,"max_hp_gain":0,"max_hp_loss":0,"event_name":"Vampires","floor":21,"gold_loss":0},{"damage_healed":0,"gold_gain":0,"player_choice":"Obtained Relic","damage_taken":0,"relics_obtained":["Pantograph"],"max_hp_gain":0,"max_hp_loss":0,"event_name":"Addict","floor":27,"gold_loss":85},{"damage_healed":0,"gold_gain":0,"player_choice":"Fight","damage_taken":0,"max_hp_gain":0,"max_hp_loss":0,"event_name":"Colosseum","floor":28,"gold_loss":0},{"damage_healed":0,"gold_gain":0,"player_choice":"Fought Nobs","damage_taken":0,"max_hp_gain":0,"max_hp_loss":0,"event_name":"Colosseum","floor":28,"gold_loss":0},{"damage_healed":0,"gold_gain":0,"player_choice":"Fight","damage_taken":0,"max_hp_gain":0,"max_hp_loss":0,"event_name":"Mysterious Sphere","floor":36,"gold_loss":0},{"cards_removed":["Defend_B"],"damage_healed":0,"gold_gain":0,"player_choice":"Card Removal","damage_taken":0,"max_hp_gain":0,"max_hp_loss":0,"event_name":"Wheel of Change","floor":42,"gold_loss":0}],"is_beta":false,"boss_relics":[{"not_picked":["Eternal Feather","Tiny House"],"picked":"Philosopher\u0027s Stone"},{"not_picked":["Black Star","Velvet Choker"],"picked":"Inserter"}],"items_purged_floors":[31,53],"is_endless":false,"potions_floor_spawned":[1,4,8,11,25,28,29,30,38,41,44,54],"ascension_level":1}