{"gold_per_floor":[109,284,284,303,322,356,356,373,399,36,36,2,29,43,43,143,143,157,173,185,185],"floor_reached":21,"playtime":1543,"items_purged":["Doubt"],"score":216,"play_id":"54d3bac4-616a-4aa0-a428-eb815afac6c0","local_time":"20181226091154","is_ascension_mode":false,"campfire_choices":[{"data":"White Noise","floor":11,"key":"SMITH"},{"floor":15,"key":"REST"}],"neow_cost":"NONE","seed_source_timestamp":7979393323281,"circlet_count":0,"master_deck":["Strike_B","Strike_B","Strike_B","Defend_B","Defend_B","Defend_B","Defend_B","Zap","Dualcast","Conserve Battery","Reprogram","Reinforced Body","Capacitor","Strike_R","White Noise+1","Scrape","Echo Form","Rip and Tear","Creative AI","Ball Lightning+1","Redo+1","Hello World"],"relics":["Cracked Core","NeowsBlessing","PreservedInsect","Blood Vial","Centennial Puzzle","Pocketwatch","Strawberry","Cursed Key"],"potions_floor_usage":[],"damage_taken":[{"damage":0,"enemies":"Small Slimes","floor":1,"turns":1},{"damage":0,"enemies":"2 Louse","floor":4,"turns":1},{"damage":0,"enemies":"Jaw Worm","floor":5,"turns":1},{"damage":30,"enemies":"Gremlin Nob","floor":6,"turns":4},{"damage":14,"enemies":"Blue Slaver","floor":8,"turns":5},{"damage":0,"enemies":"3 Sentries","floor":13,"turns":4},{"damage":20,"enemies":"Exordium Thugs","floor":14,"turns":6},{"damage":37,"enemies":"The Guardian","floor":16,"turns":10},{"damage":21,"enemies":"Chosen","floor":18,"turns":5},{"damage":38,"enemies":"3 Byrds","floor":19,"turns":5},{"damage":0,"enemies":"Snecko","floor":20,"turns":3},{"damage":32,"enemies":"Shelled Parasite and Fungi","floor":21,"turns":4}],"seed_played":"1636839241948540187","potions_obtained":[{"floor":4,"key":"AttackPotion"},{"floor":5,"key":"Dexterity Potion"},{"floor":6,"key":"SpeedPotion"},{"floor":14,"key":"GamblersBrew"}],"is_trial":false,"path_per_floor":["M","?","?","M","M","E","?","M","T","$","R","$","E","M","R","B",null,"M","M","M","M"],"character_chosen":"DEFECT","items_purchased":["Pocketwatch","Scrape"],"campfire_rested":1,"item_purchase_floors":[10,12],"current_hp_per_floor":[75,75,72,72,72,42,42,30,30,30,30,30,39,21,45,10,82,61,25,27,0],"gold":185,"neow_bonus":"THREE_ENEMY_KILL","is_prod":false,"is_daily":false,"chose_seed":false,"campfire_upgraded":1,"win_rate":0.0,"timestamp":1545811914,"path_taken":["M","?","?","M","?","E","?","M","T","$","R","?","E","?","R","BOSS","M","?","M","M"],"build_version":"2018-12-20","purchased_purges":1,"victory":false,"max_hp_per_floor":[75,75,75,75,75,75,75,75,75,75,75,75,82,82,82,82,82,82,82,82,82],"card_choices":[{"not_picked":["Ball Lightning","Reprogram"],"picked":"Conserve Battery","floor":1},{"not_picked":["Gash","Stack"],"picked":"Reprogram","floor":4},{"not_picked":["Coolheaded","Scrape"],"picked":"Reinforced Body","floor":5},{"not_picked":["Conserve Battery","Streamline"],"picked":"Capacitor","floor":6},{"not_picked":["Cold Snap","Steam"],"picked":"White Noise","floor":8},{"not_picked":["Turbo","Sweeping Beam"],"picked":"Echo Form","floor":13},{"not_picked":["Beam Cell","Gash"],"picked":"Rip and Tear","floor":14},{"not_picked":["Multi-Cast","Fission"],"picked":"Creative AI","floor":16},{"not_picked":["Go for the Eyes","Steam"],"picked":"Ball Lightning+1","floor":18},{"not_picked":["Auto Shields","Gash"],"picked":"Redo+1","floor":19},{"not_picked":["Auto Shields","Gash"],"picked":"Hello World","floor":20}],"player_experience":47266,"relics_obtained":[{"floor":6,"key":"Blood Vial"},{"floor":9,"key":"Centennial Puzzle"},{"floor":13,"key":"Strawberry"}],"event_choices":[{"damage_healed":0,"gold_gain":175,"player_choice":"AGREE","damage_taken":0,"max_hp_gain":0,"max_hp_loss":0,"event_name":"Liars Game","floor":2,"gold_loss":0,"cards_obtained":["Doubt"]},{"damage_healed":0,"gold_gain":0,"player_choice":"Success","damage_taken":3,"relics_obtained":["PreservedInsect"],"max_hp_gain":0,"max_hp_loss":0,"event_name":"Scrap Ooze","floor":3,"gold_loss":0},{"cards_removed":["Strike_B"],"damage_healed":0,"gold_gain":0,"player_choice":"Took Card","damage_taken":0,"max_hp_gain":0,"max_hp_loss":0,"event_name":"NoteForYourself","floor":7,"gold_loss":0,"cards_obtained":["Strike_R"]}],"is_beta":false,"boss_relics":[{"not_picked":["Fusion Hammer","Ectoplasm"],"picked":"Cursed Key"}],"items_purged_floors":[10],"is_endless":false,"potions_floor_spawned":[4,5,6,14],"killed_by":"Shelled Parasite and Fungi","ascension_level":0}