{"gold_per_floor":[13,288,288,463,474,474,17,17,44,60,60,73,73,101,101,204,204,223,223,242,64,84,84,84,95,165,165,197,72,85,48,48,151,151,167,185,185,185,107,135,135],"floor_reached":41,"playtime":1846,"items_purged":["Regret","Regret","Doubt"],"score":487,"play_id":"82dcc6da-92ad-4dca-991e-aff86b5d3a19","local_time":"20180819010344","is_ascension_mode":false,"campfire_choices":[{"data":"Go for the Eyes","floor":6,"key":"SMITH"},{"data":"Loop","floor":8,"key":"SMITH"},{"data":"Defragment","floor":11,"key":"SMITH"},{"data":"Dualcast","floor":13,"key":"SMITH"},{"data":"Zap","floor":15,"key":"SMITH"},{"data":"Defragment","floor":23,"key":"SMITH"},{"data":"Double Energy","floor":27,"key":"SMITH"},{"data":"Loop","floor":32,"key":"SMITH"}],"neow_cost":"NO_GOLD","seed_source_timestamp":12218754984724,"circlet_count":0,"master_deck":["Strike_B","Strike_B","Strike_B","Strike_B","Defend_B+1","Defend_B+1","Defend_B","Defend_B","Zap+1","Dualcast+1","Electrodynamics","Go for the Eyes+1","BootSequence","Loop+1","Defragment+1","Conserve Battery","Core Surge","Meteor Strike","Redo+1","Defragment+1","Double Energy+1","Ball Lightning+1","Sunder","Beam Cell","Loop+1","Echo Form","Rebound","Cold Snap+1","Defragment","Capacitor+1"],"relics":["Cracked Core","Bag of Preparation","Ice Cream","War Paint","Omamori","Eternal Feather","Anchor","Matryoshka","Juzu Bracelet","Inserter","Lantern"],"potions_floor_usage":[36,40],"damage_taken":[{"damage":0,"enemies":"2 Louse","floor":1,"turns":1},{"damage":0,"enemies":"Cultist","floor":5,"turns":2},{"damage":2,"enemies":"Small Slimes","floor":10,"turns":3},{"damage":13,"enemies":"2 Fungi Beasts","floor":12,"turns":3},{"damage":15,"enemies":"Gremlin Nob","floor":14,"turns":4},{"damage":21,"enemies":"Hexaghost","floor":16,"turns":8},{"damage":12,"enemies":"2 Thieves","floor":18,"turns":3},{"damage":1,"enemies":"Shell Parasite","floor":20,"turns":5},{"damage":8,"enemies":"Snake Plant","floor":22,"turns":4},{"damage":10,"enemies":"Centurion and Healer","floor":25,"turns":3},{"damage":0,"enemies":"Gremlin Leader","floor":28,"turns":3},{"damage":9,"enemies":"Snecko","floor":30,"turns":5},{"damage":67,"enemies":"Champ","floor":33,"turns":9},{"damage":16,"enemies":"Flame Bruiser 1 Orb","floor":35,"turns":5},{"damage":0,"enemies":"3 Shapes","floor":36,"turns":3},{"damage":42,"enemies":"2 Orb Walkers","floor":40,"turns":4},{"damage":23,"enemies":"3 Darklings","floor":41,"turns":3}],"seed_played":"-7241081963757643731","potions_obtained":[{"floor":5,"key":"Dexterity Potion"},{"floor":10,"key":"Block Potion"},{"floor":14,"key":"SkillPotion"},{"floor":36,"key":"Poison Potion"},{"floor":40,"key":"Ancient Potion"}],"is_trial":false,"path_per_floor":["M","?","?","?","M","R","$","R","T","M","R","M","R","E","R","B",null,"M","?","M","$","M","R","?","M","T","R","E","$","M","$","R","B",null,"M","M","?","$","$","E"],"character_chosen":"DEFECT","items_purchased":["Loop","Ice Cream","Defragment","Loop","Defragment"],"campfire_rested":0,"item_purchase_floors":[7,7,21,31,39],"current_hp_per_floor":[75,75,75,75,75,75,75,75,75,73,73,60,60,45,45,24,75,63,63,62,62,54,66,66,56,56,68,68,68,59,59,74,7,75,59,59,59,59,59,17,0],"gold":135,"neow_bonus":"THREE_RARE_CARDS","is_prod":false,"is_daily":false,"chose_seed":false,"campfire_upgraded":8,"win_rate":0,"timestamp":1534608224,"path_taken":["M","?","?","?","?","R","?","R","T","M","R","M","R","E","R","BOSS","M","?","?","$","M","R","?","M","T","R","E","$","M","?","R","BOSS","M","M","?","?","$","E","M"],"build_version":"2018-08-16","purchased_purges":3,"victory":false,"max_hp_per_floor":[75,75,75,75,75,75,75,75,75,75,75,75,75,75,75,75,75,75,75,75,75,75,75,75,75,75,75,75,75,75,75,75,75,75,75,75,75,75,75,75,75],"card_choices":[{"not_picked":["Hyperbeam","Creative AI"],"picked":"Electrodynamics","floor":0},{"not_picked":["Conserve Battery","Tempest"],"picked":"Go for the Eyes","floor":1},{"not_picked":["Chill","Sweeping Beam"],"picked":"BootSequence","floor":5},{"not_picked":["Blizzard","Reinforced Body"],"picked":"Defragment","floor":10},{"not_picked":["Undo","Coolheaded"],"picked":"Conserve Battery","floor":12},{"not_picked":["Cold Snap","Scrape"],"picked":"Core Surge","floor":14},{"not_picked":["Rainbow","Reboot"],"picked":"Meteor Strike","floor":16},{"not_picked":["Steam","Beam Cell"],"picked":"Redo+1","floor":18},{"not_picked":["Steam+1","Genetic Algorithm"],"picked":"White Noise+1","floor":20},{"not_picked":["Streamline","Glacier+1"],"picked":"Double Energy","floor":22},{"not_picked":["Hyperbeam","Reinforced Body"],"picked":"Ball Lightning+1","floor":25},{"not_picked":["Gash+1","Redo"],"picked":"Sunder","floor":28},{"not_picked":["Leap","Sweeping Beam"],"picked":"Beam Cell","floor":30},{"not_picked":["Multi-Cast","Meteor Strike"],"picked":"Echo Form","floor":33},{"not_picked":["Melter+1","Steam"],"picked":"Rebound","floor":35},{"not_picked":["Reprogram+1","Redo+1"],"picked":"Cold Snap+1","floor":36},{"not_picked":["Turbo+1","Ball Lightning"],"picked":"Capacitor+1","floor":40}],"player_experience":343094,"relics_obtained":[{"floor":9,"key":"War Paint"},{"floor":14,"key":"Omamori"},{"floor":26,"key":"Matryoshka"},{"floor":28,"key":"Juzu Bracelet"},{"floor":40,"key":"Lantern"}],"event_choices":[{"event_name":"Golden Shrine","player_choice":"Desecrate","floor":2,"damage_taken":0},{"event_name":"Big Fish","player_choice":"Box","floor":3,"damage_taken":0},{"event_name":"Liars Game","player_choice":"agreed","floor":4,"damage_taken":0},{"event_name":"Accursed Blacksmith","player_choice":"Rummage","floor":19,"damage_taken":0},{"event_name":"Drug Dealer","player_choice":"Ignored","floor":24,"damage_taken":0},{"event_name":"Falling","player_choice":"Removed Skill","floor":37,"damage_taken":0}],"is_beta":true,"boss_relics":[{"not_picked":["Coffee Dripper","White Beast Statue"],"picked":"Eternal Feather"},{"not_picked":["Black Star","Nuclear Battery"],"picked":"Inserter"}],"items_purged_floors":[7,21,29],"is_endless":false,"potions_floor_spawned":[5,10,14,16,18,25,28,33,36,40],"killed_by":"3 Darklings","ascension_level":0}