{"gold_per_floor":[114,47,47,47,62,62,77,77,127,157,172,187,202,277,277,377,377,392,317,81,0,15,15,30,30,30,30,30,45,60,75,75,75],"floor_reached":33,"playtime":2170,"items_purged":[],"score":489,"play_id":"b2fbba3f-7bc5-4944-a507-83470783b265","local_time":"20181018204850","daily_mods":["Specialized","Hoarder","Night Terrors"],"is_ascension_mode":false,"campfire_choices":[{"floor":6.0,"key":"REST"},{"data":"Body Slam","floor":15.0,"key":"SMITH"},{"floor":23.0,"key":"REST"},{"data":"Bash","floor":25.0,"key":"PURGE"},{"data":"Strike_R","floor":27.0,"key":"PURGE"},{"floor":32,"key":"REST"}],"neow_cost":"","seed_source_timestamp":0,"circlet_count":0,"master_deck":["Strike_R","Strike_R","Strike_R","Strike_R+1","Defend_R","Defend_R","Defend_R","Defend_R","Barricade+1","Barricade","Barricade","Barricade","Barricade+1","Barricade","Barricade","Barricade","Barricade","Barricade","Barricade","Barricade","Barricade","Barricade","True Grit","True Grit","True Grit","Shrug It Off","Shrug It Off","Shrug It Off","Pommel Strike","Pommel Strike","Pommel Strike","Body Slam","Body Slam+1","Body Slam","Headbutt","Headbutt","Headbutt","Armaments","Armaments","Armaments","Thunderclap","Thunderclap","Thunderclap","Pommel Strike","Pommel Strike","Pommel Strike","Dark Embrace","Dark Embrace","Dark Embrace","Normality","Normality","Normality","Decay","Decay","Decay","Shame","Shame","Shame","Entrench","Entrench","Entrench","Havoc+1","Havoc+1","Havoc+1","Ghostly Armor","Ghostly Armor","Ghostly Armor","True Grit","True Grit","True Grit","Inflame","Inflame","Inflame","Warcry","Warcry","Warcry","Infernal Blade+1","Infernal Blade+1","Infernal Blade+1"],"special_seed":17822,"relics":["Burning Blood","Anchor","Centennial Puzzle","Tiny Chest","Calling Bell","Happy Flower","Mercury Hourglass","Peace Pipe","Toolbox","Ornamental Fan"],"potions_floor_usage":[33],"damage_taken":[{"damage":48.0,"enemies":"Jaw Worm","floor":1.0,"turns":8.0},{"damage":0.0,"enemies":"Cultist","floor":5.0,"turns":4.0},{"damage":0.0,"enemies":"2 Louse","floor":7.0,"turns":3.0},{"damage":2.0,"enemies":"2 Fungi Beasts","floor":11.0,"turns":4.0},{"damage":0.0,"enemies":"Large Slime","floor":12.0,"turns":9.0},{"damage":1.0,"enemies":"Exordium Thugs","floor":13.0,"turns":4.0},{"damage":11.0,"enemies":"Slime Boss","floor":16.0,"turns":13.0},{"damage":45.0,"enemies":"3 Byrds","floor":18.0,"turns":7.0},{"damage":15.0,"enemies":"2 Thieves","floor":19.0,"turns":5.0},{"damage":14.0,"enemies":"Centurion and Healer","floor":22.0,"turns":11.0},{"damage":0.0,"enemies":"Cultist and Chosen","floor":24.0,"turns":7.0},{"damage":26.0,"enemies":"Shelled Parasite and Fungi","floor":29.0,"turns":8.0},{"damage":1.0,"enemies":"3 Cultists","floor":30.0,"turns":5.0},{"damage":23.0,"enemies":"Snecko","floor":31.0,"turns":5.0},{"damage":76,"enemies":"Automaton","floor":33,"turns":6}],"seed_played":"-5039932605172168940","potions_obtained":[{"floor":7.0,"key":"PowerPotion"},{"floor":12.0,"key":"SkillPotion"},{"floor":16.0,"key":"EssenceOfSteel"},{"floor":22.0,"key":"Fire Potion"},{"floor":29.0,"key":"FearPotion"}],"is_trial":false,"path_per_floor":["M","$","?","?","M","R","M","?","T","?","M","M","M","?","R","B",null,"M","M","$","?","M","R","M","R","T","R","?","M","M","M","R"],"character_chosen":"IRONCLAD","items_purchased":["Shrug It Off","Pommel Strike","Ghostly Armor","Toolbox"],"campfire_rested":3,"item_purchase_floors":[2,2,20,20],"current_hp_per_floor":[38,38,38,22,28,75,75,85,85,85,85,85,85,74,74,69,85,46,37,37,37,29,80,80,80,80,80,80,60,65,48,75,0],"gold":75,"neow_bonus":"","is_prod":false,"is_daily":true,"chose_seed":false,"campfire_upgraded":1,"win_rate":0,"timestamp":1539910130,"path_taken":["M","$","?","?","M","R","M","?","T","?","?","M","M","?","R","BOSS","M","?","$","?","M","R","M","R","T","R","?","M","?","M","R","BOSS"],"build_version":"2018-10-11","purchased_purges":0,"victory":false,"max_hp_per_floor":[80,80,80,80,80,75,75,85,85,85,85,85,85,85,85,85,85,85,85,85,85,85,80,80,80,80,80,80,80,80,80,75,75],"card_choices":[{"not_picked":["Twin Strike","Cleave"],"picked":"True Grit","floor":1.0},{"not_picked":["Flame Barrier","Thunderclap"],"picked":"Body Slam","floor":5.0},{"not_picked":["Clothesline","Anger"],"picked":"Headbutt","floor":7.0},{"not_picked":["Heavy Blade","Body Slam"],"picked":"Armaments","floor":11.0},{"not_picked":["Barricade","Whirlwind"],"picked":"Thunderclap","floor":12.0},{"not_picked":["Sword Boomerang","Cleave"],"picked":"Pommel Strike","floor":13.0},{"not_picked":["Feed","Limit Break"],"picked":"Dark Embrace","floor":16.0},{"not_picked":["Havoc+1","True Grit"],"picked":"Entrench","floor":18.0},{"not_picked":["Sword Boomerang+1","Body Slam"],"picked":"Havoc+1","floor":19.0},{"not_picked":["Uppercut+1","Disarm","Perfected Strike"],"picked":"SKIP","floor":22.0},{"not_picked":["Metallicize","Combust+1"],"picked":"True Grit","floor":24.0},{"not_picked":["Flex+1","Pummel+1"],"picked":"Inflame","floor":29.0},{"not_picked":["Combust","Wild Strike"],"picked":"Warcry","floor":30.0},{"not_picked":["Reckless Charge","Iron Wave+1"],"picked":"Infernal Blade+1","floor":31}],"player_experience":315795,"relics_obtained":[{"floor":3.0,"key":"Anchor"},{"floor":9.0,"key":"Centennial Puzzle"},{"floor":17.0,"key":"Happy Flower"},{"floor":17.0,"key":"Mercury Hourglass"},{"floor":17.0,"key":"Peace Pipe"},{"floor":26.0,"key":"Ornamental Fan"}],"event_choices":[{"event_name":"Wheel of Change","player_choice":"Relic","floor":3.0,"damage_taken":0.0},{"event_name":"Shining Light","player_choice":"Entered Light","floor":4.0,"damage_taken":0.0},{"event_name":"Bonfire Elementals","player_choice":"RARE","floor":8.0,"damage_taken":0.0},{"event_name":"Dead Adventurer","player_choice":"Searched \u00272\u0027 times","floor":10.0,"damage_taken":0.0},{"event_name":"World of Goop","player_choice":"Gather Gold","floor":14.0,"damage_taken":0.0},{"event_name":"Masked Bandits","player_choice":"Paid Fearfully","floor":21.0,"damage_taken":0.0},{"event_name":"Upgrade Shrine","player_choice":"Upgraded","floor":28.0,"damage_taken":0.0}],"is_beta":false,"boss_relics":[{"not_picked":["Snecko Eye","Empty Cage"],"picked":"Calling Bell"}],"items_purged_floors":[],"is_endless":false,"potions_floor_spawned":[7,12,16,22,29],"killed_by":"Automaton","ascension_level":0}