{"gold_per_floor":[17,33,48,62,77,77,103,178,250,250,261,261,281,45,45,145,145,155,165,185,202,202,202,102,102,128,128,156,12,12,32,32,136,136,155,155,30,40,140,140,150,160,160,190,43,43,43,54,54,54,54,54,54,87,87],"floor_reached":56,"playtime":2766,"items_purged":["Strike_R","Strike_R","Defend_R"],"score":1259,"play_id":"e2f3c9ea-0546-4690-8dd7-94b871e6ca22","local_time":"20181224194243","is_ascension_mode":false,"campfire_choices":[{"data":"Armaments","floor":6,"key":"SMITH"},{"data":"Limit Break","floor":15,"key":"SMITH"},{"data":"Limit Break","floor":23,"key":"SMITH"},{"data":"Uppercut","floor":25,"key":"SMITH"},{"floor":32,"key":"RECALL"},{"data":"Whirlwind","floor":40,"key":"SMITH"},{"data":"Secret Technique","floor":49,"key":"SMITH"},{"data":"Flame Barrier","floor":52,"key":"SMITH"}],"neow_cost":"NO_GOLD","seed_source_timestamp":612228283569700,"circlet_count":0,"master_deck":["Strike_R","Strike_R","Defend_R","Defend_R","Defend_R","Bash","Limit Break+1","Intimidate","Inflame","Disarm","Armaments+1","Intimidate","Shrug It Off","Metallicize","Limit Break+1","Offering","Disarm","Cleave","Whirlwind+1","Uppercut+1","Shrug It Off","Ghostly","Ghostly","Ghostly","Ghostly","Ghostly","Offering","Flame Barrier+1","Clothesline+1","Impervious","Parasite","Evolve","Secret Technique+1"],"relics":["Burning Blood","Ancient Tea Set","Pear","Du-Vu Doll","Coffee Dripper","Enchiridion","Red Mask","Red Skull","Cursed Key","Charon\u0027s Ashes","Strawberry","Potion Belt","Vajra","Centennial Puzzle"],"potions_floor_usage":[28,28,28,55,55,55],"damage_taken":[{"damage":0,"enemies":"2 Louse","floor":1,"turns":6},{"damage":0,"enemies":"Small Slimes","floor":2,"turns":4},{"damage":3,"enemies":"Jaw Worm","floor":3,"turns":5},{"damage":6,"enemies":"3 Louse","floor":4,"turns":4},{"damage":12,"enemies":"Looter","floor":5,"turns":4},{"damage":23,"enemies":"3 Sentries","floor":7,"turns":10},{"damage":9,"enemies":"Blue Slaver","floor":11,"turns":4},{"damage":14,"enemies":"Exordium Wildlife","floor":13,"turns":6},{"damage":10,"enemies":"The Guardian","floor":16,"turns":10},{"damage":11,"enemies":"Chosen","floor":18,"turns":7},{"damage":32,"enemies":"3 Byrds","floor":19,"turns":9},{"damage":18,"enemies":"Centurion and Healer","floor":20,"turns":7},{"damage":19,"enemies":"Shelled Parasite and Fungi","floor":21,"turns":6},{"damage":33,"enemies":"Masked Bandits","floor":28,"turns":9},{"damage":0,"enemies":"3 Cultists","floor":31,"turns":6},{"damage":1,"enemies":"Champ","floor":33,"turns":10},{"damage":2,"enemies":"3 Darklings","floor":35,"turns":5},{"damage":6,"enemies":"3 Shapes","floor":38,"turns":7},{"damage":2,"enemies":"Mind Bloom Boss Battle","floor":39,"turns":6},{"damage":6,"enemies":"Sphere and 2 Shapes","floor":41,"turns":4},{"damage":2,"enemies":"3 Darklings","floor":42,"turns":7},{"damage":5,"enemies":"Giant Head","floor":44,"turns":8},{"damage":2,"enemies":"Transient","floor":48,"turns":5},{"damage":30,"enemies":"Time Eater","floor":50,"turns":10},{"damage":6,"enemies":"Shield and Spear","floor":54,"turns":7},{"damage":5,"enemies":"The Heart","floor":55,"turns":7}],"seed_played":"-3975809198894791627","potions_obtained":[{"floor":4,"key":"Swift Potion"},{"floor":5,"key":"Strength Potion"},{"floor":7,"key":"BloodPotion"},{"floor":18,"key":"Regen Potion"},{"floor":19,"key":"Regen Potion"},{"floor":33,"key":"SkillPotion"},{"floor":39,"key":"Dexterity Potion"},{"floor":41,"key":"SteroidPotion"},{"floor":44,"key":"EssenceOfSteel"},{"floor":48,"key":"GamblersBrew"},{"floor":54,"key":"Regen Potion"}],"is_trial":false,"path_per_floor":["M","M","M","M","M","R","E","?","T","?","M","?","M","$","R","B",null,"M","M","M","M","?","R","$","R","T","$","?","$","?","M","R","B",null,"M","?","$","M","?","R","M","M","T","E","$","?","$","M","R","B",null,"R","$","E","B",null],"character_chosen":"IRONCLAD","items_purchased":["Limit Break","Red Skull","Vajra"],"campfire_rested":0,"item_purchase_floors":[14,29,45],"current_hp_per_floor":[80,80,80,80,74,74,57,46,56,49,46,39,31,31,31,27,90,85,59,47,34,18,18,18,18,18,18,52,52,45,45,45,45,45,45,45,45,45,45,45,45,45,52,52,52,52,52,52,52,28,52,52,52,52,52],"gold":87,"neow_bonus":"THREE_RARE_CARDS","is_prod":false,"is_daily":false,"chose_seed":false,"campfire_upgraded":7,"win_rate":0,"timestamp":1545648163,"path_taken":["M","M","M","M","M","R","E","?","T","?","M","?","M","$","R","BOSS","M","M","M","M","?","R","$","R","T","$","?","$","?","M","R","BOSS","M","?","$","M","?","R","M","M","T","E","?","?","$","M","R","BOSS","R","$","E","BOSS"],"build_version":"2018-12-20","purchased_purges":3,"victory":true,"max_hp_per_floor":[80,80,80,80,80,80,80,80,90,90,90,90,90,90,90,90,90,90,90,90,90,90,90,90,90,90,90,90,90,45,45,45,45,45,45,45,45,45,45,45,45,45,52,52,52,52,52,52,52,52,52,52,52,52,52],"card_choices":[{"not_picked":["Brutality","Bludgeon"],"picked":"Limit Break","floor":0},{"not_picked":["Perfected Strike","Clash"],"picked":"Intimidate","floor":1},{"not_picked":["Thunderclap","Carnage"],"picked":"Inflame","floor":2},{"not_picked":["Body Slam","Wild Strike"],"picked":"Disarm","floor":3},{"not_picked":["Sword Boomerang","Reckless Charge"],"picked":"Armaments","floor":4},{"not_picked":["Havoc","Fire Breathing"],"picked":"Intimidate","floor":5},{"not_picked":["Fiend Fire","Bludgeon"],"picked":"Pommel Strike","floor":7},{"not_picked":["Iron Wave","Thunderclap"],"picked":"Shrug It Off","floor":11},{"not_picked":["Iron Wave","Perfected Strike"],"picked":"Metallicize","floor":13},{"not_picked":["Double Tap","Immolate"],"picked":"Offering","floor":16},{"not_picked":["Searing Blow","Body Slam"],"picked":"Disarm","floor":18},{"not_picked":["Havoc","Body Slam"],"picked":"Cleave","floor":19},{"not_picked":["Burning Pact","Iron Wave"],"picked":"Whirlwind","floor":20},{"not_picked":["Wild Strike+1","Headbutt"],"picked":"Uppercut","floor":21},{"not_picked":["Cleave","Blood for Blood"],"picked":"Shrug It Off","floor":28},{"not_picked":["Clothesline","True Grit+1","Twin Strike+1"],"picked":"SKIP","floor":31},{"not_picked":["Immolate","Brutality"],"picked":"Offering","floor":33},{"not_picked":["Inflame+1","Havoc+1"],"picked":"Flame Barrier","floor":35},{"not_picked":["Clash+1","Anger+1"],"picked":"Clothesline+1","floor":38},{"not_picked":["Sword Boomerang","Power Through"],"picked":"Impervious","floor":41},{"not_picked":["Seeing Red+1","Iron Wave+1","Armaments"],"picked":"SKIP","floor":42},{"not_picked":["True Grit","Cleave+1"],"picked":"Evolve","floor":44},{"not_picked":["Deep Breath","PanicButton"],"picked":"Secret Technique","floor":46},{"not_picked":["Hemokinesis+1","Evolve","Spot Weakness"],"picked":"SKIP","floor":48},{"not_picked":["Rupture","Reaper","Carnage+1"],"picked":"SKIP","floor":54}],"player_experience":674624,"relics_obtained":[{"floor":7,"key":"Ancient Tea Set"},{"floor":9,"key":"Pear"},{"floor":22,"key":"Enchiridion"},{"floor":28,"key":"Red Mask"},{"floor":39,"key":"Charon\u0027s Ashes"},{"floor":43,"key":"Strawberry"},{"floor":44,"key":"Potion Belt"},{"floor":54,"key":"Centennial Puzzle"}],"event_choices":[{"damage_healed":0,"gold_gain":75,"player_choice":"Gather Gold","damage_taken":11,"max_hp_gain":0,"max_hp_loss":0,"event_name":"World of Goop","floor":8,"gold_loss":0},{"damage_healed":0,"gold_gain":0,"player_choice":"Success","damage_taken":7,"relics_obtained":["Du-Vu Doll"],"max_hp_gain":0,"max_hp_loss":0,"event_name":"Scrap Ooze","floor":10,"gold_loss":0},{"cards_removed":["Strike_R"],"damage_healed":0,"gold_gain":0,"player_choice":"Card Removal","damage_taken":7,"max_hp_gain":0,"max_hp_loss":0,"event_name":"Golden Wing","floor":12,"gold_loss":0},{"damage_healed":0,"gold_gain":0,"player_choice":"Obtained Book","damage_taken":16,"max_hp_gain":0,"max_hp_loss":0,"event_name":"Cursed Tome","floor":22,"gold_loss":0},{"damage_healed":0,"gold_gain":0,"player_choice":"Fought Bandits","damage_taken":0,"max_hp_gain":0,"max_hp_loss":0,"event_name":"Masked Bandits","floor":28,"gold_loss":0},{"damage_healed":0,"gold_gain":0,"player_choice":"Became a Ghost","damage_taken":0,"max_hp_gain":0,"max_hp_loss":45,"event_name":"Ghosts","floor":30,"gold_loss":0,"cards_obtained":["Ghostly","Ghostly","Ghostly","Ghostly","Ghostly"]},{"cards_removed":["Pommel Strike"],"damage_healed":0,"gold_gain":0,"player_choice":"Removed Attack","damage_taken":0,"max_hp_gain":0,"max_hp_loss":0,"event_name":"Falling","floor":36,"gold_loss":0},{"damage_healed":0,"gold_gain":0,"player_choice":"Fight","damage_taken":0,"max_hp_gain":0,"max_hp_loss":0,"event_name":"MindBloom","floor":39,"gold_loss":0},{"damage_healed":0,"gold_gain":0,"player_choice":"Memory 1","damage_taken":0,"max_hp_gain":0,"max_hp_loss":0,"event_name":"SensoryStone","floor":46,"gold_loss":0}],"is_beta":false,"boss_relics":[{"not_picked":["Busted Crown","Orrery"],"picked":"Coffee Dripper"},{"not_picked":["Pandora\u0027s Box","Astrolabe"],"picked":"Cursed Key"}],"items_purged_floors":[14,24,37],"is_endless":false,"potions_floor_spawned":[4,5,7,11,18,19,21,33,39,41,42,44,48,54],"ascension_level":0}