{"gold_per_floor":[214,139,151,76,76,76,86,118,145,162,162,162,212,230,230,307,307,279,179,197,208,123,123,173,173,173,173,188,204,204,219,219,219],"floor_reached":33,"playtime":1386,"items_purged":["Strike_B","Strike_B"],"score":457,"play_id":"a2b84c2a-8ca9-4951-a016-89903eb6cfb9","local_time":"20190102224407","is_ascension_mode":true,"campfire_choices":[{"data":"Zap","floor":6,"key":"SMITH"},{"data":"Dualcast","floor":11,"key":"SMITH"},{"data":"Blizzard","floor":15,"key":"SMITH"},{"data":"Glacier","floor":23,"key":"SMITH"},{"floor":27,"key":"REST"},{"data":"Double Energy","floor":30,"key":"SMITH"},{"data":"Chill","floor":32,"key":"SMITH"}],"neow_cost":"NONE","seed_source_timestamp":1402105736932820,"circlet_count":0,"master_deck":["AscendersBane","Strike_B","Defend_B","Defend_B","Defend_B","Defend_B","Zap+1","Dualcast+1","Glacier+1","Ball Lightning","FTL","Chill+1","Cold Snap","Blizzard+1","Core Surge","Double Energy+1","Hologram+1","FTL"],"relics":["FrozenCore","Bag of Preparation","Blood Vial","Sundial","The Courier"],"potions_floor_usage":[20,33,33],"damage_taken":[{"damage":1,"enemies":"Cultist","floor":1,"turns":3},{"damage":4,"enemies":"Small Slimes","floor":3,"turns":5},{"damage":0,"enemies":"2 Louse","floor":7,"turns":2},{"damage":11,"enemies":"3 Sentries","floor":8,"turns":8},{"damage":0,"enemies":"Lots of Slimes","floor":10,"turns":3},{"damage":0,"enemies":"Blue Slaver","floor":14,"turns":4},{"damage":20,"enemies":"The Guardian","floor":16,"turns":11},{"damage":14,"enemies":"2 Thieves","floor":18,"turns":4},{"damage":7,"enemies":"Chosen","floor":20,"turns":5},{"damage":6,"enemies":"Snake Plant","floor":21,"turns":8},{"damage":10,"enemies":"Centurion and Healer","floor":28,"turns":11},{"damage":2,"enemies":"Sentry and Sphere","floor":29,"turns":10},{"damage":3,"enemies":"Snake Plant","floor":31,"turns":7},{"damage":61,"enemies":"Champ","floor":33,"turns":14}],"seed_played":"6584774116288582538","potions_obtained":[{"floor":1,"key":"AttackPotion"},{"floor":3,"key":"Dexterity Potion"},{"floor":14,"key":"Block Potion"},{"floor":20,"key":"AttackPotion"}],"is_trial":false,"path_per_floor":["M","$","M","?","$","R","M","E","T","M","R","?","?","M","R","B",null,"M","$","M","M","?","R","?","?","T","R","M","M","R","M","R","B"],"character_chosen":"DEFECT","items_purchased":[],"campfire_rested":1,"item_purchase_floors":[],"current_hp_per_floor":[63,63,59,59,59,59,59,48,48,50,50,50,43,45,45,27,60,48,48,43,39,39,39,39,32,32,53,45,45,45,44,44,0],"gold":219,"neow_bonus":"HUNDRED_GOLD","is_prod":false,"is_daily":false,"chose_seed":false,"campfire_upgraded":6,"win_rate":0,"timestamp":1546436647,"path_taken":["M","$","M","?","$","R","M","E","T","M","R","?","?","?","R","BOSS","M","$","M","M","?","R","?","?","T","R","M","M","R","?","R","BOSS"],"build_version":"2018-12-20","purchased_purges":2,"victory":false,"max_hp_per_floor":[71,71,71,71,71,71,71,71,71,71,71,71,71,71,71,71,71,71,71,71,71,71,71,71,71,71,71,71,71,71,71,71,71],"card_choices":[{"not_picked":["Hello World","Conserve Battery"],"picked":"Glacier","floor":1},{"not_picked":["Rip and Tear","Steam"],"picked":"Ball Lightning","floor":3},{"not_picked":["Rip and Tear","Static Discharge"],"picked":"FTL","floor":7},{"not_picked":["Force Field","Barrage"],"picked":"Chill","floor":8},{"not_picked":["Rebound","Hyperbeam"],"picked":"Cold Snap","floor":10},{"not_picked":["Stack","Coolheaded"],"picked":"Blizzard","floor":14},{"not_picked":["Hyperbeam","Meteor Strike"],"picked":"Core Surge","floor":16},{"not_picked":["Beam Cell","Leap+1","Genetic Algorithm"],"picked":"SKIP","floor":18},{"not_picked":["Static Discharge","Tempest","Redo"],"picked":"SKIP","floor":20},{"not_picked":["Streamline+1","Steam","Beam Cell"],"picked":"SKIP","floor":21},{"not_picked":["Ball Lightning","Reinforced Body"],"picked":"Double Energy","floor":28},{"not_picked":["Chaos","Scrape"],"picked":"Hologram+1","floor":29},{"not_picked":["Stack","Auto Shields"],"picked":"FTL","floor":31}],"player_experience":719872,"relics_obtained":[{"floor":8,"key":"Bag of Preparation"},{"floor":9,"key":"Blood Vial"},{"floor":26,"key":"The Courier"}],"event_choices":[{"cards_removed":["Strike_B"],"damage_healed":0,"gold_gain":0,"player_choice":"Card Removal","damage_taken":0,"max_hp_gain":0,"max_hp_loss":0,"event_name":"The Cleric","floor":4,"gold_loss":75},{"damage_healed":0,"gold_gain":0,"player_choice":"Searched \u00270\u0027 times","damage_taken":0,"max_hp_gain":0,"max_hp_loss":0,"event_name":"Dead Adventurer","floor":12,"gold_loss":0},{"damage_healed":0,"gold_gain":50,"player_choice":"Touch","damage_taken":7,"max_hp_gain":0,"max_hp_loss":0,"event_name":"FaceTrader","floor":13,"gold_loss":0},{"damage_healed":0,"gold_gain":0,"player_choice":"Obtained Relic","damage_taken":0,"relics_obtained":["Sundial"],"max_hp_gain":0,"max_hp_loss":0,"event_name":"Addict","floor":22,"gold_loss":85},{"damage_healed":0,"gold_gain":50,"player_choice":"Stole From Cult","damage_taken":0,"max_hp_gain":0,"max_hp_loss":0,"event_name":"Nest","floor":24,"gold_loss":0},{"damage_healed":0,"gold_gain":0,"player_choice":"","damage_taken":7,"max_hp_gain":0,"max_hp_loss":0,"event_name":"Knowing Skull","floor":25,"potions_obtained":[],"gold_loss":0,"cards_obtained":[]}],"is_beta":false,"boss_relics":[{"not_picked":["Orrery","Fusion Hammer"],"picked":"FrozenCore"}],"items_purged_floors":[2,19],"is_endless":false,"potions_floor_spawned":[1,3,8,14,20,29],"killed_by":"Champ","ascension_level":17}