{"gold_per_floor":[117,137,137,137,212,237,247,263,263,263,276,291,30,30,30,135,135,147,162,180,180,180,208,208,208,233,233,267,267,283,297,297,297],"floor_reached":33,"playtime":925,"items_purged":[],"score":359,"play_id":"6cd24349-fcda-40fb-8323-3922162f224f","local_time":"20190120131931","is_ascension_mode":true,"campfire_choices":[{"data":"Demon Form","floor":15,"key":"SMITH"},{"floor":24,"key":"REST"},{"floor":27,"key":"REST"},{"floor":32,"key":"REST"}],"neow_cost":"NONE","seed_source_timestamp":953618627576331,"circlet_count":0,"master_deck":["Strike_R+1","Strike_R+1","Strike_R+1","Strike_R+1","Strike_R+1","Defend_R+1","Defend_R+1","Defend_R+1","Defend_R+1","Bash","Wild Strike","Thunderclap+1","Demon Form+1","Thunderclap","Double Tap","Parasite","Impervious","Pommel Strike+1","Body Slam+1","Flex","Cleave+1","Heavy Blade","Flex+1","Ghostly Armor"],"relics":["Burning Blood","Pen Nib","Oddly Smooth Stone","Bag of Marbles","Kunai","Sozu","Letter Opener","Lantern","Sundial"],"potions_floor_usage":[12,18],"damage_taken":[{"damage":1,"enemies":"Cultist","floor":1,"turns":4},{"damage":0,"enemies":"2 Louse","floor":2,"turns":2},{"damage":25,"enemies":"3 Sentries","floor":6,"turns":7},{"damage":6,"enemies":"Small Slimes","floor":7,"turns":4},{"damage":12,"enemies":"2 Fungi Beasts","floor":8,"turns":3},{"damage":4,"enemies":"Large Slime","floor":11,"turns":4},{"damage":8,"enemies":"Blue Slaver","floor":12,"turns":2},{"damage":58,"enemies":"Hexaghost","floor":16,"turns":8},{"damage":18,"enemies":"3 Byrds","floor":18,"turns":4},{"damage":6,"enemies":"Chosen","floor":19,"turns":3},{"damage":18,"enemies":"Snake Plant","floor":20,"turns":3},{"damage":20,"enemies":"Gremlin Leader","floor":23,"turns":4},{"damage":16,"enemies":"Book of Stabbing","floor":28,"turns":3},{"damage":18,"enemies":"Snecko","floor":30,"turns":3},{"damage":5,"enemies":"Centurion and Healer","floor":31,"turns":3},{"damage":77,"enemies":"Automaton","floor":33,"turns":8}],"seed_played":"4314460016258395047","potions_obtained":[{"floor":7,"key":"Swift Potion"},{"floor":8,"key":"Regen Potion"},{"floor":16,"key":"Swift Potion"}],"is_trial":false,"path_per_floor":["M","M","?","?","?","E","M","M","T","?","M","M","$","?","R","B",null,"M","M","M","?","?","E","R","?","T","R","E","?","M","M","R","B"],"character_chosen":"IRONCLAD","items_purchased":["Kunai"],"campfire_rested":3,"item_purchase_floors":[13],"current_hp_per_floor":[80,80,80,64,53,34,34,28,28,54,56,54,54,74,74,22,66,54,54,42,42,42,28,52,37,37,62,52,52,40,41,66,0],"gold":297,"neow_bonus":"RANDOM_COMMON_RELIC","is_prod":false,"is_daily":false,"chose_seed":false,"campfire_upgraded":1,"win_rate":0,"timestamp":1548011971,"path_taken":["M","?","?","?","?","E","M","M","T","?","M","M","$","?","R","BOSS","M","M","M","?","?","E","R","?","T","R","E","?","?","M","R","BOSS"],"build_version":"2019-01-17v2","purchased_purges":0,"victory":false,"max_hp_per_floor":[80,80,80,80,80,80,80,80,80,80,80,80,80,80,80,80,80,80,80,80,80,80,80,80,85,85,85,85,85,85,85,85,85],"card_choices":[{"not_picked":["Iron Wave","Combust"],"picked":"Wild Strike","floor":1},{"not_picked":["Headbutt","Searing Blow"],"picked":"Thunderclap","floor":2},{"not_picked":["True Grit","Iron Wave"],"picked":"Demon Form","floor":6},{"not_picked":["Sword Boomerang","Clash","Headbutt"],"picked":"SKIP","floor":7},{"not_picked":["Hemokinesis","Clash"],"picked":"Thunderclap","floor":8},{"not_picked":["Armaments","Clash","Clothesline"],"picked":"SKIP","floor":11},{"not_picked":["Searing Blow","Heavy Blade"],"picked":"Double Tap","floor":12},{"not_picked":["Offering","Demon Form"],"picked":"Impervious","floor":16},{"not_picked":["Thunderclap","Blood for Blood"],"picked":"Pommel Strike+1","floor":18},{"not_picked":["Wild Strike","Blood for Blood"],"picked":"Body Slam+1","floor":19},{"not_picked":["Rampage","Twin Strike"],"picked":"Flex","floor":20},{"not_picked":["Pommel Strike+1","Body Slam+1"],"picked":"Cleave+1","floor":23},{"not_picked":["Combust","True Grit+1"],"picked":"Heavy Blade","floor":28},{"not_picked":["Pummel","Metallicize"],"picked":"Flex+1","floor":30},{"not_picked":["Cleave+1","Spot Weakness"],"picked":"Ghostly Armor","floor":31}],"player_experience":293857,"relics_obtained":[{"floor":6,"key":"Oddly Smooth Stone"},{"floor":9,"key":"Bag of Marbles"},{"floor":23,"key":"Letter Opener"},{"floor":26,"key":"Lantern"},{"floor":28,"key":"Sundial"}],"event_choices":[{"damage_healed":0,"gold_gain":0,"player_choice":"Grow","damage_taken":0,"max_hp_gain":0,"max_hp_loss":0,"event_name":"Living Wall","floor":3,"gold_loss":0,"cards_upgraded":["Thunderclap"]},{"damage_healed":0,"gold_gain":0,"player_choice":"Entered Light","damage_taken":16,"max_hp_gain":0,"max_hp_loss":0,"event_name":"Shining Light","floor":4,"gold_loss":0,"cards_upgraded":["Strike_R","Strike_R"]},{"damage_healed":0,"gold_gain":75,"player_choice":"Gather Gold","damage_taken":11,"max_hp_gain":0,"max_hp_loss":0,"event_name":"World of Goop","floor":5,"gold_loss":0},{"damage_healed":26,"gold_gain":0,"player_choice":"Banana","damage_taken":0,"max_hp_gain":0,"max_hp_loss":0,"event_name":"Big Fish","floor":10,"gold_loss":0},{"damage_healed":20,"gold_gain":0,"player_choice":"Healed and dodged fight","damage_taken":0,"max_hp_gain":0,"max_hp_loss":0,"event_name":"Mushrooms","floor":14,"gold_loss":0,"cards_obtained":["Parasite"]},{"damage_healed":0,"gold_gain":0,"player_choice":"Simplicity","damage_taken":0,"max_hp_gain":0,"max_hp_loss":0,"event_name":"Back to Basics","floor":21,"gold_loss":0,"cards_upgraded":["Strike_R","Strike_R","Strike_R","Defend_R","Defend_R","Defend_R","Defend_R"]},{"damage_healed":0,"gold_gain":0,"player_choice":"Ignored","damage_taken":0,"max_hp_gain":0,"max_hp_loss":0,"event_name":"Ghosts","floor":22,"gold_loss":0},{"damage_healed":0,"gold_gain":0,"player_choice":"Shed Blood","damage_taken":20,"max_hp_gain":5,"max_hp_loss":0,"event_name":"Forgotten Altar","floor":25,"gold_loss":0},{"damage_healed":0,"gold_gain":0,"player_choice":"Ignored","damage_taken":0,"max_hp_gain":0,"max_hp_loss":0,"event_name":"Cursed Tome","floor":29,"gold_loss":0}],"is_beta":false,"boss_relics":[{"not_picked":["Black Blood","Orrery"],"picked":"Sozu"}],"items_purged_floors":[],"is_endless":false,"potions_floor_spawned":[7,8,16,18,19,20],"killed_by":"Automaton","ascension_level":5}