{"gold_per_floor":[99,99,99,99,99,99,99,99,99,99,99,99,99,99,99,99,99,99,99,99,69,69,69,69,69,69,69,69,69,69,69,69,69,69,69,69,69,69,69,69,69,69,69,69,69,69,69,69,69,69],"floor_reached":51,"playtime":3620,"items_purged":[],"score":871,"play_id":"c53a7cec-008a-4fe9-ba06-cf90ce902d48","local_time":"20181123165016","is_ascension_mode":true,"campfire_choices":[{"floor":6,"key":"REST"},{"floor":13,"key":"REST"},{"data":"Corpse Explosion","floor":15,"key":"SMITH"},{"floor":23,"key":"REST"},{"floor":27,"key":"REST"},{"floor":32,"key":"REST"},{"data":"Footwork","floor":40,"key":"SMITH"},{"floor":42,"key":"REST"},{"floor":44,"key":"REST"},{"floor":49,"key":"REST"}],"neow_cost":"NONE","seed_source_timestamp":494631392151308,"circlet_count":0,"master_deck":["Defend_G+1","Defend_G+1","Defend_G+1","Defend_G+1","Defend_G+1","Strike_G+1","Strike_G+1","Strike_G+1","Strike_G+1","Survivor","Neutralize","Dagger Throw","Dagger Throw","Deflect","Dagger Spray","Setup","Dodge and Roll","Corpse Explosion+1","Tools of the Trade","Cloak And Dagger+1","Footwork+1","Catalyst+1","Quick Slash+1","Deadly Poison+1","Envenom","Escape Plan+1","Slice+1","Footwork","Bouncing Flask+1","Quick Slash+1","PiercingWail+1"],"relics":["Ectoplasm","Golden Idol","Tough Bandages","Kunai","Sozu","Girya","Shuriken","Bottled Tornado","MutagenicStrength","Pantograph","Runic Pyramid","StoneCalendar","Molten Egg 2","Centennial Puzzle","Mango","Gremlin Horn"],"potions_floor_usage":[8,16,16,20,21],"damage_taken":[{"damage":2,"enemies":"Jaw Worm","floor":1,"turns":4},{"damage":3,"enemies":"Small Slimes","floor":3,"turns":3},{"damage":0,"enemies":"2 Louse","floor":7,"turns":3},{"damage":17,"enemies":"3 Sentries","floor":8,"turns":10},{"damage":2,"enemies":"Large Slime","floor":10,"turns":9},{"damage":0,"enemies":"3 Louse","floor":11,"turns":2},{"damage":0,"enemies":"Blue Slaver","floor":12,"turns":3},{"damage":3,"enemies":"Exordium Thugs","floor":14,"turns":5},{"damage":21,"enemies":"Slime Boss","floor":16,"turns":10},{"damage":0,"enemies":"Chosen","floor":18,"turns":7},{"damage":5,"enemies":"Colosseum Slavers","floor":20,"turns":2},{"damage":35,"enemies":"Colosseum Nobs","floor":20,"turns":4},{"damage":14,"enemies":"2 Thieves","floor":21,"turns":2},{"damage":9,"enemies":"Centurion and Healer","floor":24,"turns":4},{"damage":22,"enemies":"Snake Plant","floor":29,"turns":6},{"damage":2,"enemies":"Gremlin Leader","floor":30,"turns":5},{"damage":51,"enemies":"Collector","floor":33,"turns":10},{"damage":3,"enemies":"Orb Walker","floor":35,"turns":3},{"damage":9,"enemies":"3 Darklings","floor":36,"turns":5},{"damage":0,"enemies":"Mind Bloom Boss Battle","floor":39,"turns":6},{"damage":41,"enemies":"Reptomancer","floor":41,"turns":7},{"damage":26,"enemies":"2 Orb Walkers","floor":45,"turns":6},{"damage":41,"enemies":"4 Shapes","floor":47,"turns":4},{"damage":0,"enemies":"Maw","floor":48,"turns":7},{"damage":20,"enemies":"Donu and Deca","floor":50,"turns":6}],"seed_played":"2035268981025145004","potions_obtained":[{"floor":1,"key":"Poison Potion"},{"floor":10,"key":"SkillPotion"},{"floor":12,"key":"Block Potion"},{"floor":14,"key":"Regen Potion"},{"floor":16,"key":"FearPotion"}],"is_trial":false,"path_per_floor":["M","?","M","?","?","R","M","E","T","M","M","M","R","M","R","B",null,"M","?","?","M","?","R","M","?","T","R","?","M","E","$","R","B",null,"M","M","?","$","?","R","E","R","T","R","?","T","M","M","R","B",null],"character_chosen":"THE_SILENT","items_purchased":[],"campfire_rested":8,"item_purchase_floors":[],"current_hp_per_floor":[61,44,41,41,34,55,55,38,38,36,36,36,57,54,54,48,65,65,65,25,11,11,32,23,23,23,44,44,22,20,20,41,15,56,53,44,44,44,69,69,28,49,49,70,58,58,17,17,42,47],"gold":69,"neow_bonus":"BOSS_RELIC","is_prod":false,"is_daily":false,"chose_seed":false,"campfire_upgraded":2,"win_rate":0,"timestamp":1543009816,"path_taken":["M","?","M","?","?","R","M","E","T","M","M","M","R","M","R","BOSS","M","?","?","M","?","R","M","?","T","R","?","M","E","$","R","BOSS","M","M","?","?","?","R","E","R","T","R","?","?","?","M","R","BOSS"],"build_version":"2018-11-15","purchased_purges":0,"victory":true,"max_hp_per_floor":[70,70,70,70,70,70,70,70,70,70,70,70,70,70,70,70,70,70,70,70,70,70,70,70,70,70,70,70,70,70,70,70,70,70,70,70,70,70,70,70,70,70,70,70,84,84,84,84,84,84],"card_choices":[{"not_picked":["Finisher","Poisoned Stab"],"picked":"Dagger Throw","floor":1},{"not_picked":["Underhanded Strike","Choke"],"picked":"Dagger Throw","floor":3},{"not_picked":["Masterful Stab","Infinite Blades","Quick Slash"],"picked":"SKIP","floor":7},{"not_picked":["Infinite Blades","Masterful Stab"],"picked":"Deflect","floor":8},{"not_picked":["Outmaneuver","Quick Slash"],"picked":"Dagger Spray","floor":10},{"not_picked":["Flying Knee","Bane"],"picked":"Setup","floor":11},{"not_picked":["Calculated Gamble","Underhanded Strike"],"picked":"Dodge and Roll","floor":12},{"not_picked":["Underhanded Strike","Blade Dance"],"picked":"Corpse Explosion","floor":14},{"not_picked":["Wraith Form v2","Malaise"],"picked":"Tools of the Trade","floor":16},{"not_picked":["Slice","PiercingWail"],"picked":"Cloak And Dagger+1","floor":18},{"not_picked":["Sucker Punch+1","Backflip"],"picked":"Footwork","floor":20},{"not_picked":["Dodge and Roll","Poisoned Stab"],"picked":"Catalyst+1","floor":21},{"not_picked":["Deflect","Distraction"],"picked":"Quick Slash+1","floor":24},{"not_picked":["Underhanded Strike+1","Flying Knee+1"],"picked":"Deadly Poison+1","floor":29},{"not_picked":["Deadly Poison","Choke","Tactician+1"],"picked":"SKIP","floor":30},{"not_picked":["Venomology","Grand Finale"],"picked":"Envenom","floor":33},{"not_picked":["Prepared","Accuracy"],"picked":"Escape Plan+1","floor":35},{"not_picked":["Deflect","Dagger Spray+1"],"picked":"Slice+1","floor":36},{"not_picked":["Poisoned Stab","Concentrate+1"],"picked":"Bouncing Flask+1","floor":39},{"not_picked":["Blade Dance","All Out Attack+1","Outmaneuver"],"picked":"SKIP","floor":41},{"not_picked":["Bane+1","Flying Knee+1"],"picked":"Quick Slash+1","floor":45},{"not_picked":["Deadly Poison","A Thousand Cuts"],"picked":"PiercingWail+1","floor":47},{"not_picked":["Outmaneuver","Flying Knee+1","Deflect+1"],"picked":"SKIP","floor":48}],"player_experience":605783,"relics_obtained":[{"floor":8,"key":"Tough Bandages"},{"floor":9,"key":"Kunai"},{"floor":20,"key":"Girya"},{"floor":20,"key":"Shuriken"},{"floor":26,"key":"Bottled Tornado"},{"floor":30,"key":"Pantograph"},{"floor":39,"key":"StoneCalendar"},{"floor":41,"key":"Molten Egg 2"},{"floor":43,"key":"Centennial Puzzle"},{"floor":45,"key":"Mango"},{"floor":46,"key":"Gremlin Horn"}],"event_choices":[{"damage_healed":0,"gold_gain":0,"player_choice":"Take Damage","damage_taken":17,"relics_obtained":["Golden Idol"],"max_hp_gain":0,"max_hp_loss":0,"event_name":"Golden Idol","floor":2,"gold_loss":0},{"damage_healed":0,"gold_gain":0,"player_choice":"Ignored","damage_taken":0,"max_hp_gain":0,"max_hp_loss":0,"event_name":"Liars Game","floor":4,"gold_loss":0},{"cards_removed":["Strike_G"],"damage_healed":0,"gold_gain":0,"player_choice":"Card Removal","damage_taken":7,"max_hp_gain":0,"max_hp_loss":0,"event_name":"Golden Wing","floor":5,"gold_loss":0},{"damage_healed":0,"gold_gain":0,"player_choice":"Simplicity","damage_taken":0,"max_hp_gain":0,"max_hp_loss":0,"event_name":"Back to Basics","floor":19,"gold_loss":0,"cards_upgraded":["Defend_G","Defend_G","Defend_G","Defend_G","Defend_G","Strike_G","Strike_G","Strike_G","Strike_G"]},{"damage_healed":0,"gold_gain":0,"player_choice":"Fight","damage_taken":0,"max_hp_gain":0,"max_hp_loss":0,"event_name":"Colosseum","floor":20,"gold_loss":0},{"damage_healed":0,"gold_gain":0,"player_choice":"Fought Nobs","damage_taken":0,"max_hp_gain":0,"max_hp_loss":0,"event_name":"Colosseum","floor":20,"gold_loss":0},{"damage_healed":0,"gold_gain":0,"player_choice":"Ignored","damage_taken":0,"max_hp_gain":0,"max_hp_loss":0,"event_name":"Cursed Tome","floor":22,"gold_loss":0},{"damage_healed":0,"gold_gain":0,"player_choice":"Inject Mutagens","damage_taken":0,"relics_obtained":["MutagenicStrength"],"max_hp_gain":0,"max_hp_loss":0,"event_name":"Drug Dealer","floor":28,"gold_loss":0},{"damage_healed":0,"gold_gain":0,"player_choice":"Copied","damage_taken":0,"max_hp_gain":0,"max_hp_loss":0,"event_name":"Duplicator","floor":37,"gold_loss":0,"cards_obtained":["Footwork"]},{"damage_healed":0,"gold_gain":0,"player_choice":"Fight","damage_taken":0,"max_hp_gain":0,"max_hp_loss":0,"event_name":"MindBloom","floor":39,"gold_loss":0},{"damage_healed":0,"gold_gain":0,"player_choice":"Fight","damage_taken":0,"max_hp_gain":0,"max_hp_loss":0,"event_name":"Mysterious Sphere","floor":45,"gold_loss":0}],"is_beta":false,"boss_relics":[{"not_picked":["Busted Crown","White Beast Statue"],"picked":"Sozu"},{"not_picked":["Pandora\u0027s Box","Astrolabe"],"picked":"Runic Pyramid"}],"items_purged_floors":[],"is_endless":false,"potions_floor_spawned":[1,10,12,14,16,20,24,29,36,39,41,45,47],"ascension_level":6}