{"gold_per_floor":[119,129,54,73,73,73,105,105,105,105,67,86,106,118,118,222,222,241,241,156,170,180,206,217,67,67,67],"floor_reached":27,"playtime":1705,"items_purged":["Defend_B"],"score":294,"play_id":"5979c8e9-c560-4150-a87a-8beff77e15c0","local_time":"20181017221529","is_ascension_mode":true,"campfire_choices":[{"data":"Dualcast","floor":6.0,"key":"SMITH"},{"floor":10.0,"key":"REST"},{"floor":15.0,"key":"REST"}],"neow_cost":"NONE","seed_source_timestamp":0,"circlet_count":0,"master_deck":["Zap","Dualcast+1","Turbo","BootSequence","Conserve Battery","Redo","Sunder","Steam","Cold Snap+1","Buffer","Ball Lightning","Cold Snap+1","Sunder","Redo","Consume","Hologram","Doom and Gloom+1","Cold Snap","Go for the Eyes","Capacitor","Gash","Self Repair","White Noise"],"special_seed":0,"relics":["Cracked Core","NeowsBlessing","Strawberry","Kunai","Matryoshka","Pandora\u0027s Box","Girya","Pantograph","Whetstone","Meat on the Bone"],"potions_floor_usage":[27],"damage_taken":[{"damage":0.0,"enemies":"Cultist","floor":1.0,"turns":1.0},{"damage":0.0,"enemies":"Small Slimes","floor":2.0,"turns":1.0},{"damage":0.0,"enemies":"2 Louse","floor":4.0,"turns":1.0},{"damage":67.0,"enemies":"Gremlin Nob","floor":7.0,"turns":6.0},{"damage":9.0,"enemies":"Blue Slaver","floor":12.0,"turns":5.0},{"damage":6.0,"enemies":"Exordium Wildlife","floor":13.0,"turns":3.0},{"damage":4.0,"enemies":"2 Fungi Beasts","floor":14.0,"turns":3.0},{"damage":35.0,"enemies":"Slime Boss","floor":16.0,"turns":14.0},{"damage":5.0,"enemies":"2 Thieves","floor":18.0,"turns":3.0},{"damage":10.0,"enemies":"Chosen","floor":21.0,"turns":4.0},{"damage":23.0,"enemies":"Centurion and Healer","floor":22.0,"turns":9.0},{"damage":14.0,"enemies":"Gremlin Leader","floor":23.0,"turns":8.0},{"damage":11,"enemies":"Chosen and Byrds","floor":24,"turns":5},{"damage":3,"enemies":"Cultist and Chosen","floor":27,"turns":4}],"seed_played":"5401421584401962014","potions_obtained":[{"floor":4.0,"key":"Poison Potion"},{"floor":7.0,"key":"Regen Potion"},{"floor":13.0,"key":"LiquidBronze"},{"floor":14.0,"key":"FearPotion"},{"floor":16.0,"key":"FearPotion"},{"floor":22.0,"key":"Swift Potion"},{"floor":24,"key":"Weak Potion"}],"is_trial":false,"path_per_floor":["M","M","$","M","?","R","E","?","T","R","?","M","M","M","R","B",null,"M","?","?","M","M","E","M","$","T"],"character_chosen":"DEFECT","items_purchased":["Self Repair","White Noise"],"campfire_rested":2,"item_purchase_floors":[25,25],"current_hp_per_floor":[75,75,75,75,75,75,8,8,8,32,32,37,31,27,51,16,66,61,61,61,51,28,14,3,3,3,0],"gold":67,"neow_bonus":"THREE_ENEMY_KILL","is_prod":false,"is_daily":false,"chose_seed":false,"campfire_upgraded":1,"win_rate":0,"timestamp":1539828929,"path_taken":["M","M","$","?","?","R","E","?","T","R","?","M","M","?","R","BOSS","M","?","?","M","M","E","M","$","T","M"],"build_version":"2018-10-11","purchased_purges":1,"victory":false,"max_hp_per_floor":[75,75,75,75,82,82,82,82,82,82,82,82,82,82,82,82,82,82,82,82,82,82,82,82,82,82,82],"card_choices":[{"not_picked":["Rebound","Compile Driver"],"picked":"Turbo","floor":1.0},{"not_picked":["Darkness","Auto Shields"],"picked":"BootSequence","floor":2.0},{"not_picked":["Multi-Cast","Auto Shields"],"picked":"Conserve Battery","floor":4.0},{"not_picked":["Rebound","Capacitor"],"picked":"Redo","floor":7.0},{"not_picked":["Streamline","Lockon"],"picked":"Sunder","floor":12.0},{"not_picked":["Fusion","Lockon"],"picked":"Steam","floor":13.0},{"not_picked":["Streamline","Fusion"],"picked":"Cold Snap","floor":14.0},{"not_picked":["Creative AI","Seek"],"picked":"Buffer","floor":16.0},{"not_picked":["Sweeping Beam","Force Field"],"picked":"Doom and Gloom+1","floor":18.0},{"not_picked":["Chill","Conserve Battery"],"picked":"Cold Snap","floor":21.0},{"not_picked":["Streamline+1","Sweeping Beam"],"picked":"Go for the Eyes","floor":22.0},{"not_picked":["Conserve Battery","Steam"],"picked":"Capacitor","floor":23},{"not_picked":["Machine Learning","Sweeping Beam"],"picked":"Gash","floor":24}],"player_experience":314090,"relics_obtained":[{"floor":7.0,"key":"Kunai"},{"floor":9.0,"key":"Matryoshka"},{"floor":23,"key":"Pantograph"},{"floor":26,"key":"Whetstone"},{"floor":26,"key":"Meat on the Bone"}],"event_choices":[{"event_name":"Scrap Ooze","player_choice":"success","floor":5.0,"damage_taken":7.0},{"event_name":"Liars Game","player_choice":"disagreed","floor":8.0,"damage_taken":0.0},{"event_name":"World of Goop","player_choice":"Left","floor":11.0,"damage_taken":0.0},{"event_name":"Back to Basics","player_choice":"Elegance","floor":19.0,"damage_taken":0.0},{"event_name":"Addict","player_choice":"Obtained Relic","floor":20.0,"damage_taken":0.0}],"is_beta":false,"boss_relics":[{"not_picked":["Lizard Tail","Cursed Key"],"picked":"Pandora\u0027s Box"}],"items_purged_floors":[3],"is_endless":false,"potions_floor_spawned":[4,7,13,14,16,22,24],"killed_by":"Cultist and Chosen","ascension_level":5}