{"gold_per_floor":[117,117,131,145,162,195,195,209,255,281,281,281,311,325,325,425,425,412,41,41,41,41,41],"floor_reached":23,"playtime":1674,"items_purged":["Accuracy"],"score":244,"play_id":"23d36049-1e73-40d0-93b1-51a5e5e6d0ee","local_time":"20190103075153","is_ascension_mode":true,"campfire_choices":[{"floor":12,"key":"REST"},{"floor":15,"key":"REST"}],"neow_cost":"NONE","seed_source_timestamp":726158325528862,"circlet_count":0,"master_deck":["Survivor","Neutralize","Noxious Fumes","Dagger Throw","Backflip","Deadly Poison","Poisoned Stab","Malaise","Envenom","Acrobatics","Reflex","Masterful Stab","Catalyst","Caltrops","Envenom","Quick Slash","Phantasmal Killer","Outmaneuver","Footwork+1","Noxious Fumes","Dodge and Roll","Dodge and Roll"],"relics":["Ring of the Snake","Singing Bowl","Blue Candle","Pen Nib","Smiling Mask","Gremlin Horn","Pandora\u0027s Box","TwistedFunnel","MutagenicStrength"],"potions_floor_usage":[10,10,16,18],"damage_taken":[{"damage":3,"enemies":"Jaw Worm","floor":1,"turns":4},{"damage":2,"enemies":"Small Slimes","floor":3,"turns":5},{"damage":0,"enemies":"Cultist","floor":4,"turns":4},{"damage":1,"enemies":"2 Fungi Beasts","floor":5,"turns":4},{"damage":23,"enemies":"Lagavulin","floor":6,"turns":6},{"damage":3,"enemies":"3 Louse","floor":8,"turns":3},{"damage":18,"enemies":"3 Sentries","floor":10,"turns":7},{"damage":18,"enemies":"Gremlin Nob","floor":13,"turns":4},{"damage":14,"enemies":"Exordium Wildlife","floor":14,"turns":4},{"damage":18,"enemies":"The Guardian","floor":16,"turns":10},{"damage":32,"enemies":"2 Thieves","floor":18,"turns":4},{"damage":65,"enemies":"Slavers","floor":23,"turns":3}],"seed_played":"3105098572517705587","potions_obtained":[{"floor":3,"key":"Strength Potion"},{"floor":6,"key":"SpeedPotion"},{"floor":8,"key":"Fire Potion"},{"floor":10,"key":"GamblersBrew"},{"floor":16,"key":"Fruit Juice"}],"is_trial":false,"path_per_floor":["M","?","M","M","M","E","?","M","T","E","?","R","E","M","R","B",null,"M","$","?","?","$","E"],"character_chosen":"THE_SILENT","items_purchased":["TwistedFunnel","Noxious Fumes","Dodge and Roll"],"campfire_rested":2,"item_purchase_floors":[19,19,19],"current_hp_per_floor":[74,74,72,72,71,48,48,47,47,29,29,52,36,24,48,30,83,56,56,56,56,56,0],"gold":41,"neow_bonus":"TEN_PERCENT_HP_BONUS","is_prod":false,"is_daily":false,"chose_seed":false,"campfire_upgraded":0,"win_rate":0,"timestamp":1546519913,"path_taken":["M","?","M","M","M","E","?","?","T","E","?","R","E","M","R","BOSS","M","$","?","?","?","E"],"build_version":"2018-12-20","purchased_purges":1,"victory":false,"max_hp_per_floor":[77,77,77,77,77,77,77,79,79,79,79,79,81,83,83,83,83,88,88,88,88,88,88],"card_choices":[{"not_picked":["Deadly Poison","Backflip"],"picked":"Noxious Fumes","floor":1},{"not_picked":["Deflect","Underhanded Strike"],"picked":"Dagger Throw","floor":3},{"not_picked":["Cloak And Dagger","Prepared"],"picked":"Backflip","floor":4},{"not_picked":["Slice","Prepared"],"picked":"Deadly Poison","floor":5},{"not_picked":["Heel Hook","Outmaneuver"],"picked":"Poisoned Stab","floor":6},{"not_picked":["Blade Dance","Calculated Gamble","Quick Slash"],"picked":"Singing Bowl","floor":8},{"not_picked":["PiercingWail","Tactician"],"picked":"Malaise","floor":10},{"not_picked":["Dagger Spray","PiercingWail","Cloak And Dagger"],"picked":"Singing Bowl","floor":13},{"not_picked":["Outmaneuver","Deflect","Dagger Spray"],"picked":"Singing Bowl","floor":14},{"not_picked":["Night Terror","Grand Finale"],"picked":"Envenom","floor":16},{"not_picked":["Dagger Spray","Quick Slash"],"picked":"Footwork+1","floor":18}],"player_experience":121881,"relics_obtained":[{"floor":6,"key":"Blue Candle"},{"floor":9,"key":"Pen Nib"},{"floor":10,"key":"Smiling Mask"},{"floor":13,"key":"Gremlin Horn"}],"event_choices":[{"damage_healed":0,"gold_gain":0,"player_choice":"Box","damage_taken":0,"relics_obtained":["Singing Bowl"],"max_hp_gain":0,"max_hp_loss":0,"event_name":"Big Fish","floor":2,"gold_loss":0,"cards_obtained":["Regret"]},{"cards_removed":["Regret"],"damage_healed":0,"gold_gain":0,"player_choice":"Purged","damage_taken":0,"max_hp_gain":0,"max_hp_loss":0,"event_name":"Purifier","floor":7,"gold_loss":0},{"damage_healed":0,"gold_gain":0,"player_choice":"Ignored","damage_taken":0,"max_hp_gain":0,"max_hp_loss":0,"event_name":"Liars Game","floor":11,"gold_loss":0},{"damage_healed":0,"gold_gain":0,"player_choice":"Read","damage_taken":0,"max_hp_gain":0,"max_hp_loss":0,"event_name":"The Library","floor":20,"gold_loss":0,"cards_obtained":["Dodge and Roll"]},{"damage_healed":0,"gold_gain":0,"player_choice":"Inject Mutagens","damage_taken":0,"relics_obtained":["MutagenicStrength"],"max_hp_gain":0,"max_hp_loss":0,"event_name":"Drug Dealer","floor":21,"gold_loss":0}],"is_beta":false,"boss_relics":[{"not_picked":["Cursed Key","Ring of the Serpent"],"picked":"Pandora\u0027s Box"}],"items_purged_floors":[19],"is_endless":false,"potions_floor_spawned":[3,6,8,10,16],"killed_by":"Slavers","ascension_level":1}