{"gold_per_floor":[114,129,144,159,174,174,204,204,204,223,242,242,242,280,280,405,405,424,443,462,42,61,61,186,224,249,287,306,344,363,382,382,507,507,526,545,25,44,63,101,120,170,182,232,244,256,287,318,330,342],"floor_reached":51,"playtime":3447,"items_purged":["Regret","Decay"],"score":1192,"play_id":"811f1d2b-c263-4ed0-8205-fd5d75266e38","local_time":"20181004080705","daily_mods":["Shiny","Vintage","Elite Swarm"],"is_ascension_mode":false,"campfire_choices":[{"floor":6.0,"key":"REST"},{"floor":12.0,"key":"REST"},{"data":"Meteor Strike","floor":15.0,"key":"SMITH"},{"data":"Electrodynamics","floor":23.0,"key":"SMITH"},{"data":"Creative AI","floor":32.0,"key":"SMITH"},{"data":"Writhe","floor":46,"key":"PURGE"},{"data":"Buffer","floor":49,"key":"SMITH"}],"neow_cost":"","seed_source_timestamp":0,"circlet_count":0,"master_deck":["Multi-Cast","Hyperbeam+1","Thunder Strike+1","Biased Cognition","Machine Learning","Electrodynamics","Buffer+1","Rainbow","Seek+1","Meteor Strike+1","Echo Form","All For One+1","Reboot+1","Amplify","Creative AI+1","Fission","Core Surge","Amplify+1","Thunder Strike+1","Electrodynamics+1","Skim+1","Seek+1","Electrodynamics+1","Electrodynamics+1"],"special_seed":17807,"relics":["Cracked Core","Shuriken","Ancient Tea Set","Boot","Pocketwatch","Toxic Egg 2","Happy Flower","Golden Idol","Molten Egg 2","Lantern","Nunchaku","Bag of Marbles","The Courier","Calling Bell","DataDisk","Mummified Hand","Dead Branch","Strawberry","Symbiotic Virus","Bronze Scales","Ginger","Orichalcum","Oddly Smooth Stone","Mango","Question Card","Whetstone","PreservedInsect","Singing Bowl","Pantograph","Omamori","Meat on the Bone","Cables","Pear","Black Star","Matryoshka","Bottled Flame","Frozen Egg 2","Peace Pipe","Dream Catcher","Smiling Mask","Art of War","War Paint","MawBank","StoneCalendar","FossilizedHelix","Potion Belt","Bag of Preparation","Kunai","Letter Opener","Regal Pillow","Unceasing Top"],"potions_floor_usage":[],"damage_taken":[{"damage":11.0,"enemies":"Jaw Worm","floor":1.0,"turns":3.0},{"damage":0.0,"enemies":"Small Slimes","floor":2.0,"turns":2.0},{"damage":6.0,"enemies":"Cultist","floor":3.0,"turns":3.0},{"damage":0.0,"enemies":"Gremlin Gang","floor":4.0,"turns":1.0},{"damage":12.0,"enemies":"Blue Slaver","floor":5.0,"turns":2.0},{"damage":9.0,"enemies":"3 Sentries","floor":7.0,"turns":2.0},{"damage":0.0,"enemies":"Lots of Slimes","floor":10.0,"turns":1.0},{"damage":8.0,"enemies":"Exordium Thugs","floor":11.0,"turns":3.0},{"damage":6.0,"enemies":"Gremlin Nob","floor":14.0,"turns":3.0},{"damage":32.0,"enemies":"The Guardian","floor":16.0,"turns":7.0},{"damage":7.0,"enemies":"Shell Parasite","floor":18.0,"turns":3.0},{"damage":11.0,"enemies":"3 Byrds","floor":19.0,"turns":2.0},{"damage":0.0,"enemies":"Sentry and Sphere","floor":20.0,"turns":1.0},{"damage":9.0,"enemies":"Shelled Parasite and Fungi","floor":22.0,"turns":2.0},{"damage":19.0,"enemies":"Colosseum Slavers","floor":24.0,"turns":2.0},{"damage":0.0,"enemies":"Colosseum Nobs","floor":24.0,"turns":2.0},{"damage":0.0,"enemies":"Gremlin Leader","floor":25.0,"turns":2.0},{"damage":0.0,"enemies":"Slavers","floor":27.0,"turns":2.0},{"damage":0.0,"enemies":"3 Cultists","floor":28.0,"turns":2.0},{"damage":0.0,"enemies":"Book of Stabbing","floor":29.0,"turns":1.0},{"damage":0.0,"enemies":"Centurion and Healer","floor":30.0,"turns":3.0},{"damage":4.0,"enemies":"Cultist and Chosen","floor":31.0,"turns":2.0},{"damage":0.0,"enemies":"Champ","floor":33.0,"turns":5.0},{"damage":3.0,"enemies":"3 Shapes","floor":35.0,"turns":1.0},{"damage":0.0,"enemies":"Orb Walker","floor":36.0,"turns":1.0},{"damage":10.0,"enemies":"Spire Growth","floor":38.0,"turns":2.0},{"damage":0,"enemies":"Sphere and 2 Shapes","floor":39,"turns":2},{"damage":0,"enemies":"2 Orb Walkers","floor":40,"turns":2},{"damage":0,"enemies":"Transient","floor":41,"turns":4},{"damage":6,"enemies":"Nemesis","floor":42,"turns":3},{"damage":0,"enemies":"2 Orb Walkers","floor":44,"turns":2},{"damage":0,"enemies":"Maw","floor":47,"turns":2},{"damage":0,"enemies":"Reptomancer","floor":48,"turns":1},{"damage":0,"enemies":"Awakened One","floor":50,"turns":3}],"seed_played":"1004265033689775607","potions_obtained":[{"floor":3.0,"key":"PowerPotion"},{"floor":5.0,"key":"PowerPotion"},{"floor":10.0,"key":"SpeedPotion"},{"floor":14.0,"key":"EssenceOfSteel"},{"floor":16.0,"key":"FearPotion"},{"floor":19.0,"key":"Explosive Potion"},{"floor":25.0,"key":"SteroidPotion"},{"floor":29.0,"key":"Swift Potion"},{"floor":31.0,"key":"Dexterity Potion"},{"floor":47,"key":"Swift Potion"}],"is_trial":false,"path_per_floor":["M","M","M","M","M","R","E","?","T","M","M","R","?","E","R","B",null,"M","M","M","$","M","R","?","E","T","E","M","E","M","M","R","B",null,"M","M","$","M","M","E","M","E","T","E","?","R","M","M","R","B"],"character_chosen":"DEFECT","items_purchased":["Ginger","Orichalcum","Frozen Egg 2","Peace Pipe"],"campfire_rested":2,"item_purchase_floors":[21,21,37,37],"current_hp_per_floor":[64,64,58,58,46,68,59,41,41,41,40,62,62,56,56,24,75,75,64,64,64,55,55,50,50,50,52,52,54,54,62,62,97,110,107,107,107,97,97,99,99,95,95,95,95,95,95,95,95,114],"gold":354,"neow_bonus":"","is_prod":false,"is_daily":true,"chose_seed":false,"campfire_upgraded":4,"win_rate":0,"timestamp":1538654825,"path_taken":["M","M","M","M","M","R","E","?","T","?","?","R","?","E","R","BOSS","M","M","M","$","M","R","?","E","T","E","M","E","M","M","R","BOSS","M","M","$","M","M","E","M","E","T","E","?","R","M","M","R","BOSS"],"build_version":"2018-09-27","purchased_purges":2,"victory":true,"max_hp_per_floor":[75,75,75,75,75,75,75,75,75,75,75,75,75,75,75,75,75,82,82,82,82,82,82,96,96,96,98,98,100,100,100,100,110,110,110,110,110,110,110,112,112,114,114,114,114,114,114,114,114,114],"card_choices":[{"not_picked":["All For One","Thunder Strike"],"picked":"Amplify+1","floor":7.0},{"not_picked":["Fission+1","Reboot+1"],"picked":"Thunder Strike+1","floor":14.0},{"not_picked":["Echo Form","Fission+1"],"picked":"Electrodynamics","floor":16.0},{"not_picked":["Lockon+1","Redo+1"],"picked":"Skim+1","floor":24.0},{"not_picked":["Amplify+1","Electrodynamics","Reboot+1","All For One+1"],"picked":"SKIP","floor":25.0},{"not_picked":["Reboot+1","Fission+1","Creative AI","Seek+1"],"picked":"Singing Bowl","floor":27.0},{"not_picked":["Buffer","Fission+1","All For One+1","Reboot+1"],"picked":"Singing Bowl","floor":29.0},{"not_picked":["Buffer","Creative AI","Core Surge+1"],"picked":"Seek+1","floor":33.0},{"not_picked":["Thunder Strike+1","Multi-Cast+1","Machine Learning+1","Creative AI+1"],"picked":"Singing Bowl","floor":40},{"not_picked":["Multi-Cast+1","Meteor Strike+1","Biased Cognition+1","Rainbow+1"],"picked":"Singing Bowl","floor":42},{"not_picked":["Echo Form+1","Reboot+1","Rainbow+1"],"picked":"Electrodynamics+1","floor":44}],"player_experience":158968,"relics_obtained":[{"floor":1.0,"key":"Shuriken"},{"floor":2.0,"key":"Ancient Tea Set"},{"floor":3.0,"key":"Boot"},{"floor":4.0,"key":"Pocketwatch"},{"floor":5.0,"key":"Toxic Egg 2"},{"floor":7.0,"key":"Happy Flower"},{"floor":9.0,"key":"Molten Egg 2"},{"floor":10.0,"key":"Lantern"},{"floor":11.0,"key":"Nunchaku"},{"floor":14.0,"key":"Bag of Marbles"},{"floor":16.0,"key":"The Courier"},{"floor":17.0,"key":"DataDisk"},{"floor":17.0,"key":"Mummified Hand"},{"floor":17.0,"key":"Dead Branch"},{"floor":18.0,"key":"Strawberry"},{"floor":19.0,"key":"Symbiotic Virus"},{"floor":20.0,"key":"Bronze Scales"},{"floor":22.0,"key":"Oddly Smooth Stone"},{"floor":24.0,"key":"Mango"},{"floor":24.0,"key":"Question Card"},{"floor":25.0,"key":"Whetstone"},{"floor":26.0,"key":"PreservedInsect"},{"floor":27.0,"key":"Singing Bowl"},{"floor":28.0,"key":"Pantograph"},{"floor":29.0,"key":"Omamori"},{"floor":30.0,"key":"Meat on the Bone"},{"floor":31.0,"key":"Cables"},{"floor":33.0,"key":"Pear"},{"floor":35.0,"key":"Matryoshka"},{"floor":36.0,"key":"Bottled Flame"},{"floor":38,"key":"Dream Catcher"},{"floor":39,"key":"Smiling Mask"},{"floor":40,"key":"Art of War"},{"floor":40,"key":"War Paint"},{"floor":41,"key":"MawBank"},{"floor":42,"key":"StoneCalendar"},{"floor":42,"key":"FossilizedHelix"},{"floor":43,"key":"Potion Belt"},{"floor":43,"key":"Bag of Preparation"},{"floor":44,"key":"Kunai"},{"floor":44,"key":"Letter Opener"},{"floor":47,"key":"Regal Pillow"},{"floor":48,"key":"Unceasing Top"}],"event_choices":[{"event_name":"Golden Idol","player_choice":"Take Damage","floor":8.0,"damage_taken":0.0},{"event_name":"Accursed Blacksmith","player_choice":"Forge","floor":13.0,"damage_taken":0.0},{"event_name":"Colosseum","player_choice":"Fight","floor":24.0,"damage_taken":0.0},{"event_name":"Colosseum","player_choice":"Fought Nobs","floor":24.0,"damage_taken":0.0},{"event_name":"Duplicator","player_choice":"One dupe","floor":45,"damage_taken":0}],"is_beta":false,"boss_relics":[{"not_picked":["Lizard Tail","Fusion Hammer"],"picked":"Calling Bell"},{"not_picked":["Pandora\u0027s Box","Runic Dome"],"picked":"Black Star"}],"items_purged_floors":[21,37],"is_endless":false,"potions_floor_spawned":[3,5,10,14,16,19,24,25,27,29,31,39,41,42,47],"ascension_level":0}