{"gold_per_floor":[148,323,323,323,337,337,347,347,373,387,462,496,421,421,421,515,515,531,531,531,531,541,541,574,574,574,593,603,603,224,244,244,321,371,383,394,191,201,201,227,227,238,238,256,273,292,392,392,392,392,392,392,12,40,40],"floor_reached":55,"playtime":2648,"items_purged":["Doubt","Strike_B+1","Strike_B+1"],"score":1210,"play_id":"f80053fd-fcbf-4912-b685-3b689b398b8c","local_time":"20181229164747","is_ascension_mode":true,"campfire_choices":[{"data":"Zap","floor":6,"key":"SMITH"},{"data":"Sweeping Beam","floor":8,"key":"SMITH"},{"floor":15,"key":"REST"},{"data":"Go for the Eyes","floor":23,"key":"SMITH"},{"data":"Echo Form","floor":25,"key":"SMITH"},{"floor":32,"key":"REST"},{"floor":41,"key":"RECALL"},{"data":"Consume","floor":49,"key":"SMITH"},{"floor":52,"key":"REST"}],"neow_cost":"NONE","seed_source_timestamp":167224986730951,"circlet_count":0,"master_deck":["AscendersBane","Strike_B+1","Defend_B+1","Defend_B+1","Defend_B+1","Defend_B+1","Zap+1","Dualcast+1","Genetic Algorithm+1","Sweeping Beam+1","Go for the Eyes+1","Cold Snap","Echo Form+1","Coolheaded","Electrodynamics","Biased Cognition","White Noise","Doom and Gloom","Capacitor","Defragment","Conserve Battery+1","Core Surge","Recycle","Hologram+1","Coolheaded+1","Loop","Reboot","Core Surge","Skim+1","Parasite","Defragment+1","Consume+1","Apotheosis"],"relics":["Cracked Core","Tiny Chest","Kunai","Centennial Puzzle","Bag of Preparation","Bloody Idol","Snecko Eye","Question Card","Orichalcum","Regal Pillow","Runic Capacitor","Tiny House","Symbiotic Virus","Incense Burner","OrangePellets","Nunchaku"],"potions_floor_usage":[12,22,24,28,45,45,50,55],"damage_taken":[{"damage":11,"enemies":"2 Louse","floor":1,"turns":2},{"damage":7,"enemies":"Jaw Worm","floor":5,"turns":3},{"damage":0,"enemies":"Small Slimes","floor":7,"turns":3},{"damage":6,"enemies":"Looter","floor":10,"turns":2},{"damage":11,"enemies":"Lagavulin","floor":12,"turns":7},{"damage":10,"enemies":"Hexaghost","floor":16,"turns":10},{"damage":7,"enemies":"Chosen","floor":18,"turns":4},{"damage":0,"enemies":"Spheric Guardian","floor":22,"turns":4},{"damage":31,"enemies":"Slavers","floor":24,"turns":4},{"damage":16,"enemies":"Snake Plant","floor":27,"turns":3},{"damage":0,"enemies":"3 Cultists","floor":28,"turns":4},{"damage":4,"enemies":"Sentry and Sphere","floor":31,"turns":3},{"damage":28,"enemies":"Collector","floor":33,"turns":11},{"damage":1,"enemies":"Orb Walker","floor":35,"turns":4},{"damage":13,"enemies":"3 Darklings","floor":36,"turns":3},{"damage":8,"enemies":"4 Shapes","floor":38,"turns":3},{"damage":7,"enemies":"Giant Head","floor":40,"turns":9},{"damage":16,"enemies":"Maw","floor":42,"turns":5},{"damage":10,"enemies":"Jaw Worm Horde","floor":44,"turns":3},{"damage":0,"enemies":"Writhing Mass","floor":45,"turns":6},{"damage":1,"enemies":"4 Shapes","floor":46,"turns":4},{"damage":0,"enemies":"Mind Bloom Boss Battle","floor":47,"turns":7},{"damage":25,"enemies":"Donu and Deca","floor":50,"turns":8},{"damage":70,"enemies":"Shield and Spear","floor":54,"turns":7},{"damage":7,"enemies":"The Heart","floor":55,"turns":2}],"seed_played":"-3350725449053399753","potions_obtained":[{"floor":10,"key":"Weak Potion"},{"floor":12,"key":"Block Potion"},{"floor":18,"key":"EssenceOfSteel"},{"floor":27,"key":"GamblersBrew"},{"floor":34,"key":"Block Potion"},{"floor":36,"key":"EntropicBrew"},{"floor":40,"key":"PowerPotion"},{"floor":54,"key":"GamblersBrew"}],"is_trial":false,"path_per_floor":["M","?","?","T","M","R","M","R","T","M","?","E","$","?","R","B",null,"M","?","?","T","M","R","E","R","T","M","M","?","$","M","R","B",null,"M","M","$","M","?","E","R","M","T","M","M","M","?","?","R","B",null,"R","$","E","B"],"character_chosen":"DEFECT","items_purchased":["Defragment","Runic Capacitor","Loop","OrangePellets","Apotheosis"],"campfire_rested":3,"item_purchase_floors":[30,30,37,53,53],"current_hp_per_floor":[53,53,39,39,32,32,32,32,32,26,15,4,4,4,23,13,53,46,46,46,46,51,51,25,25,25,14,19,19,19,20,54,31,64,68,60,60,57,57,55,55,44,44,39,44,48,53,53,53,28,60,71,71,6,0],"gold":40,"neow_bonus":"RANDOM_COMMON_RELIC","is_prod":false,"is_daily":false,"chose_seed":false,"campfire_upgraded":5,"win_rate":0,"timestamp":1546120067,"path_taken":["M","?","?","?","?","R","M","R","T","M","?","E","$","?","R","BOSS","M","?","?","?","?","R","E","R","T","M","M","?","$","M","R","BOSS","M","?","$","M","?","E","R","M","T","M","?","M","?","?","R","BOSS","R","$","E","BOSS"],"build_version":"2018-12-20","purchased_purges":3,"victory":false,"max_hp_per_floor":[71,71,71,71,71,71,71,71,71,71,71,71,71,66,66,66,66,66,66,66,66,66,66,66,66,66,66,66,66,66,66,66,66,71,71,71,71,71,71,71,71,71,71,71,71,71,71,71,71,71,71,71,71,71,71],"card_choices":[{"not_picked":["Barrage","Steam"],"picked":"Beam Cell","floor":1},{"not_picked":["Ball Lightning","Turbo"],"picked":"Genetic Algorithm","floor":5},{"not_picked":["Conserve Battery","Rebound"],"picked":"Sweeping Beam","floor":7},{"not_picked":["Steam","Coolheaded"],"picked":"Go for the Eyes","floor":10},{"not_picked":["Fission","Hologram"],"picked":"Cold Snap","floor":12},{"not_picked":["Machine Learning","Meteor Strike"],"picked":"Echo Form","floor":16},{"not_picked":["Streamline","Compile Driver"],"picked":"Coolheaded","floor":18},{"not_picked":["Steam","Coolheaded","Ball Lightning"],"picked":"Electrodynamics","floor":22},{"not_picked":["Steam","Stack","Ball Lightning"],"picked":"Biased Cognition","floor":24},{"not_picked":["Auto Shields","Genetic Algorithm","Conserve Battery"],"picked":"White Noise","floor":27},{"not_picked":["Double Energy","Gash+1","Barrage"],"picked":"Doom and Gloom","floor":28},{"not_picked":["Defragment","Streamline","Heatsinks"],"picked":"Conserve Battery+1","floor":31},{"not_picked":["Fission","Meteor Strike","Thunder Strike"],"picked":"Core Surge","floor":33},{"not_picked":["Stack","Turbo","Go for the Eyes"],"picked":"Recycle","floor":34},{"not_picked":["Redo","Turbo","Static Discharge"],"picked":"Hologram+1","floor":35},{"not_picked":["Reinforced Body","Hologram","Capacitor"],"picked":"Coolheaded+1","floor":36},{"not_picked":["BootSequence+1","Rip and Tear","Hologram"],"picked":"Reboot","floor":38},{"not_picked":["Coolheaded","Hologram","Go for the Eyes"],"picked":"Skim+1","floor":40},{"not_picked":["Redo","Ball Lightning","BootSequence","Rebound"],"picked":"SKIP","floor":42},{"not_picked":["Sunder","Streamline","Aggregate","Ball Lightning"],"picked":"SKIP","floor":44},{"not_picked":["Steam","Rainbow","Hologram"],"picked":"Defragment+1","floor":45},{"not_picked":["Self Repair","Redo","Defragment","Beam Cell"],"picked":"SKIP","floor":46},{"not_picked":["Barrage","Go for the Eyes","Undo"],"picked":"Consume","floor":47},{"not_picked":["Compile Driver","Genetic Algorithm","Go for the Eyes+1","Core Surge"],"picked":"SKIP","floor":54}],"player_experience":430568,"relics_obtained":[{"floor":4,"key":"Kunai"},{"floor":9,"key":"Centennial Puzzle"},{"floor":12,"key":"Bag of Preparation"},{"floor":21,"key":"Question Card"},{"floor":24,"key":"Orichalcum"},{"floor":26,"key":"Regal Pillow"},{"floor":40,"key":"Symbiotic Virus"},{"floor":47,"key":"Incense Burner"},{"floor":54,"key":"Nunchaku"}],"event_choices":[{"damage_healed":0,"gold_gain":175,"player_choice":"AGREE","damage_taken":0,"max_hp_gain":0,"max_hp_loss":0,"event_name":"Liars Game","floor":2,"gold_loss":0,"cards_obtained":["Doubt"]},{"damage_healed":0,"gold_gain":0,"player_choice":"Entered Light","damage_taken":14,"max_hp_gain":0,"max_hp_loss":0,"event_name":"Shining Light","floor":3,"gold_loss":0,"cards_upgraded":["Strike_B","Dualcast"]},{"damage_healed":0,"gold_gain":75,"player_choice":"Gather Gold","damage_taken":11,"max_hp_gain":0,"max_hp_loss":0,"event_name":"World of Goop","floor":11,"gold_loss":0},{"damage_healed":0,"gold_gain":0,"player_choice":"Lose Max HP","damage_taken":0,"relics_obtained":["Golden Idol"],"max_hp_gain":0,"max_hp_loss":5,"event_name":"Golden Idol","floor":14,"gold_loss":0},{"damage_healed":0,"gold_gain":0,"player_choice":"Simplicity","damage_taken":0,"max_hp_gain":0,"max_hp_loss":0,"event_name":"Back to Basics","floor":19,"gold_loss":0,"cards_upgraded":["Strike_B","Strike_B","Strike_B","Defend_B","Defend_B","Defend_B","Defend_B"]},{"damage_healed":0,"gold_gain":0,"player_choice":"Gave Idol","damage_taken":0,"relics_obtained":["Bloody Idol"],"max_hp_gain":0,"max_hp_loss":0,"event_name":"Forgotten Altar","floor":20,"relics_lost":["Golden Idol"],"gold_loss":0},{"damage_healed":0,"gold_gain":0,"cards_transformed":["Beam Cell"],"player_choice":"Transformed","damage_taken":0,"max_hp_gain":0,"max_hp_loss":0,"event_name":"Transmorgrifier","floor":29,"gold_loss":0,"cards_obtained":["Capacitor"]},{"damage_healed":0,"gold_gain":0,"cards_transformed":["Strike_B"],"player_choice":"Transformed","damage_taken":0,"max_hp_gain":0,"max_hp_loss":0,"event_name":"Transmorgrifier","floor":39,"gold_loss":0,"cards_obtained":["Core Surge"]},{"damage_healed":0,"gold_gain":0,"player_choice":"Fight","damage_taken":0,"max_hp_gain":0,"max_hp_loss":0,"event_name":"MindBloom","floor":47,"gold_loss":0},{"damage_healed":0,"gold_gain":0,"player_choice":"Ignored","damage_taken":0,"max_hp_gain":0,"max_hp_loss":0,"event_name":"Tomb of Lord Red Mask","floor":48,"gold_loss":0}],"is_beta":false,"boss_relics":[{"not_picked":["Velvet Choker","Busted Crown"],"picked":"Snecko Eye"},{"not_picked":["Nuclear Battery","Inserter"],"picked":"Tiny House"}],"items_purged_floors":[13,30,37],"is_endless":false,"potions_floor_spawned":[10,12,18,27,36,40,42,45,54],"killed_by":"The Heart","ascension_level":14}