{"gold_per_floor":[114,124,45,45,45,45,98,98,98,130,146,179,198,182,182,278,278,295,295,26,26,39,39,59,158,158,16,16,46,46,46],"floor_reached":31,"playtime":1733,"items_purged":[],"score":343,"play_id":"9f23696c-dcf6-4f80-8c47-f9a1f476fa77","local_time":"20190206163516","is_ascension_mode":true,"campfire_choices":[{"data":"Noxious Fumes","floor":6,"key":"SMITH"},{"floor":8,"key":"RECALL"},{"floor":15,"key":"REST"},{"data":"Discovery","floor":23,"key":"SMITH"},{"data":"Cloak And Dagger","floor":28,"key":"SMITH"},{"data":"Neutralize","floor":30,"key":"SMITH"}],"neow_cost":"NONE","seed_source_timestamp":444740967944763,"circlet_count":0,"master_deck":["Defend_G+1","Defend_G+1","Defend_G+1","Defend_G+1","Defend_G+1","Strike_G+1","Strike_G+1","Strike_G+1","Strike_G+1","Strike_G+1","Survivor","Neutralize+1","Cloak And Dagger+1","PiercingWail","Noxious Fumes+1","Skewer","Blur","Cloak And Dagger+1","Dodge and Roll","Corpse Explosion+1","After Image+1","Cloak And Dagger+1","Discovery+1","Escape Plan","Backflip","Accuracy+1","Wraith Form v2+1","Dodge and Roll"],"relics":["Ring of the Snake","NeowsBlessing","Ancient Tea Set","Question Card","Frozen Egg 2","Anchor","WristBlade","Tiny Chest","Oddly Smooth Stone","War Paint"],"potions_floor_usage":[16],"damage_taken":[{"damage":0,"enemies":"Small Slimes","floor":1,"turns":1},{"damage":0,"enemies":"Jaw Worm","floor":2,"turns":1},{"damage":0,"enemies":"Lagavulin","floor":10,"turns":1},{"damage":0,"enemies":"2 Louse","floor":11,"turns":3},{"damage":48,"enemies":"3 Sentries","floor":12,"turns":7},{"damage":2,"enemies":"Blue Slaver","floor":13,"turns":5},{"damage":0,"enemies":"Exordium Thugs","floor":14,"turns":4},{"damage":10,"enemies":"The Guardian","floor":16,"turns":11},{"damage":16,"enemies":"3 Byrds","floor":18,"turns":4},{"damage":0,"enemies":"Shell Parasite","floor":22,"turns":6},{"damage":5,"enemies":"Cultist and Chosen","floor":24,"turns":5},{"damage":5,"enemies":"Book of Stabbing","floor":29,"turns":8},{"damage":53,"enemies":"Gremlin Leader","floor":31,"turns":7}],"seed_played":"-5474077803163779741","potions_obtained":[{"floor":11,"key":"AttackPotion"},{"floor":13,"key":"FearPotion"},{"floor":16,"key":"EssenceOfSteel"},{"floor":18,"key":"Explosive Potion"}],"is_trial":false,"path_per_floor":["M","M","$","?","?","R","T","R","T","E","M","E","M","M","R","B",null,"M","?","$","?","M","R","M","?","T","$","R","E","R","E"],"character_chosen":"THE_SILENT","items_purchased":["Noxious Fumes","Discovery","Tiny Chest","Escape Plan","Wraith Form v2+1"],"campfire_rested":1,"item_purchase_floors":[3,20,20,20,27],"current_hp_per_floor":[70,70,70,67,53,53,53,53,53,53,53,5,3,3,24,14,70,54,54,54,54,54,54,49,49,49,49,49,44,44,0],"gold":46,"neow_bonus":"THREE_ENEMY_KILL","is_prod":false,"is_daily":false,"chose_seed":false,"campfire_upgraded":4,"win_rate":0,"timestamp":1549467316,"path_taken":["M","M","$","?","?","R","?","R","T","E","M","E","M","M","R","BOSS","M","?","$","?","M","R","M","?","T","?","R","E","R","E"],"build_version":"2019-01-23","purchased_purges":0,"victory":false,"max_hp_per_floor":[70,70,70,70,70,70,70,70,70,70,70,70,70,70,70,70,70,70,70,70,70,70,70,70,70,70,70,70,70,70,70],"card_choices":[{"not_picked":["Quick Slash","Setup"],"picked":"Cloak And Dagger","floor":1},{"not_picked":["Reflex","Poisoned Stab"],"picked":"PiercingWail","floor":2},{"not_picked":["Infinite Blades","Unload","Noxious Fumes"],"picked":"Skewer","floor":10},{"not_picked":["Prepared","Caltrops+1","Dodge and Roll"],"picked":"Blur","floor":11},{"not_picked":["Predator","Blade Dance","Dagger Throw"],"picked":"Cloak And Dagger","floor":12},{"not_picked":["Backflip","Concentrate","Bane"],"picked":"Dodge and Roll","floor":13},{"not_picked":["Slice","Prepared","Accuracy+1"],"picked":"Corpse Explosion","floor":14},{"not_picked":["Grand Finale","Wraith Form v2+1","Unload"],"picked":"After Image+1","floor":16},{"not_picked":["PiercingWail","Prepared","Masterful Stab+1"],"picked":"Cloak And Dagger+1","floor":18},{"not_picked":["Slice","Outmaneuver+1","Quick Slash"],"picked":"Backflip","floor":22},{"not_picked":["Outmaneuver","Underhanded Strike","Sucker Punch"],"picked":"Accuracy+1","floor":24},{"not_picked":["Eviscerate","Reflex","Deadly Poison"],"picked":"Dodge and Roll","floor":29}],"player_experience":588807,"relics_obtained":[{"floor":9,"key":"Question Card"},{"floor":10,"key":"Frozen Egg 2"},{"floor":12,"key":"Anchor"},{"floor":26,"key":"Oddly Smooth Stone"},{"floor":29,"key":"War Paint"}],"event_choices":[{"damage_healed":0,"gold_gain":0,"player_choice":"Success","damage_taken":3,"relics_obtained":["Ancient Tea Set"],"max_hp_gain":0,"max_hp_loss":0,"event_name":"Scrap Ooze","floor":4,"gold_loss":0},{"damage_healed":0,"gold_gain":0,"player_choice":"Entered Light","damage_taken":14,"max_hp_gain":0,"max_hp_loss":0,"event_name":"Shining Light","floor":5,"gold_loss":0,"cards_upgraded":["Defend_G","Strike_G"]},{"damage_healed":0,"gold_gain":0,"player_choice":"Ignored","damage_taken":0,"max_hp_gain":0,"max_hp_loss":0,"event_name":"Ghosts","floor":19,"gold_loss":0},{"damage_healed":0,"gold_gain":0,"player_choice":"Simplicity","damage_taken":0,"max_hp_gain":0,"max_hp_loss":0,"event_name":"Back to Basics","floor":21,"gold_loss":0,"cards_upgraded":["Defend_G","Defend_G","Defend_G","Defend_G","Strike_G","Strike_G","Strike_G","Strike_G"]},{"damage_healed":0,"gold_gain":99,"player_choice":"Stole From Cult","damage_taken":0,"max_hp_gain":0,"max_hp_loss":0,"event_name":"Nest","floor":25,"gold_loss":0}],"is_beta":false,"boss_relics":[{"not_picked":["Eternal Feather","Pandora\u0027s Box"],"picked":"WristBlade"}],"items_purged_floors":[],"is_endless":false,"potions_floor_spawned":[11,13,16,18,29],"killed_by":"Gremlin Leader","ascension_level":4}