{"gold_per_floor":[114,39,50,50,50,50,62,62,85,85,85,95,110,123,123,123],"floor_reached":16,"playtime":1082,"items_purged":["Defend_B"],"score":92,"play_id":"f9cdab5a-4130-47cc-9316-a0bb95ce1638","local_time":"20181015154244","is_ascension_mode":false,"campfire_choices":[{"data":"Dualcast","floor":6,"key":"SMITH"},{"data":"Zap","floor":8,"key":"SMITH"},{"data":"Go for the Eyes","floor":10,"key":"SMITH"},{"data":"Go for the Eyes","floor":15,"key":"SMITH"}],"neow_cost":"PERCENT_DAMAGE","seed_source_timestamp":403608609799777,"circlet_count":0,"master_deck":["Strike_B","Strike_B","Defend_B","Defend_B","Zap+1","Dualcast+1","Redo+1","Go for the Eyes+1","Self Repair","Go for the Eyes+1"],"relics":["Cracked Core","Ancient Tea Set"],"potions_floor_usage":[],"damage_taken":[{"damage":0,"enemies":"Cultist","floor":1,"turns":2},{"damage":7,"enemies":"2 Louse","floor":3,"turns":2},{"damage":1,"enemies":"Jaw Worm","floor":7,"turns":2},{"damage":10,"enemies":"Exordium Thugs","floor":12,"turns":3},{"damage":3,"enemies":"3 Louse","floor":13,"turns":3},{"damage":9,"enemies":"Red Slaver","floor":14,"turns":3},{"damage":38,"enemies":"Hexaghost","floor":16,"turns":9}],"seed_played":"-3937125477201617972","potions_obtained":[{"floor":3,"key":"Fire Potion"},{"floor":13,"key":"SpeedPotion"},{"floor":14,"key":"Block Potion"}],"is_trial":false,"path_per_floor":["M","$","M","?","?","R","M","R","T","R","$","M","M","M","R"],"character_chosen":"DEFECT","items_purchased":[],"campfire_rested":0,"item_purchase_floors":[],"current_hp_per_floor":[54,54,47,47,47,47,46,46,46,46,46,36,40,38,38,0],"gold":123,"neow_bonus":"REMOVE_TWO","is_prod":false,"is_daily":false,"chose_seed":false,"campfire_upgraded":4,"win_rate":0,"timestamp":1539585764,"path_taken":["M","?","M","?","?","R","?","R","T","R","$","M","M","M","R","BOSS"],"build_version":"2018-10-11","purchased_purges":1,"victory":false,"max_hp_per_floor":[75,75,75,75,75,75,75,75,75,75,75,75,75,75,75,75],"card_choices":[{"not_picked":["Stack","Darkness"],"picked":"Redo","floor":1},{"not_picked":["Compile Driver","Reprogram","Streamline"],"picked":"SKIP","floor":3},{"not_picked":["Cold Snap","Genetic Algorithm"],"picked":"Go for the Eyes","floor":7},{"not_picked":["Double Energy","Rebound"],"picked":"Self Repair","floor":12},{"not_picked":["Tempest","BootSequence"],"picked":"Go for the Eyes","floor":13},{"not_picked":["Lockon","Steam","Turbo"],"picked":"SKIP","floor":14}],"player_experience":503840,"relics_obtained":[{"floor":9,"key":"Ancient Tea Set"}],"event_choices":[{"event_name":"Living Wall","player_choice":"Forget","floor":4,"damage_taken":0},{"event_name":"Accursed Blacksmith","player_choice":"Forge","floor":5,"damage_taken":0}],"is_beta":true,"boss_relics":[],"items_purged_floors":[2],"is_endless":false,"potions_floor_spawned":[3,13,14],"killed_by":"Hexaghost","ascension_level":0}