{"path_per_floor":["M","?","$","?","M","R","M","R","T","?","$","R","E","?","R","B"],"character_chosen":"DEFECT","items_purchased":["Capacitor"],"gold_per_floor":[17,17,17,17,33,33,50,50,50,50,23,23,52,127,127,222,222],"floor_reached":17,"campfire_rested":0,"playtime":777,"item_purchase_floors":[],"current_hp_per_floor":[74,74,74,59,58,58,58,58,58,51,51,51,51,40,40,19,19],"items_purged":[],"gold":222,"score":176,"play_id":"dbca9d5d-e981-44c6-8350-ed1471df490e","local_time":"20180523111652","is_prod":false,"is_daily":false,"chose_seed":false,"is_ascension_mode":false,"campfire_upgraded":4,"timestamp":1527041812,"campfire_choices":[{"data":"Redo","floor":6.0,"key":"SMITH"},{"data":"Dualcast","floor":8.0,"key":"SMITH"},{"data":"Zap","floor":12.0,"key":"SMITH"},{"data":"Steam Power","floor":15.0,"key":"SMITH"}],"path_taken":["M","?","$","?","M","R","M","R","T","?","?","R","E","?","R","BOSS"],"build_version":"2018-05-21v2","seed_source_timestamp":0,"purchased_purges":0,"victory":false,"master_deck":["Strike_B","Strike_B","Defend_B","Defend_B","Defend_B+1","Zap+1","Dualcast+1","Undo+1","Doom and Gloom","Chill","Redo+1","White Noise","Capacitor","Steam Power+1","Creative AI"],"max_hp_per_floor":[75,75,75,75,75,75,75,75,75,75,75,75,75,75,75,75,75],"relics":["Cracked Core","Kunai","The Courier","Nuclear Battery"],"card_choices":[{"not_picked":["Hologram","Rebound"],"picked":"Chill","floor":1.0},{"not_picked":["Chaos","Glacier"],"picked":"Redo","floor":5.0},{"not_picked":["Ball Lightning","Barrage"],"picked":"White Noise","floor":7.0},{"not_picked":["Hologram","Barrage"],"picked":"Steam Power","floor":13.0},{"not_picked":["Reboot","Core Surge"],"picked":"Creative AI","floor":16.0}],"player_experience":170489,"potions_floor_usage":[],"damage_taken":[{"damage":1.0,"enemies":"Cultist","floor":1.0,"turns":4.0},{"damage":1.0,"enemies":"Jaw Worm","floor":5.0,"turns":4.0},{"damage":0.0,"enemies":"2 Louse","floor":7.0,"turns":2.0},{"damage":0.0,"enemies":"Gremlin Nob","floor":13.0,"turns":3.0},{"damage":21.0,"enemies":"The Guardian","floor":16.0,"turns":9.0}],"relics_obtained":[{"floor":9.0,"key":"Kunai"},{"floor":13.0,"key":"The Courier"}],"event_choices":[{"event_name":"The Cleric","player_choice":"Leave","floor":2.0,"damage_taken":0.0},{"event_name":"Shining Light","player_choice":"Entered Light","floor":4.0,"damage_taken":0.0},{"event_name":"Golden Wing","player_choice":"Card Removal","floor":10.0,"damage_taken":0.0},{"event_name":"World of Goop","player_choice":"Gather Gold","floor":14.0,"damage_taken":0.0}],"boss_relics":[{"not_picked":["Astrolabe","Runic Pyramid"],"picked":"Nuclear Battery"}],"items_purged_floors":[],"potions_floor_spawned":[7],"seed_played":"-2084462454636241547","ascension_level":0,"potions_obtained":[{"floor":7.0,"key":"Energy Potion"}],"is_trial":false}