{"gold_per_floor":[111,61,74,20,20,55,1,14,14,14,40,79,79,95,95,215,215,240,240,340,356,374,410,410,444,498,538,582,582,84,84,84,203,203,219,219,219,219,552,552,572,572,572,512,41,54,276,309,309,309,309,309,36,62,62],"floor_reached":55,"playtime":3219,"items_purged":["Defend_G","Strike_G"],"score":874,"play_id":"09404beb-3eff-4a76-9157-fb7be9ce04a9","local_time":"20181124215619","is_ascension_mode":true,"campfire_choices":[{"data":"Sucker Punch","floor":13,"key":"SMITH"},{"floor":15,"key":"REST"},{"floor":24,"key":"REST"},{"floor":29,"key":"RECALL"},{"floor":32,"key":"REST"},{"floor":40,"key":"REST"},{"floor":42,"key":"REST"},{"floor":49,"key":"REST"},{"floor":52,"key":"REST"}],"neow_cost":"NONE","seed_source_timestamp":590011843560691,"circlet_count":0,"master_deck":["Defend_G","Defend_G","Defend_G","Strike_G","Survivor","Leg Sweep","Dagger Spray","Cloak And Dagger","Unload","After Image+1","PiercingWail","Heel Hook","Sucker Punch+1","PiercingWail","Deadly Poison","Glass Knife","Escape Plan+1","Backflip","Dagger Spray","Envenom+1","Footwork+1","Finesse","Well Laid Plans+1","After Image+1","Deflect","Madness","Madness","Deadly Poison+1","Wraith Form v2+1","Acrobatics","Secret Weapon","Terror","Transmutation","Cloak And Dagger+1"],"relics":["Ring of the Snake","Dream Catcher","Frozen Egg 2","Bag of Marbles","Potion Belt","Runic Dome","Bronze Scales","Regal Pillow","Letter Opener","Ancient Tea Set","Red Mask","Mummified Hand","Boot","Juzu Bracelet","Fusion Hammer","Singing Bowl","Matryoshka","Toolbox","Kunai","Centennial Puzzle"],"potions_floor_usage":[12,16,22,28,33,33,50,50,54,55,55],"damage_taken":[{"damage":0,"enemies":"Small Slimes","floor":1,"turns":3},{"damage":4,"enemies":"2 Louse","floor":3,"turns":3},{"damage":8,"enemies":"3 Sentries","floor":6,"turns":8},{"damage":0,"enemies":"Cultist","floor":8,"turns":4},{"damage":6,"enemies":"Gremlin Nob","floor":12,"turns":4},{"damage":2,"enemies":"Large Slime","floor":14,"turns":6},{"damage":4,"enemies":"The Guardian","floor":16,"turns":14},{"damage":4,"enemies":"Spheric Guardian","floor":18,"turns":5},{"damage":7,"enemies":"Chosen","floor":21,"turns":4},{"damage":1,"enemies":"Snecko","floor":22,"turns":4},{"damage":19,"enemies":"Gremlin Leader","floor":23,"turns":6},{"damage":0,"enemies":"Book of Stabbing","floor":25,"turns":5},{"damage":24,"enemies":"Masked Bandits","floor":27,"turns":4},{"damage":6,"enemies":"Slavers","floor":28,"turns":4},{"damage":0,"enemies":"Colosseum Slavers","floor":31,"turns":3},{"damage":27,"enemies":"Collector","floor":33,"turns":8},{"damage":15,"enemies":"3 Shapes","floor":35,"turns":4},{"damage":0,"enemies":"Orb Walker","floor":41,"turns":3},{"damage":0,"enemies":"4 Shapes","floor":46,"turns":2},{"damage":0,"enemies":"Giant Head","floor":48,"turns":8},{"damage":14,"enemies":"Donu and Deca","floor":50,"turns":12},{"damage":18,"enemies":"Shield and Spear","floor":54,"turns":6},{"damage":66,"enemies":"The Heart","floor":55,"turns":8}],"seed_played":"-3600526103688379337","potions_obtained":[{"floor":1,"key":"SteroidPotion"},{"floor":6,"key":"Fire Potion"},{"floor":12,"key":"Ancient Potion"},{"floor":14,"key":"Weak Potion"},{"floor":16,"key":"Swift Potion"},{"floor":18,"key":"Energy Potion"},{"floor":22,"key":"Energy Potion"},{"floor":23,"key":"Fire Potion"},{"floor":25,"key":"PowerPotion"},{"floor":33,"key":"SpeedPotion"},{"floor":35,"key":"EssenceOfSteel"},{"floor":48,"key":"Explosive Potion"}],"is_trial":false,"path_per_floor":["M","?","M","$","?","E","$","M","T","?","T","E","R","M","R","B",null,"M","?","?","M","M","E","R","E","T","?","E","R","$","?","R","B",null,"M","?","T","?","?","R","M","R","T","?","$","M","?","E","R","B",null,"R","$","E","B"],"character_chosen":"THE_SILENT","items_purchased":["Cloak And Dagger","PiercingWail","Footwork+1","Finesse","Boot","Juzu Bracelet","Secret Weapon","Toolbox","Terror","Transmutation"],"campfire_rested":7,"item_purchase_floors":[4,7,30,30,30,30,45,45,53,53],"current_hp_per_floor":[70,70,66,66,66,58,58,58,58,41,41,35,35,33,54,50,70,66,66,66,59,58,39,70,70,70,46,40,40,40,40,70,43,70,55,55,55,46,46,70,72,74,74,74,74,76,76,78,80,66,80,82,82,64,0],"gold":62,"neow_bonus":"RANDOM_COMMON_RELIC","is_prod":false,"is_daily":false,"chose_seed":false,"campfire_upgraded":1,"win_rate":0,"timestamp":1543114579,"path_taken":["M","?","M","$","?","E","$","M","T","?","?","E","R","M","R","BOSS","M","?","?","M","?","E","R","E","T","?","E","R","$","?","R","BOSS","M","?","?","?","?","R","M","R","T","?","$","M","?","E","R","BOSS","R","$","E","BOSS"],"build_version":"2018-11-15","purchased_purges":2,"victory":false,"max_hp_per_floor":[70,70,70,70,70,70,70,70,70,70,70,70,70,70,70,70,70,70,70,70,70,70,70,70,70,70,70,70,70,70,70,70,70,70,70,70,70,70,70,70,72,74,74,74,74,76,76,78,80,80,80,82,82,82,82],"card_choices":[{"not_picked":["Outmaneuver","Dodge and Roll"],"picked":"Leg Sweep","floor":1},{"not_picked":["Quick Slash","Dodge and Roll"],"picked":"Dagger Spray","floor":3},{"not_picked":["All Out Attack","Crippling Poison"],"picked":"After Image","floor":6},{"not_picked":["Poisoned Stab","Acrobatics"],"picked":"Heel Hook","floor":8},{"not_picked":["Masterful Stab","Deadly Poison"],"picked":"Sucker Punch","floor":12},{"not_picked":["Wraith Form v2+1","Sucker Punch"],"picked":"PiercingWail","floor":14},{"not_picked":["PiercingWail","Deflect"],"picked":"Deadly Poison","floor":15},{"not_picked":["Night Terror","Bullet Time"],"picked":"Glass Knife","floor":16},{"not_picked":["Underhanded Strike+1","Dagger Throw+1"],"picked":"Escape Plan+1","floor":18},{"not_picked":["Concentrate","Acrobatics","Deflect"],"picked":"SKIP","floor":21},{"not_picked":["Flying Knee","Bane+1","Quick Slash"],"picked":"SKIP","floor":22},{"not_picked":["Skewer","Grand Finale"],"picked":"Backflip","floor":23},{"not_picked":["Flying Knee+1","PiercingWail"],"picked":"Dagger Spray","floor":24},{"not_picked":["Poisoned Stab","Deadly Poison","Acrobatics+1"],"picked":"SKIP","floor":25},{"not_picked":["PiercingWail","Sucker Punch"],"picked":"Envenom+1","floor":28},{"not_picked":["Dodge and Roll+1","Dagger Throw"],"picked":"Well Laid Plans+1","floor":32},{"not_picked":["Wraith Form v2+1","Phantasmal Killer"],"picked":"After Image+1","floor":33},{"not_picked":["Calculated Gamble","Distraction"],"picked":"Deflect","floor":35},{"not_picked":["Leg Sweep","Skewer+1"],"picked":"Deadly Poison+1","floor":40},{"not_picked":["Choke","Prepared+1","Outmaneuver+1"],"picked":"Singing Bowl","floor":41},{"not_picked":["Cloak And Dagger+1","Expertise","PiercingWail"],"picked":"Singing Bowl","floor":42},{"not_picked":["Acrobatics","Bullet Time","Deadly Poison"],"picked":"Singing Bowl","floor":46},{"not_picked":["Slice","Dagger Spray","Blade Dance"],"picked":"Singing Bowl","floor":48},{"not_picked":["Infinite Blades+1","Quick Slash+1","Acrobatics"],"picked":"Singing Bowl","floor":49},{"not_picked":["Tactician+1","Underhanded Strike","Flying Knee+1"],"picked":"Singing Bowl","floor":52},{"not_picked":["Slice+1","Quick Slash"],"picked":"Cloak And Dagger+1","floor":54}],"player_experience":633394,"relics_obtained":[{"floor":6,"key":"Frozen Egg 2"},{"floor":11,"key":"Bag of Marbles"},{"floor":12,"key":"Potion Belt"},{"floor":23,"key":"Regal Pillow"},{"floor":25,"key":"Letter Opener"},{"floor":26,"key":"Ancient Tea Set"},{"floor":27,"key":"Red Mask"},{"floor":28,"key":"Mummified Hand"},{"floor":37,"key":"Singing Bowl"},{"floor":43,"key":"Matryoshka"},{"floor":48,"key":"Kunai"},{"floor":54,"key":"Centennial Puzzle"}],"event_choices":[{"cards_removed":["Strike_G"],"damage_healed":0,"gold_gain":0,"player_choice":"Card Removal","damage_taken":0,"max_hp_gain":0,"max_hp_loss":0,"event_name":"The Cleric","floor":2,"gold_loss":50},{"damage_healed":0,"gold_gain":0,"cards_transformed":["Defend_G"],"player_choice":"Change","damage_taken":0,"max_hp_gain":0,"max_hp_loss":0,"event_name":"Living Wall","floor":5,"gold_loss":0,"cards_obtained":["Unload"]},{"damage_healed":0,"gold_gain":0,"player_choice":"Take Damage","damage_taken":17,"relics_obtained":["Golden Idol"],"max_hp_gain":0,"max_hp_loss":0,"event_name":"Golden Idol","floor":10,"gold_loss":0},{"damage_healed":0,"gold_gain":0,"player_choice":"Opened","damage_taken":0,"relics_obtained":["Bronze Scales"],"max_hp_gain":0,"max_hp_loss":0,"event_name":"The Mausoleum","floor":19,"gold_loss":0},{"damage_healed":0,"gold_gain":100,"player_choice":"Pray","damage_taken":0,"max_hp_gain":0,"max_hp_loss":0,"event_name":"Golden Shrine","floor":20,"gold_loss":0},{"damage_healed":0,"gold_gain":0,"player_choice":"Fought Bandits","damage_taken":0,"max_hp_gain":0,"max_hp_loss":0,"event_name":"Masked Bandits","floor":27,"gold_loss":0},{"damage_healed":0,"gold_gain":0,"player_choice":"Fight","damage_taken":0,"max_hp_gain":0,"max_hp_loss":0,"event_name":"Colosseum","floor":31,"gold_loss":0},{"damage_healed":0,"gold_gain":0,"player_choice":"Fled From Nobs","damage_taken":0,"max_hp_gain":0,"max_hp_loss":0,"event_name":"Colosseum","floor":31,"gold_loss":0},{"cards_removed":["Neutralize"],"damage_healed":0,"gold_gain":0,"player_choice":"Removed Attack","damage_taken":0,"max_hp_gain":0,"max_hp_loss":0,"event_name":"Falling","floor":36,"gold_loss":0},{"damage_healed":0,"gold_gain":0,"player_choice":"Embrace Madness","damage_taken":9,"max_hp_gain":0,"max_hp_loss":0,"event_name":"Winding Halls","floor":38,"gold_loss":0,"cards_obtained":["Madness","Madness"]},{"damage_healed":0,"gold_gain":333,"player_choice":"Gave Idol","damage_taken":0,"max_hp_gain":0,"max_hp_loss":0,"event_name":"The Moai Head","floor":39,"relics_lost":["Golden Idol"],"gold_loss":0},{"damage_healed":0,"gold_gain":0,"cards_transformed":["Strike_G","Strike_G"],"player_choice":"Transformed Cards","damage_taken":0,"max_hp_gain":0,"max_hp_loss":0,"event_name":"Designer","floor":44,"gold_loss":60,"cards_obtained":["Wraith Form v2","Acrobatics"]},{"damage_healed":0,"gold_gain":222,"player_choice":"Wore Mask","damage_taken":0,"max_hp_gain":0,"max_hp_loss":0,"event_name":"Tomb of Lord Red Mask","floor":47,"gold_loss":0}],"is_beta":false,"boss_relics":[{"not_picked":["Pandora\u0027s Box","WristBlade"],"picked":"Runic Dome"},{"not_picked":["Tiny House","Velvet Choker"],"picked":"Fusion Hammer"}],"items_purged_floors":[30,45],"is_endless":false,"potions_floor_spawned":[1,6,12,14,16,18,22,23,25,33,35,48],"killed_by":"The Heart","ascension_level":1}