{"gold_per_floor":[109,109,120,295,255,255,265,297,297,297,329,220,220,230,230,329,329,347,357,282,300,75,75,2,18,68,68,68,68,99,117,117,117],"floor_reached":33,"playtime":1875,"items_purged":["Doubt","Strike_G"],"score":369,"play_id":"ef6edc5d-2e8c-46ea-aada-ea841b19935e","local_time":"20190209151245","is_ascension_mode":true,"campfire_choices":[{"data":"Flying Knee","floor":6,"key":"SMITH"},{"data":"Poisoned Stab","floor":10,"key":"SMITH"},{"floor":13,"key":"REST"},{"data":"Calculated Gamble","floor":15,"key":"SMITH"},{"data":"Noxious Fumes","floor":23,"key":"SMITH"},{"data":"Crippling Poison","floor":27,"key":"SMITH"},{"data":"Glass Knife","floor":29,"key":"SMITH"},{"floor":32,"key":"REST"}],"neow_cost":"NONE","seed_source_timestamp":5841142424000,"circlet_count":0,"master_deck":["Defend_G","Defend_G","Defend_G","Defend_G","Defend_G","Strike_G","Strike_G","Strike_G","Survivor","Neutralize+1","Deadly Poison","Flying Knee+1","Poisoned Stab+1","Calculated Gamble+1","Noxious Fumes+1","Dagger Throw","Adrenaline","Cloak And Dagger+1","Backflip+1","Crippling Poison+1","PiercingWail","Glass Knife+1","Backstab+1","Noxious Fumes+1"],"relics":["Ring of the Snake","Happy Flower","Ornamental Fan","Du-Vu Doll","Tough Bandages","Velvet Choker","Blood Vial","Calipers"],"potions_floor_usage":[8,8,14,30,33],"damage_taken":[{"damage":7,"enemies":"Small Slimes","floor":1,"turns":6},{"damage":0,"enemies":"2 Louse","floor":3,"turns":3},{"damage":0,"enemies":"Cultist","floor":7,"turns":3},{"damage":10,"enemies":"3 Sentries","floor":8,"turns":6},{"damage":12,"enemies":"Gremlin Nob","floor":11,"turns":4},{"damage":0,"enemies":"Gremlin Gang","floor":14,"turns":3},{"damage":9,"enemies":"Hexaghost","floor":16,"turns":8},{"damage":6,"enemies":"2 Thieves","floor":18,"turns":5},{"damage":0,"enemies":"Chosen","floor":19,"turns":3},{"damage":8,"enemies":"Centurion and Healer","floor":21,"turns":6},{"damage":6,"enemies":"Snake Plant","floor":25,"turns":4},{"damage":26,"enemies":"Book of Stabbing","floor":30,"turns":5},{"damage":3,"enemies":"Snecko","floor":31,"turns":5},{"damage":50,"enemies":"Champ","floor":33,"turns":10}],"seed_played":"1131675836647323677","potions_obtained":[{"floor":5,"key":"Explosive Potion"},{"floor":5,"key":"Fire Potion"},{"floor":5,"key":"AttackPotion"},{"floor":14,"key":"Regen Potion"},{"floor":21,"key":"PowerPotion"},{"floor":31,"key":"SkillPotion"}],"is_trial":false,"path_per_floor":["M","?","M","?","?","R","M","E","T","R","E","$","R","M","R","B",null,"M","M","?","M","$","R","$","M","T","R","?","R","E","M","R","B"],"character_chosen":"THE_SILENT","items_purchased":["Noxious Fumes","Crippling Poison","PiercingWail","Glass Knife"],"campfire_rested":2,"item_purchase_floors":[12,22,22,24],"current_hp_per_floor":[56,56,56,56,56,56,56,46,46,46,34,34,55,55,55,46,64,58,58,58,50,50,50,50,44,44,44,44,44,20,19,40,0],"gold":117,"neow_bonus":"RANDOM_COMMON_RELIC","is_prod":false,"is_daily":false,"chose_seed":false,"campfire_upgraded":6,"win_rate":0,"timestamp":1549696365,"path_taken":["M","?","M","?","?","R","?","E","T","R","E","$","R","M","R","BOSS","M","?","?","M","$","R","$","M","T","R","?","R","E","?","R","BOSS"],"build_version":"2019-01-23","purchased_purges":2,"victory":false,"max_hp_per_floor":[70,70,70,70,70,70,70,70,70,70,70,70,70,70,70,70,70,70,70,70,70,70,70,70,70,70,70,70,70,70,70,70,70],"card_choices":[{"not_picked":["Outmaneuver","Blade Dance"],"picked":"Deadly Poison","floor":1},{"not_picked":["Prepared","Choke"],"picked":"Flying Knee","floor":3},{"not_picked":["Tactician","Deflect"],"picked":"Poisoned Stab","floor":7},{"not_picked":["Poisoned Stab","Deflect","Underhanded Strike"],"picked":"SKIP","floor":8},{"not_picked":["Night Terror","Dagger Throw"],"picked":"Calculated Gamble","floor":11},{"not_picked":["Underhanded Strike","Slice"],"picked":"Dagger Throw","floor":14},{"not_picked":["Doppelganger","Phantasmal Killer"],"picked":"Adrenaline","floor":16},{"not_picked":["Deflect","Concentrate"],"picked":"Cloak And Dagger+1","floor":18},{"not_picked":["Acrobatics","Blade Dance+1"],"picked":"Backflip+1","floor":19},{"not_picked":["Bane","Sucker Punch","Riddle With Holes"],"picked":"SKIP","floor":21},{"not_picked":["Eviscerate","Bane"],"picked":"Backstab+1","floor":25},{"not_picked":["Dagger Spray","Backstab","Underhanded Strike+1"],"picked":"SKIP","floor":30},{"not_picked":["Deadly Poison","Blade Dance","Dagger Spray"],"picked":"SKIP","floor":31}],"player_experience":363815,"relics_obtained":[{"floor":8,"key":"Ornamental Fan"},{"floor":9,"key":"Du-Vu Doll"},{"floor":11,"key":"Tough Bandages"},{"floor":26,"key":"Blood Vial"},{"floor":30,"key":"Calipers"}],"event_choices":[{"damage_healed":0,"gold_gain":0,"player_choice":"Grow","damage_taken":0,"max_hp_gain":0,"max_hp_loss":0,"event_name":"Living Wall","floor":2,"gold_loss":0,"cards_upgraded":["Neutralize"]},{"damage_healed":0,"gold_gain":175,"player_choice":"AGREE","damage_taken":0,"max_hp_gain":0,"max_hp_loss":0,"event_name":"Liars Game","floor":4,"gold_loss":0,"cards_obtained":["Doubt"]},{"damage_healed":0,"gold_gain":0,"player_choice":"Bought 3 Potions","damage_taken":0,"max_hp_gain":0,"max_hp_loss":0,"event_name":"The Woman in Blue","floor":5,"gold_loss":0},{"cards_removed":["Strike_G"],"damage_healed":0,"gold_gain":0,"player_choice":"Gave Gold","damage_taken":0,"max_hp_gain":0,"max_hp_loss":0,"event_name":"Beggar","floor":20,"gold_loss":75},{"damage_healed":0,"gold_gain":0,"player_choice":"Copied","damage_taken":0,"max_hp_gain":0,"max_hp_loss":0,"event_name":"Duplicator","floor":28,"gold_loss":0,"cards_obtained":["Noxious Fumes"]}],"is_beta":false,"boss_relics":[{"not_picked":["Snecko Eye","WristBlade"],"picked":"Velvet Choker"}],"items_purged_floors":[12,22],"is_endless":false,"potions_floor_spawned":[14,21,31],"killed_by":"Champ","ascension_level":7}