{"gold_per_floor":[109,125,135,82,82,82,110,126,126,126,139,139,157,197,197,290,290,310,310,25,25,39,39,55,55,55,55,73,89,101,16,16,16],"floor_reached":33,"playtime":2010,"items_purged":[],"score":548,"play_id":"753eef44-531f-48ea-bc0c-c7000a788d9d","local_time":"20181202183222","is_ascension_mode":true,"campfire_choices":[{"data":"Poisoned Stab","floor":6.0,"key":"SMITH"},{"data":"Neutralize","floor":10.0,"key":"SMITH"},{"floor":12.0,"key":"REST"},{"floor":15.0,"key":"REST"},{"data":"Footwork","floor":23,"key":"SMITH"},{"data":"Catalyst","floor":25,"key":"SMITH"},{"floor":27,"key":"REST"},{"floor":32,"key":"REST"}],"neow_cost":"NONE","seed_source_timestamp":49762347452900,"circlet_count":0,"master_deck":["AscendersBane","Defend_G","Defend_G","Defend_G","Defend_G","Defend_G","Strike_G","Strike_G","Strike_G","Strike_G","Strike_G","Survivor","Neutralize+1","Poisoned Stab+1","Dagger Throw","Deadly Poison","Terror","Corpse Explosion","Deflect","PiercingWail","Footwork+1","Bullet Time","Acrobatics","Acrobatics+1","Catalyst+1","Burst","PiercingWail","Deadly Poison+1"],"special_seed":0,"relics":["White Beast Statue","Bloody Idol","Odd Mushroom","Letter Opener","Calipers","Philosopher\u0027s Stone","Shuriken","Gremlin Horn","Blue Candle"],"potions_floor_usage":[22,24,28,30,33,33,33,33],"damage_taken":[{"damage":11.0,"enemies":"Small Slimes","floor":1.0,"turns":4.0},{"damage":0.0,"enemies":"2 Louse","floor":2.0,"turns":3.0},{"damage":2.0,"enemies":"Jaw Worm","floor":3.0,"turns":5.0},{"damage":16.0,"enemies":"The Mushroom Lair","floor":7.0,"turns":6.0},{"damage":7.0,"enemies":"Looter","floor":8.0,"turns":4.0},{"damage":4.0,"enemies":"Blue Slaver","floor":11.0,"turns":3.0},{"damage":2.0,"enemies":"Exordium Wildlife","floor":13.0,"turns":4.0},{"damage":10.0,"enemies":"3 Sentries","floor":14.0,"turns":4.0},{"damage":38.0,"enemies":"Slime Boss","floor":16.0,"turns":13.0},{"damage":26.0,"enemies":"Spheric Guardian","floor":18.0,"turns":5.0},{"damage":0,"enemies":"3 Byrds","floor":22,"turns":2},{"damage":6,"enemies":"Snake Plant","floor":24,"turns":4},{"damage":33,"enemies":"Shelled Parasite and Fungi","floor":28,"turns":4},{"damage":4,"enemies":"Centurion and Healer","floor":29,"turns":4},{"damage":10,"enemies":"Cultist and Chosen","floor":30,"turns":6},{"damage":29,"enemies":"Automaton","floor":33,"turns":8}],"seed_played":"2871650955209849877","potions_obtained":[{"floor":1.0,"key":"Weak Potion"},{"floor":2.0,"key":"Swift Potion"},{"floor":3.0,"key":"SkillPotion"},{"floor":7.0,"key":"Block Potion"},{"floor":8.0,"key":"LiquidBronze"},{"floor":11.0,"key":"FearPotion"},{"floor":13.0,"key":"PowerPotion"},{"floor":14.0,"key":"GhostInAJar"},{"floor":16.0,"key":"Explosive Potion"},{"floor":18.0,"key":"Energy Potion"},{"floor":22,"key":"GhostInAJar"},{"floor":24,"key":"Explosive Potion"},{"floor":28,"key":"Energy Potion"},{"floor":29,"key":"Weak Potion"},{"floor":30,"key":"EntropicBrew"}],"is_trial":false,"path_per_floor":["M","M","M","$","?","R","?","M","T","R","M","R","M","E","R","B",null,"M","?","$","?","M","R","M","R","T","R","M","M","M","?","R","B"],"character_chosen":"THE_SILENT","items_purchased":["Deadly Poison","Shuriken"],"campfire_rested":4,"item_purchase_floors":[4,20],"current_hp_per_floor":[48,48,46,46,46,46,30,23,23,23,19,37,35,25,43,5,46,20,20,20,20,25,25,24,24,24,42,14,15,10,10,28,0],"gold":16,"neow_bonus":"BOSS_RELIC","is_prod":false,"is_daily":false,"chose_seed":false,"campfire_upgraded":4,"win_rate":0,"timestamp":1543793542,"path_taken":["M","M","M","$","?","R","?","M","T","R","M","R","M","E","R","BOSS","M","?","$","?","M","R","M","R","T","R","M","M","M","?","R","BOSS"],"build_version":"2018-11-15","purchased_purges":0,"victory":false,"max_hp_per_floor":[66,66,66,66,60,60,60,60,60,60,60,60,60,60,60,60,60,60,60,60,60,60,60,60,60,60,60,60,60,60,60,60,60],"card_choices":[{"not_picked":["Accuracy","Heel Hook"],"picked":"Poisoned Stab","floor":1.0},{"not_picked":["Flechettes","Outmaneuver","Bane"],"picked":"SKIP","floor":2.0},{"not_picked":["Bane","Riddle With Holes"],"picked":"Dagger Throw","floor":3.0},{"not_picked":["Deadly Poison","Slice"],"picked":"Terror","floor":7.0},{"not_picked":["Setup","Outmaneuver"],"picked":"Corpse Explosion","floor":8.0},{"not_picked":["Deadly Poison","Blade Dance"],"picked":"Deflect","floor":11.0},{"not_picked":["Dagger Throw","Heel Hook"],"picked":"PiercingWail","floor":13.0},{"not_picked":["Deflect","Corpse Explosion"],"picked":"Footwork","floor":14.0},{"not_picked":["A Thousand Cuts","Night Terror"],"picked":"Bullet Time","floor":16.0},{"not_picked":["Blade Dance","Flying Knee"],"picked":"Acrobatics","floor":18.0},{"not_picked":["Catalyst","Riddle With Holes"],"picked":"Acrobatics+1","floor":22},{"not_picked":["Deadly Poison","Bane"],"picked":"Catalyst","floor":24},{"not_picked":["Blur","Deadly Poison"],"picked":"Burst","floor":28},{"not_picked":["Dagger Spray","Tactician"],"picked":"PiercingWail","floor":29},{"not_picked":["Eviscerate","Poisoned Stab"],"picked":"Deadly Poison+1","floor":30}],"player_experience":1735086,"relics_obtained":[{"floor":7.0,"key":"Odd Mushroom"},{"floor":9.0,"key":"Letter Opener"},{"floor":14.0,"key":"Calipers"},{"floor":26,"key":"Gremlin Horn"}],"event_choices":[{"damage_healed":0.0,"max_hp_gain":0.0,"max_hp_loss":6.0,"gold_gain":0.0,"event_name":"Golden Idol","player_choice":"Lose Max HP","floor":5.0,"gold_loss":0.0,"damage_taken":0.0,"relics_obtained":["Golden Idol"]},{"damage_healed":0.0,"max_hp_gain":0.0,"max_hp_loss":0.0,"gold_gain":0.0,"event_name":"Mushrooms","player_choice":"Fought Mushrooms","floor":7.0,"gold_loss":0.0,"damage_taken":0.0},{"damage_healed":0,"gold_gain":0,"player_choice":"Ignored","damage_taken":0,"max_hp_gain":0,"max_hp_loss":0,"event_name":"Cursed Tome","floor":19,"gold_loss":0},{"damage_healed":0,"gold_gain":0,"player_choice":"Gave Idol","damage_taken":0,"relics_obtained":["Bloody Idol"],"max_hp_gain":0,"max_hp_loss":0,"event_name":"Forgotten Altar","floor":21,"relics_lost":["Golden Idol"],"gold_loss":0},{"damage_healed":0,"gold_gain":0,"player_choice":"Obtained Relic","damage_taken":0,"relics_obtained":["Blue Candle"],"max_hp_gain":0,"max_hp_loss":0,"event_name":"Addict","floor":31,"gold_loss":85}],"is_beta":true,"boss_relics":[{"not_picked":["Runic Pyramid","Orrery"],"picked":"Philosopher\u0027s Stone"}],"items_purged_floors":[],"is_endless":false,"potions_floor_spawned":[1,2,3,7,8,11,13,14,16,18,22,24,28,29,30],"killed_by":"Automaton","ascension_level":20}