{"gold_per_floor":[119,133,133,143,143,175,175,188,188,198,0,12,12,23,23,122,122,136,136,165,10,24,24,57,74,124,124,49,49,49,49,49,151,151,162,62,72,119,136,200,200,234,234,248,281,503,503,513,513,513],"floor_reached":51,"playtime":2901,"items_purged":["Strike_B","Defend_B"],"score":818,"play_id":"7623f083-94bc-44bf-b577-62a96ffb60e8","local_time":"20181004205901","is_ascension_mode":true,"campfire_choices":[{"floor":7,"key":"REST"},{"floor":15,"key":"REST"},{"data":"Chill","floor":23,"key":"SMITH"},{"data":"Zap","floor":27,"key":"SMITH"},{"data":"Ball Lightning","floor":29,"key":"SMITH"},{"data":"Dark Shackles","floor":32,"key":"SMITH"},{"floor":41,"key":"DIG"},{"floor":47,"key":"DIG"},{"floor":49,"key":"DIG"}],"neow_cost":"","seed_source_timestamp":1800382710093661,"circlet_count":0,"master_deck":["Strike_B+1","Strike_B","Defend_B","Defend_B","Defend_B","Zap+1","Dualcast","FTL","Sweeping Beam+1","Ball Lightning+1","Tempest","Storm","Lockon+1","Chill+1","Barrage+1","Seek","Gash+1","Necronomicurse","Streamline+1","Beam Cell+1","Melter+1","Tempest+1","Dark Shackles+1","Hyperbeam+1","White Noise+1","Conserve Battery+1","FTL+1","White Noise+1","Compile Driver+1","White Noise","Hyperbeam+1"],"relics":["Cracked Core","Shuriken","Whetstone","Molten Egg 2","Strawberry","Gremlin Horn","Coffee Dripper","Necronomicon","Red Mask","DataDisk","Unceasing Top","Potion Belt","Inserter","Shovel","Tiny Chest","Ornamental Fan","Dream Catcher","Mummified Hand","Blood Vial","Toxic Egg 2","Mercury Hourglass"],"potions_floor_usage":[6,14,16,33,33,33,33,37,42,45,45,50],"damage_taken":[{"damage":1,"enemies":"Jaw Worm","floor":1,"turns":4},{"damage":1,"enemies":"Cultist","floor":2,"turns":3},{"damage":1,"enemies":"2 Louse","floor":4,"turns":2},{"damage":30,"enemies":"3 Sentries","floor":6,"turns":5},{"damage":12,"enemies":"Large Slime","floor":8,"turns":4},{"damage":11,"enemies":"Exordium Wildlife","floor":10,"turns":3},{"damage":13,"enemies":"Lots of Slimes","floor":12,"turns":2},{"damage":2,"enemies":"Looter","floor":14,"turns":2},{"damage":28,"enemies":"Hexaghost","floor":16,"turns":9},{"damage":5,"enemies":"3 Byrds","floor":18,"turns":3},{"damage":0,"enemies":"Masked Bandits","floor":20,"turns":3},{"damage":0,"enemies":"Chosen","floor":22,"turns":3},{"damage":5,"enemies":"Slavers","floor":24,"turns":3},{"damage":12,"enemies":"Snake Plant","floor":25,"turns":2},{"damage":0,"enemies":"Automaton","floor":33,"turns":3},{"damage":6,"enemies":"3 Shapes","floor":35,"turns":1},{"damage":1,"enemies":"3 Darklings","floor":37,"turns":2},{"damage":3,"enemies":"Mysterious Sphere","floor":38,"turns":2},{"damage":8,"enemies":"4 Shapes","floor":39,"turns":3},{"damage":11,"enemies":"2 Orb Walkers","floor":40,"turns":4},{"damage":12,"enemies":"Nemesis","floor":42,"turns":5},{"damage":0,"enemies":"Reptomancer","floor":44,"turns":2},{"damage":1,"enemies":"2 Orb Walkers","floor":45,"turns":4},{"damage":0,"enemies":"3 Darklings","floor":48,"turns":1},{"damage":50,"enemies":"Donu and Deca","floor":50,"turns":6}],"seed_played":"479923725586799998","potions_obtained":[{"floor":1,"key":"Poison Potion"},{"floor":4,"key":"GamblersBrew"},{"floor":8,"key":"Ancient Potion"},{"floor":22,"key":"SpeedPotion"},{"floor":25,"key":"AttackPotion"},{"floor":35,"key":"LiquidBronze"},{"floor":40,"key":"SkillPotion"},{"floor":42,"key":"Ancient Potion"},{"floor":44,"key":"Block Potion"},{"floor":48,"key":"FairyPotion"}],"is_trial":false,"path_per_floor":["M","M","?","M","?","E","R","M","T","M","$","M","T","M","R","B",null,"M","?","?","$","M","R","E","M","T","R","$","R","?","$","R","B",null,"M","$","M","?","M","E","R","E","T","M","E","?","R","M","R","B"],"character_chosen":"DEFECT","items_purchased":["Strawberry","Weak Potion","DataDisk"],"campfire_rested":2,"item_purchase_floors":[11,11,21],"current_hp_per_floor":[74,73,61,60,53,23,45,33,33,22,29,16,16,14,38,10,82,77,61,61,61,61,61,56,44,44,44,44,44,12,12,12,12,82,76,76,75,72,64,53,53,41,41,41,40,40,40,42,42,8],"gold":513,"neow_bonus":"","is_prod":false,"is_daily":false,"chose_seed":false,"campfire_upgraded":4,"win_rate":0,"timestamp":1538701141,"path_taken":["M","M","?","M","?","E","R","M","T","M","$","?","?","?","R","BOSS","M","?","?","$","M","R","E","?","T","R","?","R","?","$","R","BOSS","M","$","M","?","M","E","R","E","T","M","E","?","R","M","R","BOSS"],"build_version":"2018-10-04","purchased_purges":2,"victory":true,"max_hp_per_floor":[75,75,75,75,75,75,75,75,75,75,82,82,82,82,82,82,82,82,82,82,82,82,82,82,82,82,82,82,82,82,82,82,82,82,82,82,82,82,82,82,82,82,82,82,82,82,82,82,82,82],"card_choices":[{"not_picked":["Coolheaded","BootSequence"],"picked":"FTL","floor":1},{"not_picked":["Stack","Hello World"],"picked":"Sweeping Beam","floor":2},{"not_picked":["Gash","Turbo"],"picked":"Ball Lightning","floor":4},{"not_picked":["Doom and Gloom","Redo"],"picked":"Tempest","floor":6},{"not_picked":["Beam Cell","Doom and Gloom"],"picked":"Storm","floor":8},{"not_picked":["Rebound+1","Recycle"],"picked":"Lockon+1","floor":10},{"not_picked":["Auto Shields","Redo"],"picked":"Chill","floor":12},{"not_picked":["Steam Power","Fusion"],"picked":"Barrage+1","floor":14},{"not_picked":["Rainbow","Reboot"],"picked":"Seek","floor":16},{"not_picked":["Turbo","Aggregate"],"picked":"Gash+1","floor":18},{"not_picked":["Rebound+1","Sweeping Beam+1"],"picked":"Streamline+1","floor":20},{"not_picked":["Turbo","Rebound+1"],"picked":"Beam Cell+1","floor":22},{"not_picked":["Streamline+1","Gash+1"],"picked":"Melter+1","floor":24},{"not_picked":["Steam Power","Stack+1"],"picked":"Tempest+1","floor":25},{"not_picked":["Fission","Reboot"],"picked":"Hyperbeam+1","floor":33},{"not_picked":["Auto Shields+1","Gash+1"],"picked":"White Noise+1","floor":35},{"not_picked":["Stack","Leap"],"picked":"Conserve Battery+1","floor":37},{"not_picked":["Turbo+1","Barrage+1"],"picked":"FTL+1","floor":38},{"not_picked":["Coolheaded","Leap"],"picked":"White Noise+1","floor":39},{"not_picked":["Redo","Aggregate+1"],"picked":"Compile Driver+1","floor":40},{"not_picked":["Steam","Hologram"],"picked":"White Noise","floor":42},{"not_picked":["Barrage+1","Leap","Steam+1"],"picked":"SKIP","floor":44},{"not_picked":["Force Field+1","Ball Lightning+1"],"picked":"Hyperbeam+1","floor":45},{"not_picked":["Compile Driver+1","Sweeping Beam+1","Lockon+1"],"picked":"SKIP","floor":48}],"player_experience":165543,"relics_obtained":[{"floor":6,"key":"Whetstone"},{"floor":9,"key":"Molten Egg 2"},{"floor":13,"key":"Gremlin Horn"},{"floor":19,"key":"Necronomicon"},{"floor":20,"key":"Red Mask"},{"floor":24,"key":"Unceasing Top"},{"floor":26,"key":"Potion Belt"},{"floor":38,"key":"Shovel"},{"floor":40,"key":"Tiny Chest"},{"floor":41,"key":"Ornamental Fan"},{"floor":42,"key":"Dream Catcher"},{"floor":43,"key":"Mummified Hand"},{"floor":45,"key":"Blood Vial"},{"floor":47,"key":"Toxic Egg 2"},{"floor":49,"key":"Mercury Hourglass"}],"event_choices":[{"event_name":"Scrap Ooze","player_choice":"success","floor":3,"damage_taken":12},{"event_name":"Golden Wing","player_choice":"Card Removal","floor":5,"damage_taken":0},{"event_name":"Cursed Tome","player_choice":"Obtained Book","floor":19,"damage_taken":0},{"event_name":"Masked Bandits","player_choice":"Fought Bandits","floor":20,"damage_taken":0},{"event_name":"Knowing Skull","player_choice":"CARD POTION POTION ","floor":30,"damage_taken":0},{"event_name":"Mysterious Sphere","player_choice":"Fight","floor":38,"damage_taken":0},{"event_name":"Tomb of Lord Red Mask","player_choice":"Wore Mask","floor":46,"damage_taken":0}],"is_beta":false,"boss_relics":[{"not_picked":["White Beast Statue","Tiny House"],"picked":"Coffee Dripper"},{"not_picked":["Lizard Tail","FrozenCore"],"picked":"Inserter"}],"items_purged_floors":[28,36],"is_endless":false,"potions_floor_spawned":[1,4,8,22,25,35,40,42,44,48],"ascension_level":1}