{"gold_per_floor":[116,127,137,412,150,150,163,163,163,178,198,198,232,307,307,381,381,395,395,405,57,67,102,102,102,102,137,190,105,105,440,440,519,519,539,549,39,39,139,172,172,201,228,259,273,0,31,51,51,51],"floor_reached":51,"playtime":2506,"items_purged":["Regret","Limit Break"],"score":1698,"play_id":"74e027b3-8d08-41b8-83db-82d4f88c68ba","local_time":"20190115221531","is_ascension_mode":true,"campfire_choices":[{"data":"Whirlwind","floor":6.0,"key":"SMITH"},{"data":"Perfected Strike","floor":8.0,"key":"SMITH"},{"data":"Perfected Strike","floor":12.0,"key":"SMITH"},{"floor":15.0,"key":"REST"},{"data":"Uppercut","floor":24.0,"key":"SMITH"},{"data":"Uppercut","floor":30.0,"key":"SMITH"},{"floor":32.0,"key":"REST"},{"floor":41.0,"key":"REST"},{"data":"Havoc","floor":49.0,"key":"SMITH"}],"neow_cost":"PERCENT_DAMAGE","seed_source_timestamp":0,"circlet_count":0,"master_deck":["AscendersBane","Strike_R","Strike_R","Strike_R","Strike_R","Strike_R","Defend_R","Defend_R","Defend_R","Defend_R","Bash","Whirlwind+1","Perfected Strike+1","Perfected Strike+1","Pummel","Double Tap","Twin Strike","Shrug It Off","Flame Barrier","Offering","Uppercut+1","Necronomicurse","Pommel Strike","Perfected Strike+1","Shrug It Off","Headbutt","Uppercut+1","Offering","Bludgeon+1","Immolate+1","Shrug It Off+1","Havoc+1","True Grit+1","Perfected Strike+1","Reaper+1","Carnage+1"],"special_seed":0,"relics":["Burning Blood","Bird Faced Urn","Self Forming Clay","FossilizedHelix","Black Star","Necronomicon","DollysMirror","Art of War","Torii","Dodecahedron","Molten Egg 2","Darkstone Periapt","Happy Flower","Sundial","Shuriken","Old Coin","Lizard Tail","Chemical X","Kunai","Ginger","Question Card","Bottled Flame","Mercury Hourglass","Pear","Omamori","Red Skull","Thread and Needle","Red Mask","Du-Vu Doll","Juzu Bracelet"],"potions_floor_usage":[50,50],"damage_taken":[{"damage":6.0,"enemies":"Cultist","floor":1.0,"turns":4.0},{"damage":9.0,"enemies":"Jaw Worm","floor":2.0,"turns":5.0},{"damage":3.0,"enemies":"2 Louse","floor":3.0,"turns":3.0},{"damage":12.0,"enemies":"Exordium Thugs","floor":7.0,"turns":4.0},{"damage":8.0,"enemies":"Blue Slaver","floor":10.0,"turns":2.0},{"damage":3.0,"enemies":"Large Slime","floor":11.0,"turns":3.0},{"damage":0.0,"enemies":"Gremlin Nob","floor":13.0,"turns":2.0},{"damage":33.0,"enemies":"The Guardian","floor":16.0,"turns":12.0},{"damage":2.0,"enemies":"Chosen","floor":18.0,"turns":4.0},{"damage":0.0,"enemies":"Shell Parasite","floor":20.0,"turns":4.0},{"damage":0.0,"enemies":"3 Cultists","floor":22.0,"turns":1.0},{"damage":10.0,"enemies":"Book of Stabbing","floor":23.0,"turns":3.0},{"damage":0.0,"enemies":"Slavers","floor":27.0,"turns":4.0},{"damage":12.0,"enemies":"Book of Stabbing","floor":31.0,"turns":3.0},{"damage":17.0,"enemies":"Automaton","floor":33.0,"turns":6.0},{"damage":0.0,"enemies":"3 Darklings","floor":35.0,"turns":3.0},{"damage":0.0,"enemies":"Orb Walker","floor":36.0,"turns":1.0},{"damage":7.0,"enemies":"Mind Bloom Boss Battle","floor":39.0,"turns":3.0},{"damage":38.0,"enemies":"Nemesis","floor":40.0,"turns":5.0},{"damage":1.0,"enemies":"Reptomancer","floor":42.0,"turns":3.0},{"damage":0.0,"enemies":"Nemesis","floor":44.0,"turns":3.0},{"damage":0.0,"enemies":"Transient","floor":45.0,"turns":5.0},{"damage":1.0,"enemies":"Giant Head","floor":47.0,"turns":4.0},{"damage":0.0,"enemies":"3 Darklings","floor":48.0,"turns":1.0},{"damage":43,"enemies":"Awakened One","floor":50,"turns":5}],"seed_played":"-6618444282731565355","potions_obtained":[{"floor":2.0,"key":"SpeedPotion"},{"floor":11.0,"key":"Energy Potion"},{"floor":16.0,"key":"EssenceOfSteel"},{"floor":18.0,"key":"SteroidPotion"},{"floor":22.0,"key":"Fire Potion"},{"floor":40.0,"key":"Poison Potion"},{"floor":44.0,"key":"Strength Potion"},{"floor":45.0,"key":"EssenceOfSteel"}],"is_trial":false,"path_per_floor":["M","M","M","?","$","R","M","R","T","M","M","R","E","?","R","B",null,"M","?","M","$","M","E","R","?","T","E","T","?","R","E","R","B",null,"M","M","$","?","?","E","R","E","T","E","M","?","E","M","R","B",null],"character_chosen":"IRONCLAD","items_purchased":["Limit Break","Pummel","DollysMirror","Shrug It Off","Chemical X","Kunai"],"campfire_rested":3,"item_purchase_floors":[5,5,21,21,37,37],"current_hp_per_floor":[50,47,50,50,50,50,44,44,44,42,45,45,51,40,62,35,65,69,48,54,54,60,56,56,56,56,62,62,62,62,56,75,64,72,75,75,75,71,70,38,59,74,74,80,81,81,81,81,81,44],"gold":51,"neow_bonus":"ONE_RARE_RELIC","is_prod":false,"is_daily":false,"chose_seed":false,"campfire_upgraded":6,"win_rate":0,"timestamp":1547608531,"path_taken":["M","?","?","?","$","R","?","R","T","M","M","R","E","?","R","BOSS","M","?","M","$","M","E","R","?","T","E","?","?","R","E","R","BOSS","M","M","$","?","?","E","R","E","T","E","M","?","E","M","R","BOSS"],"build_version":"2019-01-10","purchased_purges":2,"victory":true,"max_hp_per_floor":[75,75,75,75,75,75,75,75,75,75,75,75,75,75,75,75,75,75,75,75,75,75,75,75,75,75,75,75,75,75,75,75,75,75,75,75,75,71,71,71,71,81,81,81,81,81,81,81,81,81],"card_choices":[{"not_picked":["True Grit","Twin Strike"],"picked":"Whirlwind","floor":1.0},{"not_picked":["Sword Boomerang","Twin Strike"],"picked":"Perfected Strike","floor":2.0},{"not_picked":["Havoc","Spot Weakness"],"picked":"Perfected Strike","floor":3.0},{"not_picked":["Reckless Charge","Warcry"],"picked":"Double Tap","floor":7.0},{"not_picked":["Flex","Heavy Blade"],"picked":"Twin Strike","floor":10.0},{"not_picked":["Flex","Hemokinesis"],"picked":"Shrug It Off","floor":11.0},{"not_picked":["Warcry","Heavy Blade"],"picked":"Flame Barrier","floor":13.0},{"not_picked":["Demon Form","Exhume"],"picked":"Offering","floor":16.0},{"not_picked":["Feel No Pain","Combust"],"picked":"Uppercut","floor":18.0},{"not_picked":["Thunderclap","Warcry"],"picked":"Pommel Strike","floor":20.0},{"not_picked":["Rampage","Corruption"],"picked":"Headbutt","floor":22.0},{"not_picked":["Clash","Exhume","Corruption"],"picked":"SKIP","floor":23.0},{"not_picked":["Body Slam","Shockwave"],"picked":"Offering","floor":27.0},{"not_picked":["Battle Trance+1","True Grit"],"picked":"Bludgeon+1","floor":31.0},{"not_picked":["Feed+1","Bludgeon+1"],"picked":"Immolate+1","floor":33.0},{"not_picked":["Pommel Strike+1","Entrench+1"],"picked":"Shrug It Off+1","floor":35.0},{"not_picked":["True Grit","Armaments","Flex"],"picked":"SKIP","floor":36.0},{"not_picked":["Body Slam+1","Blood for Blood+1"],"picked":"Havoc","floor":39.0},{"not_picked":["Sentinel","Offering"],"picked":"True Grit+1","floor":40.0},{"not_picked":["Immolate+1","Cleave+1","True Grit"],"picked":"Perfected Strike+1","floor":42.0},{"not_picked":["Second Wind","Rupture","Body Slam+1","Feel No Pain"],"picked":"SKIP","floor":44.0},{"not_picked":["Sword Boomerang+1","Feed+1","Burning Pact","Armaments"],"picked":"SKIP","floor":45.0},{"not_picked":["Spot Weakness","Second Wind","Headbutt+1"],"picked":"Reaper+1","floor":47.0},{"not_picked":["Spot Weakness+1","Intimidate","Cleave+1"],"picked":"Carnage+1","floor":48.0}],"player_experience":437752,"relics_obtained":[{"floor":9.0,"key":"Self Forming Clay"},{"floor":13.0,"key":"FossilizedHelix"},{"floor":19.0,"key":"Necronomicon"},{"floor":23.0,"key":"Art of War"},{"floor":23.0,"key":"Torii"},{"floor":26.0,"key":"Dodecahedron"},{"floor":27.0,"key":"Molten Egg 2"},{"floor":27.0,"key":"Darkstone Periapt"},{"floor":28.0,"key":"Happy Flower"},{"floor":31.0,"key":"Shuriken"},{"floor":31.0,"key":"Old Coin"},{"floor":39.0,"key":"Ginger"},{"floor":40.0,"key":"Question Card"},{"floor":40.0,"key":"Bottled Flame"},{"floor":42.0,"key":"Mercury Hourglass"},{"floor":42.0,"key":"Pear"},{"floor":43.0,"key":"Omamori"},{"floor":44.0,"key":"Red Skull"},{"floor":44.0,"key":"Thread and Needle"},{"floor":47.0,"key":"Du-Vu Doll"},{"floor":47.0,"key":"Juzu Bracelet"}],"event_choices":[{"damage_healed":0.0,"max_hp_gain":0.0,"max_hp_loss":0.0,"gold_gain":275.0,"event_name":"Golden Shrine","player_choice":"Desecrate","floor":4.0,"gold_loss":0.0,"damage_taken":0.0,"cards_obtained":["Regret"]},{"damage_healed":0.0,"max_hp_gain":0.0,"max_hp_loss":0.0,"gold_gain":75.0,"event_name":"World of Goop","player_choice":"Gather Gold","floor":14.0,"gold_loss":0.0,"damage_taken":11.0},{"damage_healed":0.0,"max_hp_gain":0.0,"max_hp_loss":0.0,"gold_gain":0.0,"event_name":"Cursed Tome","player_choice":"Obtained Book","floor":19.0,"gold_loss":0.0,"damage_taken":21.0},{"damage_healed":0.0,"max_hp_gain":0.0,"max_hp_loss":0.0,"gold_gain":0.0,"event_name":"The Library","player_choice":"Read","floor":25.0,"gold_loss":0.0,"damage_taken":0.0,"cards_obtained":["Uppercut"]},{"damage_healed":0.0,"max_hp_gain":0.0,"max_hp_loss":0.0,"gold_gain":0.0,"event_name":"Addict","player_choice":"Obtained Relic","floor":29.0,"gold_loss":85.0,"damage_taken":0.0,"relics_obtained":["Sundial"]},{"damage_healed":0.0,"max_hp_gain":0.0,"max_hp_loss":4.0,"gold_gain":0.0,"event_name":"Winding Halls","player_choice":"Max HP","floor":38.0,"gold_loss":0.0,"damage_taken":0.0},{"damage_healed":0.0,"max_hp_gain":0.0,"max_hp_loss":0.0,"gold_gain":0.0,"event_name":"MindBloom","player_choice":"Fight","floor":39.0,"gold_loss":0.0,"damage_taken":0.0},{"damage_healed":0.0,"max_hp_gain":0.0,"max_hp_loss":0.0,"gold_gain":0.0,"event_name":"Tomb of Lord Red Mask","player_choice":"Paid","floor":46.0,"gold_loss":273.0,"damage_taken":0.0,"relics_obtained":["Red Mask"]}],"is_beta":false,"boss_relics":[{"not_picked":["Tiny House","Orrery"],"picked":"Black Star"},{"not_picked":["Runic Dome","Calling Bell"],"picked":"Lizard Tail"}],"items_purged_floors":[5,21],"is_endless":false,"potions_floor_spawned":[2,11,16,18,22,23,40,44,45,48],"ascension_level":16}