{"gold_per_floor":[211,223,223,243,256,256,287,307,333,367,382,63,73,93,93,194,194,212,212,212,222,234,234,81,93,93,128,0,0,13,13],"floor_reached":31,"playtime":2730,"items_purged":["Strike_R"],"score":364,"play_id":"90854b9f-99ac-4703-a7a1-a4d6a80be2b9","local_time":"20190128064553","is_ascension_mode":true,"campfire_choices":[{"data":"Cleave","floor":6,"key":"SMITH"},{"data":"Bash","floor":15,"key":"SMITH"},{"floor":23,"key":"REST"}],"neow_cost":"NONE","seed_source_timestamp":1673176035114592,"circlet_count":0,"master_deck":["Defend_R","Defend_R","Defend_R","Defend_R","Bash+1","Flame Barrier","Iron Wave","Cleave+1","Feel No Pain","Wild Strike","Exhume","Anger","Shockwave","Flame Barrier","Evolve","Headbutt","Reaper","Second Wind+1","Sever Soul+1","Pummel+1","Ghostly Armor+1","Shockwave","Feel No Pain","Armaments+1","Shame","Body Slam"],"relics":["Burning Blood","Pear","Art of War","Regal Pillow","Matryoshka","Astrolabe","Dream Catcher","Thread and Needle","Bronze Scales","Ornamental Fan"],"potions_floor_usage":[16,16,16,27,30,30,30,31],"damage_taken":[{"damage":7,"enemies":"Jaw Worm","floor":1,"turns":3},{"damage":1,"enemies":"Cultist","floor":2,"turns":3},{"damage":2,"enemies":"2 Louse","floor":4,"turns":3},{"damage":10,"enemies":"Looter","floor":5,"turns":4},{"damage":20,"enemies":"3 Sentries","floor":7,"turns":11},{"damage":2,"enemies":"2 Fungi Beasts","floor":8,"turns":3},{"damage":31,"enemies":"Gremlin Nob","floor":10,"turns":4},{"damage":1,"enemies":"Exordium Wildlife","floor":11,"turns":2},{"damage":5,"enemies":"Exordium Thugs","floor":13,"turns":6},{"damage":7,"enemies":"Large Slime","floor":14,"turns":7},{"damage":51,"enemies":"The Guardian","floor":16,"turns":15},{"damage":20,"enemies":"Chosen","floor":18,"turns":6},{"damage":36,"enemies":"Shell Parasite","floor":21,"turns":9},{"damage":40,"enemies":"Shelled Parasite and Fungi","floor":22,"turns":7},{"damage":54,"enemies":"Snake Plant","floor":25,"turns":7},{"damage":17,"enemies":"Slavers","floor":27,"turns":8},{"damage":2,"enemies":"Chosen and Byrds","floor":30,"turns":7},{"damage":20,"enemies":"Gremlin Leader","floor":31,"turns":2}],"seed_played":"-8663815377147037962","potions_obtained":[{"floor":1,"key":"SkillPotion"},{"floor":5,"key":"Energy Potion"},{"floor":11,"key":"GamblersBrew"},{"floor":14,"key":"Weak Potion"},{"floor":25,"key":"EssenceOfSteel"},{"floor":27,"key":"EntropicBrew"},{"floor":30,"key":"Fire Potion"}],"is_trial":false,"path_per_floor":["M","M","?","M","M","R","E","M","T","E","M","$","M","M","R","B",null,"M","?","?","M","M","R","$","M","T","E","?","?","M","E"],"character_chosen":"IRONCLAD","items_purchased":["Evolve","Matryoshka","Feel No Pain"],"campfire_rested":1,"item_purchase_floors":[12,12,24],"current_hp_per_floor":[79,80,80,80,76,76,72,76,76,51,56,56,57,56,56,11,70,56,38,69,45,15,58,58,14,14,9,9,9,19,0],"gold":13,"neow_bonus":"HUNDRED_GOLD","is_prod":false,"is_daily":false,"chose_seed":false,"campfire_upgraded":2,"win_rate":0,"timestamp":1548675953,"path_taken":["M","M","?","?","M","R","E","M","T","E","M","$","M","M","R","BOSS","M","?","?","M","M","R","$","M","T","E","?","?","?","E"],"build_version":"2019-01-23","purchased_purges":1,"victory":false,"max_hp_per_floor":[80,80,80,80,80,80,90,90,90,90,90,90,90,90,90,90,90,90,95,95,95,95,95,95,95,95,95,95,95,95,95],"card_choices":[{"not_picked":["Shrug It Off","Heavy Blade"],"picked":"Flame Barrier","floor":1},{"not_picked":["Clothesline","Warcry"],"picked":"Iron Wave","floor":2},{"not_picked":["Headbutt","Wild Strike"],"picked":"Feel No Pain","floor":4},{"not_picked":["Searing Blow","Perfected Strike"],"picked":"Wild Strike","floor":5},{"not_picked":["Clothesline","Iron Wave"],"picked":"Exhume","floor":7},{"not_picked":["Twin Strike","Clash"],"picked":"Anger","floor":8},{"not_picked":["Power Through","Entrench"],"picked":"Shockwave","floor":10},{"not_picked":["Thunderclap","Sentinel"],"picked":"Flame Barrier","floor":11},{"not_picked":["Evolve","Cleave"],"picked":"Headbutt","floor":13},{"not_picked":["Anger","Rupture","Heavy Blade"],"picked":"SKIP","floor":14},{"not_picked":["Barricade","Brutality"],"picked":"Reaper","floor":16},{"not_picked":["Clash","Sever Soul","Blood for Blood"],"picked":"SKIP","floor":18},{"not_picked":["Dual Wield","Shrug It Off"],"picked":"Ghostly Armor+1","floor":21},{"not_picked":["Havoc","Fire Breathing+1"],"picked":"Shockwave","floor":22},{"not_picked":["Havoc","Anger+1","Dropkick"],"picked":"SKIP","floor":25},{"not_picked":["Body Slam","Clothesline"],"picked":"Armaments+1","floor":27},{"not_picked":["Clothesline","Twin Strike+1"],"picked":"Body Slam","floor":30}],"player_experience":287778,"relics_obtained":[{"floor":7,"key":"Pear"},{"floor":9,"key":"Art of War"},{"floor":10,"key":"Regal Pillow"},{"floor":26,"key":"Dream Catcher"},{"floor":26,"key":"Thread and Needle"},{"floor":27,"key":"Bronze Scales"}],"event_choices":[{"damage_healed":0,"gold_gain":0,"cards_transformed":["Strike_R"],"player_choice":"Transformed","damage_taken":0,"max_hp_gain":0,"max_hp_loss":0,"event_name":"Transmorgrifier","floor":3,"gold_loss":0,"cards_obtained":["Cleave"]},{"damage_healed":0,"gold_gain":0,"player_choice":"Shed Blood","damage_taken":23,"max_hp_gain":5,"max_hp_loss":0,"event_name":"Forgotten Altar","floor":19,"gold_loss":0},{"damage_healed":31,"gold_gain":0,"player_choice":"Heal","damage_taken":0,"max_hp_gain":0,"max_hp_loss":0,"event_name":"The Library","floor":20,"gold_loss":0},{"damage_healed":0,"gold_gain":0,"player_choice":"Paid Fearfully","damage_taken":0,"max_hp_gain":0,"max_hp_loss":0,"event_name":"Masked Bandits","floor":28,"gold_loss":128},{"damage_healed":0,"gold_gain":0,"player_choice":"Stole Relic","damage_taken":0,"relics_obtained":["Ornamental Fan"],"max_hp_gain":0,"max_hp_loss":0,"event_name":"Addict","floor":29,"gold_loss":0,"cards_obtained":["Shame"]}],"is_beta":false,"boss_relics":[{"not_picked":["Calling Bell","White Beast Statue"],"picked":"Astrolabe"}],"items_purged_floors":[24],"is_endless":false,"potions_floor_spawned":[1,5,11,13,14,25,27,30],"killed_by":"Gremlin Leader","ascension_level":5}