{"gold_per_floor":[119,132,152,169,169,203,203,233,256,273,288,308,29,45,45,146,146,161,8,22,22],"floor_reached":21,"playtime":1723,"items_purged":[],"score":195,"play_id":"fa89ba18-05ed-48cd-b49d-9d340dfb99a8","local_time":"20190127210323","is_ascension_mode":false,"campfire_choices":[{"floor":7,"key":"REST"},{"floor":15,"key":"REST"}],"neow_cost":"NONE","seed_source_timestamp":1628348694394998,"circlet_count":0,"master_deck":["Strike_R","Strike_R","Strike_R","Strike_R+1","Strike_R","Defend_R","Defend_R","Defend_R","Defend_R","Bash","Body Slam","Heavy Blade","Twin Strike","Flex","Bludgeon+1","Rage","Heavy Blade","Sever Soul","Sword Boomerang","Inflame","Flex","Bludgeon","Anger+1","Perfected Strike","Armaments","Thunderclap"],"relics":["Burning Blood","Regal Pillow","WingedGreaves","Potion Belt","Whetstone","Sling","Busted Crown"],"potions_floor_usage":[6,6,16,16,21],"damage_taken":[{"damage":1,"enemies":"2 Louse","floor":1,"turns":3},{"damage":5,"enemies":"Small Slimes","floor":2,"turns":4},{"damage":1,"enemies":"Jaw Worm","floor":3,"turns":4},{"damage":6,"enemies":"Exordium Thugs","floor":4,"turns":4},{"damage":31,"enemies":"3 Sentries","floor":6,"turns":8},{"damage":31,"enemies":"Lagavulin","floor":8,"turns":5},{"damage":12,"enemies":"2 Fungi Beasts","floor":10,"turns":3},{"damage":10,"enemies":"3 Louse","floor":11,"turns":3},{"damage":15,"enemies":"Exordium Thugs","floor":12,"turns":4},{"damage":13,"enemies":"Red Slaver","floor":14,"turns":2},{"damage":52,"enemies":"Hexaghost","floor":16,"turns":8},{"damage":48,"enemies":"3 Byrds","floor":18,"turns":6},{"damage":25,"enemies":"2 Thieves","floor":20,"turns":4},{"damage":35,"enemies":"Centurion and Healer","floor":21,"turns":3}],"seed_played":"-2979870923121788384","potions_obtained":[{"floor":1,"key":"Poison Potion"},{"floor":4,"key":"Explosive Potion"},{"floor":10,"key":"BloodPotion"},{"floor":12,"key":"Regen Potion"},{"floor":14,"key":"Strength Potion"},{"floor":20,"key":"GamblersBrew"}],"is_trial":false,"path_per_floor":["M","M","M","M","?","E","R","E","T","M","M","M","$","M","R","B",null,"M","$","M","M"],"character_chosen":"IRONCLAD","items_purchased":["Inflame","Sling","Perfected Strike","Explosive Potion","Armaments"],"campfire_rested":2,"item_purchase_floors":[13,13,19,19,19],"current_hp_per_floor":[80,80,80,80,85,60,85,60,60,54,50,41,41,34,74,43,85,43,43,24,0],"gold":22,"neow_bonus":"RANDOM_COMMON_RELIC","is_prod":false,"is_daily":false,"chose_seed":false,"campfire_upgraded":0,"win_rate":0.0,"timestamp":1548659003,"path_taken":["M","M","M","M","?","E","R","E","T","M","M","M","$","M","R","BOSS","M","$","M","M"],"build_version":"2019-01-23","purchased_purges":0,"victory":false,"max_hp_per_floor":[80,80,80,80,85,85,85,85,85,85,85,85,85,85,85,85,85,85,85,85,85],"card_choices":[{"not_picked":["Blood for Blood","Pommel Strike"],"picked":"Body Slam","floor":1},{"not_picked":["Sword Boomerang","Cleave"],"picked":"Heavy Blade","floor":2},{"not_picked":["Clothesline","Warcry"],"picked":"Twin Strike","floor":3},{"not_picked":["Pummel","Anger"],"picked":"Flex","floor":4},{"not_picked":["Second Wind","Heavy Blade"],"picked":"Bludgeon","floor":6},{"not_picked":["Sword Boomerang","Shrug It Off"],"picked":"Rage","floor":8},{"not_picked":["Rage","Thunderclap"],"picked":"Heavy Blade","floor":10},{"not_picked":["Reckless Charge","Headbutt"],"picked":"Sever Soul","floor":11},{"not_picked":["Shrug It Off","Disarm"],"picked":"Sword Boomerang","floor":12},{"not_picked":["Body Slam","Shockwave"],"picked":"Flex","floor":14},{"not_picked":["Dark Embrace","Limit Break"],"picked":"Bludgeon","floor":16},{"not_picked":[],"picked":"Anger+1","floor":18},{"not_picked":[],"picked":"Thunderclap","floor":20}],"player_experience":23315,"relics_obtained":[{"floor":6,"key":"WingedGreaves"},{"floor":8,"key":"Potion Belt"},{"floor":9,"key":"Whetstone"}],"event_choices":[{"damage_healed":0,"gold_gain":0,"player_choice":"Donut","damage_taken":0,"max_hp_gain":5,"max_hp_loss":0,"event_name":"Big Fish","floor":5,"gold_loss":0}],"is_beta":false,"boss_relics":[{"not_picked":["Runic Cube","Sozu"],"picked":"Busted Crown"}],"items_purged_floors":[],"is_endless":false,"potions_floor_spawned":[1,4,10,12,14,20],"killed_by":"Centurion and Healer","ascension_level":0}