{"gold_per_floor":[109,129,129,72,72,72,88,88,88,113,113,153,41,91,91,190,190,210,50,69,69,85,85,85,85,161,161,186,186,232,256,256,256],"floor_reached":33,"playtime":1479,"items_purged":["Infinite Blades"],"score":526,"play_id":"61d3a637-f5a9-445d-a493-f0bc6a776a4e","local_time":"20190124033226","is_ascension_mode":true,"campfire_choices":[{"data":"Neutralize","floor":6,"key":"SMITH"},{"data":"Dagger Spray","floor":8,"key":"SMITH"},{"data":"Poisoned Stab","floor":11,"key":"SMITH"},{"floor":15,"key":"REST"},{"floor":23,"key":"REST"},{"data":"Malaise","floor":25,"key":"SMITH"},{"data":"Night Terror","floor":27,"key":"SMITH"},{"floor":29,"key":"REST"},{"floor":32,"key":"REST"}],"neow_cost":"NONE","seed_source_timestamp":94767815463800,"circlet_count":0,"master_deck":["AscendersBane","Defend_G","Defend_G","Defend_G","Defend_G","Defend_G","Strike_G","Strike_G","Strike_G","Strike_G","Strike_G+1","Survivor","Neutralize+1","Dagger Spray+1","Dagger Throw","Backstab+1","Backflip","Poisoned Stab+1","Night Terror+1","Leg Sweep","Prepared","Malaise+1","Dagger Spray+1","Dash","Backflip+1","PiercingWail+1","Prepared+1"],"relics":["Runic Pyramid","Golden Idol","Bottled Lightning","Singing Bowl","Lizard Tail","Toxic Egg 2","Whetstone"],"potions_floor_usage":[16,16,16,18,22,24,33],"damage_taken":[{"damage":8,"enemies":"2 Louse","floor":1,"turns":4},{"damage":1,"enemies":"Cultist","floor":2,"turns":4},{"damage":2,"enemies":"Jaw Worm","floor":7,"turns":3},{"damage":5,"enemies":"3 Louse","floor":10,"turns":3},{"damage":12,"enemies":"3 Sentries","floor":12,"turns":7},{"damage":26,"enemies":"Slime Boss","floor":16,"turns":8},{"damage":12,"enemies":"Chosen","floor":18,"turns":7},{"damage":7,"enemies":"3 Byrds","floor":20,"turns":5},{"damage":23,"enemies":"Sentry and Sphere","floor":22,"turns":10},{"damage":0,"enemies":"Book of Stabbing","floor":24,"turns":1},{"damage":58,"enemies":"Cultist and Chosen","floor":28,"turns":13},{"damage":14,"enemies":"3 Cultists","floor":31,"turns":6},{"damage":43,"enemies":"Collector","floor":33,"turns":6}],"seed_played":"852774085960764361","potions_obtained":[{"floor":7,"key":"GamblersBrew"},{"floor":12,"key":"EntropicBrew"},{"floor":16,"key":"Block Potion"},{"floor":20,"key":"SkillPotion"},{"floor":31,"key":"Ancient Potion"}],"is_trial":false,"path_per_floor":["M","M","?","$","?","R","M","R","T","M","R","E","$","?","R","B",null,"M","$","M","?","M","R","E","R","T","R","M","R","T","M","R","B"],"character_chosen":"THE_SILENT","items_purchased":["Backflip","Infinite Blades","Prepared","Dash"],"campfire_rested":4,"item_purchase_floors":[4,13,13,19],"current_hp_per_floor":[51,50,50,50,50,50,48,48,48,43,43,31,31,31,49,23,51,39,39,32,32,11,29,29,29,29,29,4,22,22,8,26,0],"gold":256,"neow_bonus":"BOSS_RELIC","is_prod":false,"is_daily":false,"chose_seed":false,"campfire_upgraded":5,"win_rate":0,"timestamp":1548318746,"path_taken":["M","M","?","?","?","R","M","R","T","M","R","E","$","?","R","BOSS","M","$","M","?","M","R","E","R","T","R","?","R","?","M","R","BOSS"],"build_version":"2019-01-23","purchased_purges":1,"victory":false,"max_hp_per_floor":[66,66,66,66,60,60,60,60,60,60,60,60,60,60,60,60,60,60,60,60,60,62,62,62,62,62,62,62,62,62,62,62,62],"card_choices":[{"not_picked":["Dodge and Roll","PiercingWail"],"picked":"Dagger Spray","floor":1},{"not_picked":["Bane","Deflect"],"picked":"Dagger Throw","floor":2},{"not_picked":["Outmaneuver","Eviscerate"],"picked":"Poisoned Stab","floor":7},{"not_picked":["Cloak And Dagger","PiercingWail"],"picked":"Night Terror","floor":10},{"not_picked":["All Out Attack","Reflex"],"picked":"Leg Sweep","floor":12},{"not_picked":["Wraith Form v2","Adrenaline"],"picked":"Malaise","floor":16},{"not_picked":["Underhanded Strike","Acrobatics"],"picked":"Dagger Spray+1","floor":18},{"not_picked":["Dagger Spray","Prepared"],"picked":"Backflip+1","floor":20},{"not_picked":["Underhanded Strike","Infinite Blades","Predator"],"picked":"Singing Bowl","floor":22},{"not_picked":["Bane+1","Cloak And Dagger+1"],"picked":"PiercingWail+1","floor":28},{"not_picked":["Unload","Flechettes"],"picked":"Prepared+1","floor":31}],"player_experience":1932348,"relics_obtained":[{"floor":9,"key":"Bottled Lightning"},{"floor":12,"key":"Singing Bowl"},{"floor":26,"key":"Toxic Egg 2"},{"floor":30,"key":"Whetstone"}],"event_choices":[{"damage_healed":0,"gold_gain":0,"player_choice":"1 cards matched","damage_taken":0,"max_hp_gain":0,"max_hp_loss":0,"event_name":"Match and Keep!","floor":3,"gold_loss":0,"cards_obtained":["Backstab"]},{"damage_healed":0,"gold_gain":0,"player_choice":"Lose Max HP","damage_taken":0,"relics_obtained":["Golden Idol"],"max_hp_gain":0,"max_hp_loss":6,"event_name":"Golden Idol","floor":5,"gold_loss":0},{"damage_healed":0,"gold_gain":50,"player_choice":"Pray","damage_taken":0,"max_hp_gain":0,"max_hp_loss":0,"event_name":"Golden Shrine","floor":14,"gold_loss":0},{"damage_healed":0,"gold_gain":0,"player_choice":"Got Potions","damage_taken":0,"max_hp_gain":0,"max_hp_loss":0,"event_name":"Lab","floor":21,"gold_loss":0}],"is_beta":true,"boss_relics":[{"not_picked":["Ectoplasm","Black Star"],"picked":"Lizard Tail"}],"items_purged_floors":[19],"is_endless":false,"potions_floor_spawned":[7,12,16,20,24,31],"killed_by":"Collector","ascension_level":20}