{"gold_per_floor":[118,134,134,134,147,175,133,167,167,177,177,177,177,11,11,113,113,103,29,42,60,60,60],"floor_reached":23,"playtime":1216,"items_purged":[],"score":199,"play_id":"1f0cec7b-98ad-4c86-91e7-78db401344a4","local_time":"20181226143620","is_ascension_mode":false,"campfire_choices":[{"floor":13,"key":"REST"},{"floor":15,"key":"REST"}],"neow_cost":"NONE","seed_source_timestamp":16999017731311,"circlet_count":0,"master_deck":["Strike_B","Strike_B","Strike_B","Strike_B","Defend_B+1","Defend_B","Defend_B","Defend_B","Zap+1","Dualcast","Ball Lightning","Blizzard","Self Repair","Biased Cognition","Double Energy","Genetic Algorithm","Hello World","The Bomb","Echo Form","Cold Snap+1","Doom and Gloom","Melter","Sunder","Defragment","Echo Form"],"relics":["Cracked Core","NeowsBlessing","Prayer Wheel","WingedGreaves","Ornamental Fan","Ice Cream","Pantograph","Black Star"],"potions_floor_usage":[],"damage_taken":[{"damage":0,"enemies":"Jaw Worm","floor":1,"turns":1},{"damage":0,"enemies":"2 Louse","floor":2,"turns":1},{"damage":0,"enemies":"Small Slimes","floor":5,"turns":1},{"damage":30,"enemies":"Gremlin Nob","floor":6,"turns":4},{"damage":24,"enemies":"3 Sentries","floor":8,"turns":6},{"damage":7,"enemies":"Looter","floor":10,"turns":3},{"damage":52,"enemies":"The Guardian","floor":16,"turns":10},{"damage":43,"enemies":"2 Thieves","floor":18,"turns":4},{"damage":12,"enemies":"3 Byrds","floor":20,"turns":4},{"damage":26,"enemies":"Snecko","floor":21,"turns":4},{"damage":39,"enemies":"Book of Stabbing","floor":23,"turns":4}],"seed_played":"3705837367534783462","potions_obtained":[{"floor":2,"key":"LiquidBronze"},{"floor":16,"key":"FearPotion"},{"floor":18,"key":"Dexterity Potion"}],"is_trial":false,"path_per_floor":["M","M","?","?","M","E","?","E","T","M","T","?","R","$","R","B",null,"M","$","M","M","?","E"],"character_chosen":"DEFECT","items_purchased":["The Bomb","Melter"],"campfire_rested":2,"item_purchase_floors":[14,19],"current_hp_per_floor":[75,75,63,48,48,25,25,8,8,1,1,1,23,23,45,25,75,39,39,27,8,33,0],"gold":60,"neow_bonus":"THREE_ENEMY_KILL","is_prod":false,"is_daily":false,"chose_seed":false,"campfire_upgraded":0,"win_rate":0.0,"timestamp":1545831380,"path_taken":["M","M","?","?","M","E","?","E","T","M","?","?","R","?","R","BOSS","M","?","M","M","?","E"],"build_version":"2018-12-20","purchased_purges":0,"victory":false,"max_hp_per_floor":[75,75,75,75,75,75,75,75,75,75,75,75,75,75,75,75,75,75,75,75,75,75,75],"card_choices":[{"not_picked":["Sweeping Beam","Streamline"],"picked":"Ball Lightning","floor":1},{"not_picked":["Steam","Compile Driver"],"picked":"Blizzard","floor":2},{"not_picked":["Gash","Ball Lightning"],"picked":"Self Repair","floor":5},{"not_picked":["Steam","Stack","Steam Power"],"picked":"SKIP","floor":5},{"not_picked":["Conserve Battery","Turbo"],"picked":"Biased Cognition","floor":6},{"not_picked":["Barrage","Leap"],"picked":"Double Energy","floor":8},{"not_picked":["Streamline","Turbo"],"picked":"Genetic Algorithm","floor":10},{"not_picked":["Sweeping Beam","Rip and Tear"],"picked":"Hello World","floor":10},{"not_picked":["Seek","Amplify"],"picked":"Echo Form","floor":16},{"not_picked":["Coolheaded","Rebound"],"picked":"Cold Snap+1","floor":18},{"not_picked":["Ball Lightning","Barrage"],"picked":"Doom and Gloom","floor":18},{"not_picked":["Doom and Gloom","Turbo"],"picked":"Sunder","floor":20},{"not_picked":["Fusion+1","Stack","Cold Snap"],"picked":"SKIP","floor":20},{"not_picked":["Fusion","Conserve Battery+1"],"picked":"Defragment","floor":21},{"not_picked":["Steam","Rebound"],"picked":"Echo Form","floor":21}],"player_experience":53289,"relics_obtained":[{"floor":6,"key":"WingedGreaves"},{"floor":8,"key":"Ornamental Fan"},{"floor":9,"key":"Ice Cream"},{"floor":11,"key":"Pantograph"}],"event_choices":[{"damage_healed":0,"gold_gain":0,"player_choice":"Success","damage_taken":12,"relics_obtained":["Prayer Wheel"],"max_hp_gain":0,"max_hp_loss":0,"event_name":"Scrap Ooze","floor":3,"gold_loss":0},{"damage_healed":0,"gold_gain":0,"player_choice":"Entered Light","damage_taken":15,"max_hp_gain":0,"max_hp_loss":0,"event_name":"Shining Light","floor":4,"gold_loss":0,"cards_upgraded":["Defend_B","Zap"]},{"damage_healed":0,"gold_gain":0,"player_choice":"Left Gold","damage_taken":0,"max_hp_gain":0,"max_hp_loss":0,"event_name":"World of Goop","floor":7,"gold_loss":42},{"damage_healed":0,"gold_gain":0,"player_choice":"Ignored","damage_taken":0,"max_hp_gain":0,"max_hp_loss":0,"event_name":"Golden Wing","floor":12,"gold_loss":0},{"damage_healed":25,"gold_gain":0,"player_choice":"Heal","damage_taken":0,"max_hp_gain":0,"max_hp_loss":0,"event_name":"The Library","floor":22,"gold_loss":0}],"is_beta":false,"boss_relics":[{"not_picked":["White Beast Statue","Busted Crown"],"picked":"Black Star"}],"items_purged_floors":[],"is_endless":false,"potions_floor_spawned":[2,16,18,21],"killed_by":"Book of Stabbing","ascension_level":0}