{"gold_per_floor":[112,112,123,73,73,73,104,104,104,104,104,116,143,156,156,258,258,277,277,289,308,325,350,350,377,377,391,391,409,509,522,522,617,617,628,628,639,651,23,23,39,39,65,65,65,85,117,133,133,133],"floor_reached":51,"playtime":4258,"items_purged":["Strike_R+1"],"score":739,"play_id":"ad8214df-52e2-4ed5-9392-17a9fac2ad21","local_time":"20180929222417","is_ascension_mode":true,"campfire_choices":[{"floor":6.0,"key":"REST"},{"data":"Ghostly Armor","floor":8.0,"key":"SMITH"},{"floor":10.0,"key":"REST"},{"floor":15.0,"key":"REST"},{"data":"Bash","floor":24,"key":"SMITH"},{"data":"Dark Embrace","floor":32,"key":"SMITH"},{"data":"Bludgeon","floor":40,"key":"SMITH"},{"floor":49,"key":"REST"}],"neow_cost":"TEN_PERCENT_HP_LOSS","seed_source_timestamp":0,"circlet_count":0,"master_deck":["Strike_R+1","Strike_R+1","Strike_R+1","Strike_R+1","Bash+1","Demon Form+1","Ghostly Armor+1","Sever Soul","Dark Embrace+1","Seeing Red+1","Shockwave+1","Impervious+1","Shrug It Off+1","Burning Pact+1","Warcry+1","Shockwave+1","Warcry+1","Shockwave+1","Carnage+1","Bludgeon+1","Ghostly Armor+1","Flame Barrier+1","Offering+1","Carnage","Decay","Thinking Ahead+1","Carnage+1","Flame Barrier+1","Demon Form","Flame Barrier+1","Sever Soul+1"],"special_seed":0,"relics":["Burning Blood","Darkstone Periapt","Question Card","Letter Opener","Toxic Egg 2","Mercury Hourglass","Snecko Eye","Regal Pillow","Ornamental Fan","Kunai","Astrolabe","Lee\u0027s Waffle","Potion Belt","War Paint","Du-Vu Doll","Charon\u0027s Ashes"],"potions_floor_usage":[33,33,45,48,50],"damage_taken":[{"damage":16.0,"enemies":"Jaw Worm","floor":1.0,"turns":5.0},{"damage":11.0,"enemies":"2 Louse","floor":3.0,"turns":2.0},{"damage":26.0,"enemies":"3 Sentries","floor":7.0,"turns":7.0},{"damage":1.0,"enemies":"Cultist","floor":12.0,"turns":4.0},{"damage":47.0,"enemies":"Lagavulin","floor":13.0,"turns":7.0},{"damage":3.0,"enemies":"Large Slime","floor":14.0,"turns":4.0},{"damage":41.0,"enemies":"The Guardian","floor":16.0,"turns":12.0},{"damage":0.0,"enemies":"Shell Parasite","floor":18.0,"turns":4.0},{"damage":5.0,"enemies":"3 Byrds","floor":20.0,"turns":4.0},{"damage":6.0,"enemies":"Cultist and Chosen","floor":21.0,"turns":5.0},{"damage":9.0,"enemies":"Snake Plant","floor":22.0,"turns":4.0},{"damage":18.0,"enemies":"Slavers","floor":23.0,"turns":4.0},{"damage":7,"enemies":"Gremlin Leader","floor":25,"turns":6},{"damage":3,"enemies":"Snecko","floor":27,"turns":6},{"damage":0,"enemies":"3 Cultists","floor":29,"turns":3},{"damage":0,"enemies":"Cultist and Chosen","floor":31,"turns":4},{"damage":10,"enemies":"Champ","floor":33,"turns":7},{"damage":37,"enemies":"3 Darklings","floor":35,"turns":3},{"damage":6,"enemies":"3 Shapes","floor":37,"turns":2},{"damage":15,"enemies":"3 Darklings","floor":38,"turns":4},{"damage":7,"enemies":"4 Shapes","floor":41,"turns":3},{"damage":44,"enemies":"Mind Bloom Boss Battle","floor":45,"turns":6},{"damage":0,"enemies":"Transient","floor":46,"turns":5},{"damage":53,"enemies":"Nemesis","floor":47,"turns":7},{"damage":0,"enemies":"Maw","floor":48,"turns":5},{"damage":35,"enemies":"Awakened One","floor":50,"turns":8}],"seed_played":"3344282184527461158","potions_obtained":[{"floor":1.0,"key":"Fruit Juice"},{"floor":16.0,"key":"SpeedPotion"},{"floor":18.0,"key":"LiquidBronze"},{"floor":20.0,"key":"Block Potion"},{"floor":22.0,"key":"SteroidPotion"},{"floor":29,"key":"LiquidBronze"},{"floor":35,"key":"SteroidPotion"},{"floor":37,"key":"Fire Potion"},{"floor":41,"key":"BloodPotion"}],"is_trial":false,"path_per_floor":["M","?","M","?","?","R","E","R","T","R","T","M","E","M","R","B",null,"M","?","M","M","M","E","R","E","T","M","?","M","?","M","R","B",null,"M","?","M","M","$","R","M","?","T","?","?","M","E","M","R","B"],"character_chosen":"IRONCLAD","items_purchased":["Lee\u0027s Waffle","Potion Belt","Thinking Ahead+1"],"campfire_rested":4,"item_purchase_floors":[39,39,39],"current_hp_per_floor":[67,60,55,55,40,63,43,43,43,66,66,71,30,33,56,21,77,77,77,77,77,74,62,62,61,61,64,64,70,70,76,76,72,77,46,52,52,43,90,90,89,89,89,89,60,66,19,25,67,38],"gold":133,"neow_bonus":"THREE_RARE_CARDS","is_prod":false,"is_daily":false,"chose_seed":false,"campfire_upgraded":4,"win_rate":0,"timestamp":1538274257,"path_taken":["M","?","M","?","?","R","E","R","T","R","?","M","E","?","R","BOSS","M","?","M","M","M","E","R","E","T","M","?","M","?","M","R","BOSS","M","?","?","M","$","R","M","?","T","?","?","M","E","M","R","BOSS"],"build_version":"2018-09-27","purchased_purges":1,"victory":true,"max_hp_per_floor":[77,77,77,77,77,77,77,77,77,77,77,77,77,77,77,77,77,77,77,77,77,77,77,77,77,77,77,77,77,77,77,77,77,77,77,83,83,83,90,90,90,90,90,90,90,90,90,90,90,90],"card_choices":[{"not_picked":["Limit Break","Impervious"],"picked":"Demon Form","floor":0.0},{"not_picked":["True Grit","Anger"],"picked":"Ghostly Armor","floor":1.0},{"not_picked":["Clash","Clothesline"],"picked":"Sever Soul","floor":3.0},{"not_picked":["Bloodletting","Clothesline"],"picked":"Dark Embrace","floor":7.0},{"not_picked":["Anger","Perfected Strike","Ghostly Armor+1"],"picked":"Seeing Red+1","floor":12.0},{"not_picked":["Brutality","Flex+1","Carnage"],"picked":"Shockwave+1","floor":13.0},{"not_picked":["Rampage","Bloodletting+1","Body Slam","Feel No Pain"],"picked":"SKIP","floor":14.0},{"not_picked":["Double Tap+1","Bludgeon","Brutality"],"picked":"Impervious+1","floor":16.0},{"not_picked":["Evolve","Bloodletting+1","Warcry+1"],"picked":"Shrug It Off+1","floor":18.0},{"not_picked":["Pummel","Battle Trance+1","Twin Strike"],"picked":"Burning Pact+1","floor":20.0},{"not_picked":["Clothesline","Metallicize","Cleave"],"picked":"Warcry+1","floor":21.0},{"not_picked":["Entrench+1","Warcry+1","Corruption+1"],"picked":"Shockwave+1","floor":22.0},{"not_picked":["Perfected Strike","True Grit+1","Shrug It Off+1"],"picked":"Warcry+1","floor":23},{"not_picked":["Body Slam","Corruption+1","Berserk"],"picked":"Shockwave+1","floor":25},{"not_picked":["Thunderclap","Clash","Headbutt+1","Sword Boomerang+1"],"picked":"SKIP","floor":27},{"not_picked":["Twin Strike+1","Shrug It Off+1","Flex+1","True Grit+1"],"picked":"SKIP","floor":29},{"not_picked":["Rampage","Limit Break+1","Dropkick"],"picked":"Carnage+1","floor":31},{"not_picked":["Impervious+1","Demon Form","Berserk"],"picked":"Bludgeon","floor":33},{"not_picked":["Rage+1","Dropkick+1","Seeing Red+1"],"picked":"Carnage","floor":35},{"not_picked":["Sword Boomerang+1","Warcry+1","Iron Wave+1","Clash+1"],"picked":"SKIP","floor":37},{"not_picked":["Intimidate+1","Pommel Strike","Iron Wave","Flex+1"],"picked":"SKIP","floor":38},{"not_picked":["Iron Wave+1","Warcry+1","True Grit+1"],"picked":"Carnage+1","floor":41},{"not_picked":["Flex+1","Perfected Strike","Headbutt+1"],"picked":"Flame Barrier+1","floor":45},{"not_picked":["Clash+1","Clothesline+1","Rupture"],"picked":"Demon Form","floor":46},{"not_picked":["Anger+1","Shockwave+1","Warcry+1"],"picked":"Flame Barrier+1","floor":47},{"not_picked":["Headbutt+1","Fire Breathing","Clothesline"],"picked":"Sever Soul+1","floor":48}],"player_experience":117619,"relics_obtained":[{"floor":7.0,"key":"Question Card"},{"floor":9.0,"key":"Letter Opener"},{"floor":11.0,"key":"Toxic Egg 2"},{"floor":13.0,"key":"Mercury Hourglass"},{"floor":23,"key":"Regal Pillow"},{"floor":25,"key":"Ornamental Fan"},{"floor":26,"key":"Kunai"},{"floor":43,"key":"War Paint"},{"floor":45,"key":"Du-Vu Doll"},{"floor":47,"key":"Charon\u0027s Ashes"}],"event_choices":[{"event_name":"Scrap Ooze","player_choice":"success","floor":2.0,"damage_taken":7.0},{"event_name":"The Cleric","player_choice":"Card Removal","floor":4.0,"damage_taken":0.0},{"event_name":"Shining Light","player_choice":"Entered Light","floor":5.0,"damage_taken":0.0},{"event_name":"Ghosts","player_choice":"Ignored","floor":19.0,"damage_taken":0.0},{"event_name":"Back to Basics","player_choice":"Simplicity","floor":28,"damage_taken":0},{"event_name":"Golden Shrine","player_choice":"Pray","floor":30,"damage_taken":0},{"event_name":"Wheel of Change","player_choice":"Curse","floor":36,"damage_taken":0},{"event_name":"SensoryStone","player_choice":"Memory 1","floor":42,"damage_taken":0},{"event_name":"Mysterious Sphere","player_choice":"Ignore","floor":44,"damage_taken":0},{"event_name":"MindBloom","player_choice":"Fight","floor":45,"damage_taken":0}],"is_beta":false,"boss_relics":[{"not_picked":["Empty Cage","White Beast Statue"],"picked":"Snecko Eye"},{"not_picked":["Orrery","Fusion Hammer"],"picked":"Astrolabe"}],"items_purged_floors":[39],"is_endless":false,"potions_floor_spawned":[1,16,18,20,22,23,29,31,35,37,41],"ascension_level":1}