{"gold_per_floor":[113,133,13,13,32,51,51,51,51,78,94,113,63,77,77,182,182,202,202,202,212,212,212,222,321,345,345,220,135,135,43,43,144,144,157,157,168,168,168,168,6,6,6,6,6,6,6,6,6,6],"floor_reached":51,"playtime":1468,"items_purged":[],"score":754,"play_id":"b78fb20c-4824-403c-b4f0-8f298ba7f4c6","local_time":"20180905221637","daily_mods":["Draft","Heirloom"],"is_ascension_mode":false,"campfire_choices":[{"data":"Cloak And Dagger","floor":7,"key":"SMITH"},{"data":"Cloak And Dagger","floor":15,"key":"SMITH"},{"data":"Accuracy","floor":23,"key":"SMITH"},{"data":"Accuracy","floor":27,"key":"SMITH"},{"data":"Cloak And Dagger","floor":32,"key":"SMITH"},{"data":"1","floor":40,"key":"LIFT"},{"data":"2","floor":45,"key":"LIFT"},{"data":"3","floor":47,"key":"LIFT"},{"data":"After Image","floor":49,"key":"SMITH"}],"neow_cost":"","seed_source_timestamp":0,"circlet_count":0,"master_deck":["Accuracy+1","Accuracy+1","Blade Dance+1","Outmaneuver+1","Choke+1","Blur+1","Backflip+1","Dodge and Roll+1","Dodge and Roll+1","Escape Plan+1","Cloak And Dagger+1","Dodge and Roll+1","Blade Dance+1","Accuracy+1","Cloak And Dagger+1","Cloak And Dagger+1","Caltrops+1","Footwork+1","Backflip+1","Infinite Blades+1","Envenom+1","Blade Dance+1","Backflip+1","PiercingWail+1","Cloak And Dagger+1","Well Laid Plans+1","Blade Dance+1","After Image+1","Outmaneuver+1","Footwork+1","Masterful Stab+1","Outmaneuver+1","PiercingWail+1","After Image+1"],"relics":["Ring of the Snake","Girya","Letter Opener","Pear","Juzu Bracelet","Coffee Dripper","War Paint","Vajra","Dodecahedron","Astrolabe","Mark of the Bloom","Question Card"],"potions_floor_usage":[50,50],"damage_taken":[{"damage":5,"enemies":"Jaw Worm","floor":1,"turns":3},{"damage":2,"enemies":"2 Louse","floor":2,"turns":4},{"damage":6,"enemies":"Small Slimes","floor":5,"turns":4},{"damage":4,"enemies":"Looter","floor":6,"turns":4},{"damage":7,"enemies":"3 Louse","floor":11,"turns":4},{"damage":3,"enemies":"Blue Slaver","floor":12,"turns":3},{"damage":10,"enemies":"Red Slaver","floor":14,"turns":3},{"damage":25,"enemies":"Slime Boss","floor":16,"turns":5},{"damage":16,"enemies":"2 Thieves","floor":18,"turns":4},{"damage":13,"enemies":"3 Byrds","floor":21,"turns":4},{"damage":16,"enemies":"Snake Plant","floor":24,"turns":5},{"damage":10,"enemies":"Automaton","floor":33,"turns":6},{"damage":0,"enemies":"Orb Walker","floor":35,"turns":3},{"damage":30,"enemies":"3 Darklings","floor":37,"turns":5},{"damage":0,"enemies":"Donu and Deca","floor":50,"turns":7}],"seed_played":"4622516487846413394","potions_obtained":[{"floor":1,"key":"GhostInAJar"},{"floor":2,"key":"PowerPotion"},{"floor":5,"key":"FearPotion"},{"floor":11,"key":"SkillPotion"}],"is_trial":true,"path_per_floor":["M","M","$","?","M","M","R","$","T","T","M","M","?","M","R","B",null,"M","?","?","M","?","R","M","?","T","R","$","?","T","$","R","B",null,"M","?","M","?","?","R","$","$","T","$","R","?","R","$","R","B"],"character_chosen":"THE_SILENT","items_purchased":["Accuracy","Cloak And Dagger","Cloak And Dagger","Well Laid Plans","Blade Dance","Well Laid Plans","After Image"],"campfire_rested":0,"item_purchase_floors":[3,3,28,28,31,31,41],"current_hp_per_floor":[65,63,63,63,57,53,53,53,63,63,56,53,53,43,43,18,80,64,64,64,51,51,51,35,35,35,35,35,35,35,35,35,25,80,80,80,50,50,50,50,50,50,50,50,50,50,50,50,50,50],"gold":6,"neow_bonus":"","is_prod":false,"is_daily":false,"chose_seed":false,"campfire_upgraded":6,"win_rate":0,"timestamp":1536153397,"path_taken":["M","M","$","?","M","M","R","?","T","?","M","M","?","M","R","BOSS","M","?","?","M","?","R","M","?","T","R","?","?","?","$","R","BOSS","M","?","M","?","?","R","?","$","T","$","R","?","R","$","R","BOSS"],"build_version":"2018-09-04-v2","purchased_purges":0,"victory":true,"max_hp_per_floor":[70,70,70,70,70,70,70,70,80,80,80,80,80,80,80,80,80,80,80,80,80,80,80,80,80,80,80,80,80,80,80,80,80,80,80,80,80,80,80,80,80,80,80,80,80,80,80,80,80,80],"card_choices":[{"not_picked":["Quick Slash","Backflip"],"picked":"Accuracy","floor":0},{"not_picked":["Blur","Bane"],"picked":"Calculated Gamble","floor":0},{"not_picked":["Quick Slash","Expertise"],"picked":"Accuracy","floor":0},{"not_picked":["Expertise","Quick Slash"],"picked":"Blade Dance","floor":0},{"not_picked":["Quick Slash","Eviscerate"],"picked":"Outmaneuver","floor":0},{"not_picked":["Dagger Spray","Expertise"],"picked":"Choke","floor":0},{"not_picked":["Bane","Sucker Punch"],"picked":"Blur","floor":0},{"not_picked":["Underhanded Strike","Bane"],"picked":"Backflip","floor":0},{"not_picked":["Dagger Throw","Poisoned Stab"],"picked":"Dodge and Roll","floor":0},{"not_picked":["Concentrate","Flechettes"],"picked":"Poisoned Stab","floor":0},{"not_picked":["Deadly Poison","Sucker Punch"],"picked":"Dodge and Roll","floor":0},{"not_picked":["Reflex","Dagger Spray"],"picked":"Escape Plan","floor":0},{"not_picked":["Bane","Riddle With Holes"],"picked":"Poisoned Stab","floor":0},{"not_picked":["Acrobatics","Sucker Punch"],"picked":"Noxious Fumes","floor":0},{"not_picked":["Tactician","Footwork"],"picked":"Cloak And Dagger","floor":0},{"not_picked":["Backflip","Blur"],"picked":"Dodge and Roll","floor":1},{"not_picked":["Dagger Spray","Quick Slash"],"picked":"Blade Dance","floor":2},{"not_picked":["Phantasmal Killer","Bane"],"picked":"Cloak And Dagger","floor":5},{"not_picked":["Underhanded Strike","Poisoned Stab"],"picked":"Caltrops","floor":6},{"not_picked":["Backflip","Dagger Throw"],"picked":"Footwork","floor":11},{"not_picked":["Slice","Outmaneuver"],"picked":"Backflip","floor":12},{"not_picked":["Malaise","Endless Agony"],"picked":"Infinite Blades","floor":14},{"not_picked":["Venomology","Night Terror"],"picked":"Envenom","floor":16},{"not_picked":["Acrobatics","Finisher"],"picked":"Blade Dance","floor":18},{"not_picked":["Expertise","Bouncing Flask"],"picked":"Backflip+1","floor":21},{"not_picked":["Poisoned Stab","Sucker Punch"],"picked":"PiercingWail","floor":24},{"not_picked":["Phantasmal Killer","Die Die Die"],"picked":"After Image","floor":33},{"not_picked":["Bouncing Flask+1","Bane"],"picked":"Outmaneuver+1","floor":35},{"not_picked":["Blur","Dagger Spray"],"picked":"PiercingWail+1","floor":37}],"player_experience":387547,"relics_obtained":[{"floor":9,"key":"Pear"},{"floor":10,"key":"Juzu Bracelet"},{"floor":26,"key":"War Paint"},{"floor":30,"key":"Dodecahedron"},{"floor":43,"key":"Question Card"}],"event_choices":[{"event_name":"Big Fish","player_choice":"Box","floor":4,"damage_taken":0},{"event_name":"The Cleric","player_choice":"Card Removal","floor":13,"damage_taken":0},{"event_name":"Vampires","player_choice":"Ignored","floor":19,"damage_taken":0},{"event_name":"Upgrade Shrine","player_choice":"Upgraded","floor":20,"damage_taken":0},{"event_name":"Back to Basics","player_choice":"Elegance","floor":22,"damage_taken":0},{"event_name":"Nest","player_choice":"Stole From Cult","floor":25,"damage_taken":0},{"event_name":"Addict","player_choice":"Obtained Relic","floor":29,"damage_taken":0},{"event_name":"Tomb of Lord Red Mask","player_choice":"Ignored","floor":36,"damage_taken":0},{"event_name":"MindBloom","player_choice":"Upgrade","floor":38,"damage_taken":0},{"event_name":"Mysterious Sphere","player_choice":"Ignore","floor":39,"damage_taken":0},{"event_name":"Falling","player_choice":"Removed Power","floor":46,"damage_taken":0}],"is_beta":true,"boss_relics":[{"not_picked":["Calling Bell","Black Star"],"picked":"Coffee Dripper"},{"not_picked":["Pandora\u0027s Box","Velvet Choker"],"picked":"Astrolabe"}],"items_purged_floors":[],"is_endless":false,"potions_floor_spawned":[1,2,5,11,14,35,37],"ascension_level":0}