{"gold_per_floor":[114,12,27,42,57,72,102,176,176,176,191,191,206,221,221,321,321,336,351,351,1,16,16,46,46,46,61,91,106,121,136,136,236,236,251,251,266,281,281,281,296,16,16,31,46,61,91,91],"floor_reached":48,"playtime":4446,"items_purged":["Strike_B","Strike_B"],"score":614,"play_id":"8dbd7ae4-5e92-4ac7-a505-c4067f456ab2","local_time":"20181007123935","daily_mods":["Insanity","Diverse","Binary"],"is_ascension_mode":false,"campfire_choices":[{"floor":12.0,"key":"REST"},{"floor":15.0,"key":"REST"},{"data":"RitualDagger","floor":23.0,"key":"SMITH"},{"data":"Hello World","floor":25.0,"key":"SMITH"},{"floor":32.0,"key":"REST"},{"data":"Thunder Strike","floor":40,"key":"SMITH"}],"neow_cost":"","seed_source_timestamp":0,"circlet_count":0,"master_deck":["Ball Lightning","Tempest","Echo Form","Rip and Tear","Hello World+1","Cold Snap","Coolheaded","Aggregate","Compile Driver","White Noise","Turbo","Genetic Algorithm","Buffer","Rip and Tear","Thunder Strike+1","Beam Cell","Capacitor","Defragment","Fission+1","Electrodynamics","Self Repair","Streamline","Hologram","White Noise","Blizzard","Rebound","Loop","Conserve Battery+1","Defend_B","Electrodynamics","Scrape","Reprogram","Gash","Buffer","Blizzard","Auto Shields","Reprogram","Electrodynamics","Doom and Gloom","Fission","Recycle","Steam Power","Force Field+1","Strike_B","White Noise","Rip and Tear","Steam Power","Storm","Flying Knee","Metallicize","Sweeping Beam","Thunder Strike","Shame","Writhe","Decay","Eviscerate","RitualDagger+1","Noxious Fumes","Heatsinks","Havoc","Shrug It Off+1","Terror","Fire Breathing","A Thousand Cuts","Gash+1","Headbutt","Havoc+1","Defragment+1","Amplify","Fire Breathing+1","Inflame+1"],"special_seed":17811,"relics":["Cracked Core","FossilizedHelix","Regal Pillow","Calling Bell","Dream Catcher","Meat on the Bone","Thread and Needle","Symbiotic Virus","War Paint","The Courier","Prayer Wheel","Lizard Tail","Pantograph","Bird Faced Urn","Frozen Egg 2","Ginger"],"potions_floor_usage":[38,40,44,44,46],"damage_taken":[{"damage":0.0,"enemies":"Cultist","floor":1.0,"turns":2.0},{"damage":9.0,"enemies":"Small Slimes","floor":3.0,"turns":3.0},{"damage":4.0,"enemies":"2 Louse","floor":4.0,"turns":2.0},{"damage":18.0,"enemies":"Lots of Slimes","floor":5.0,"turns":2.0},{"damage":4.0,"enemies":"Gremlin Gang","floor":6.0,"turns":2.0},{"damage":21.0,"enemies":"Gremlin Nob","floor":7.0,"turns":4.0},{"damage":0.0,"enemies":"2 Fungi Beasts","floor":11.0,"turns":3.0},{"damage":0.0,"enemies":"Lots of Slimes","floor":13.0,"turns":1.0},{"damage":0.0,"enemies":"Blue Slaver","floor":14.0,"turns":4.0},{"damage":11.0,"enemies":"Slime Boss","floor":16.0,"turns":7.0},{"damage":13.0,"enemies":"Spheric Guardian","floor":18.0,"turns":6.0},{"damage":15.0,"enemies":"3 Byrds","floor":19.0,"turns":3.0},{"damage":0.0,"enemies":"Sentry and Sphere","floor":22.0,"turns":5.0},{"damage":0.0,"enemies":"Slavers","floor":24.0,"turns":3.0},{"damage":7.0,"enemies":"Snake Plant","floor":27.0,"turns":4.0},{"damage":39.0,"enemies":"Book of Stabbing","floor":28.0,"turns":5.0},{"damage":0.0,"enemies":"Snecko","floor":29.0,"turns":4.0},{"damage":21.0,"enemies":"Cultist and Chosen","floor":30.0,"turns":5.0},{"damage":0.0,"enemies":"Centurion and Healer","floor":31.0,"turns":5.0},{"damage":10.0,"enemies":"Automaton","floor":33.0,"turns":9.0},{"damage":15,"enemies":"3 Shapes","floor":35,"turns":4},{"damage":14,"enemies":"Orb Walker","floor":37,"turns":3},{"damage":67,"enemies":"Sphere and 2 Shapes","floor":38,"turns":5},{"damage":27,"enemies":"4 Shapes","floor":41,"turns":3},{"damage":16,"enemies":"3 Darklings","floor":44,"turns":4},{"damage":16,"enemies":"Reptomancer","floor":45,"turns":5},{"damage":6,"enemies":"Spire Growth","floor":46,"turns":5},{"damage":71,"enemies":"Nemesis","floor":47,"turns":9},{"damage":90,"enemies":"4 Shapes","floor":48,"turns":3}],"seed_played":"7316523632384569074","potions_obtained":[{"floor":1.0,"key":"Block Potion"},{"floor":3.0,"key":"Dexterity Potion"},{"floor":11.0,"key":"Regen Potion"},{"floor":18.0,"key":"Regen Potion"},{"floor":22.0,"key":"Fruit Juice"},{"floor":29.0,"key":"Regen Potion"},{"floor":31.0,"key":"Ancient Potion"},{"floor":35,"key":"Block Potion"},{"floor":37,"key":"Energy Potion"},{"floor":38,"key":"Fruit Juice"},{"floor":45,"key":"FearPotion"},{"floor":47,"key":"Poison Potion"}],"is_trial":false,"path_per_floor":["M","$","M","M","M","M","E","?","T","?","M","R","M","M","R","B",null,"M","M","?","$","M","R","E","R","T","M","E","M","M","M","R","B",null,"M","T","M","M","?","R","M","$","T","M","M","M","E"],"character_chosen":"DEFECT","items_purchased":["Flying Knee","Symbiotic Virus","Bird Faced Urn","Swift Potion"],"campfire_rested":3,"item_purchase_floors":[2,21,42,42],"current_hp_per_floor":[75,75,66,62,44,40,19,19,19,19,19,56,56,65,75,71,75,62,56,50,50,50,55,55,55,55,48,21,33,43,43,80,77,80,65,65,51,40,90,95,75,75,75,67,67,84,68,0],"gold":91,"neow_bonus":"","is_prod":false,"is_daily":true,"chose_seed":false,"campfire_upgraded":3,"win_rate":0,"timestamp":1538930375,"path_taken":["M","$","M","?","M","M","E","?","T","?","?","R","M","M","R","BOSS","M","?","?","$","M","R","E","R","T","?","E","M","M","M","R","BOSS","M","?","M","?","?","R","M","$","T","?","M","M","E","?"],"build_version":"2018-10-04v2","purchased_purges":2,"victory":false,"max_hp_per_floor":[75,75,75,75,75,75,75,75,75,75,75,75,75,75,75,75,75,75,75,75,75,75,80,80,80,80,80,80,80,80,80,80,80,80,80,80,80,80,90,95,95,95,95,95,95,95,95,95],"card_choices":[{"not_picked":["Body Slam"],"picked":"Storm","floor":1.0},{"not_picked":["Dagger Spray","Body Slam"],"picked":"SKIP","floor":3.0},{"not_picked":["Dagger Spray","Coolheaded"],"picked":"SKIP","floor":4.0},{"not_picked":["Flying Knee","Perfected Strike"],"picked":"SKIP","floor":5.0},{"not_picked":["Outmaneuver"],"picked":"Metallicize","floor":6.0},{"not_picked":["Masterful Stab","Fiend Fire"],"picked":"SKIP","floor":7.0},{"not_picked":["Coolheaded"],"picked":"Sweeping Beam","floor":11.0},{"not_picked":["Deadly Poison","Ghostly Armor"],"picked":"SKIP","floor":13.0},{"not_picked":["Clothesline","Hologram"],"picked":"SKIP","floor":14.0},{"not_picked":["Dark Embrace"],"picked":"Thunder Strike","floor":16.0},{"not_picked":["Doom and Gloom"],"picked":"Eviscerate","floor":18.0},{"not_picked":["Clash+1","Corruption"],"picked":"SKIP","floor":19.0},{"not_picked":["Steam Power+1","PiercingWail"],"picked":"SKIP","floor":22.0},{"not_picked":["Ghostly Armor"],"picked":"Noxious Fumes","floor":24.0},{"not_picked":["Iron Wave","Feel No Pain"],"picked":"SKIP","floor":27.0},{"not_picked":["Masterful Stab","Heavy Blade"],"picked":"SKIP","floor":28.0},{"not_picked":["Exhume"],"picked":"Heatsinks","floor":29.0},{"not_picked":["Skewer+1"],"picked":"Havoc","floor":29.0},{"not_picked":["Underhanded Strike+1"],"picked":"Shrug It Off+1","floor":30.0},{"not_picked":["Go for the Eyes"],"picked":"Terror","floor":30.0},{"not_picked":["Thunder Strike"],"picked":"Fire Breathing","floor":31.0},{"not_picked":["Disarm","Anger+1"],"picked":"SKIP","floor":31.0},{"not_picked":["Juggernaut"],"picked":"A Thousand Cuts","floor":33.0},{"not_picked":["Self Repair","Barrage"],"picked":"SKIP","floor":35},{"not_picked":["Cloak And Dagger+1","Blade Dance"],"picked":"SKIP","floor":35},{"not_picked":["Ghostly Armor+1","Hologram"],"picked":"SKIP","floor":37},{"not_picked":["Slice+1","Iron Wave"],"picked":"SKIP","floor":37},{"not_picked":["Phantasmal Killer"],"picked":"Gash+1","floor":38},{"not_picked":["Darkness+1","Wild Strike"],"picked":"SKIP","floor":38},{"not_picked":["Flying Knee+1"],"picked":"Headbutt","floor":41},{"not_picked":["Cloak And Dagger+1","Gash"],"picked":"SKIP","floor":41},{"not_picked":["Warcry+1"],"picked":"Havoc+1","floor":44},{"not_picked":["Cloak And Dagger"],"picked":"Defragment+1","floor":44},{"not_picked":["Redo+1"],"picked":"Amplify","floor":45},{"not_picked":["Searing Blow","Twin Strike"],"picked":"SKIP","floor":45},{"not_picked":["Go for the Eyes+1"],"picked":"Fire Breathing+1","floor":46},{"not_picked":["Headbutt+1","Dodge and Roll+1"],"picked":"SKIP","floor":46},{"not_picked":["Fusion"],"picked":"Inflame+1","floor":47}],"player_experience":189591,"relics_obtained":[{"floor":7.0,"key":"FossilizedHelix"},{"floor":9.0,"key":"Regal Pillow"},{"floor":17.0,"key":"Dream Catcher"},{"floor":17.0,"key":"Meat on the Bone"},{"floor":17.0,"key":"Thread and Needle"},{"floor":24.0,"key":"War Paint"},{"floor":26.0,"key":"The Courier"},{"floor":28.0,"key":"Prayer Wheel"},{"floor":36,"key":"Pantograph"},{"floor":43,"key":"Frozen Egg 2"},{"floor":47,"key":"Ginger"}],"event_choices":[{"event_name":"Golden Wing","player_choice":"Gained Gold","floor":8.0,"damage_taken":0.0},{"event_name":"Accursed Blacksmith","player_choice":"Forge","floor":10.0,"damage_taken":0.0},{"event_name":"Nest","player_choice":"Joined the Cult","floor":20.0,"damage_taken":0.0},{"event_name":"Bonfire Elementals","player_choice":"RARE","floor":39,"damage_taken":0}],"is_beta":false,"boss_relics":[{"not_picked":["Philosopher\u0027s Stone","Pandora\u0027s Box"],"picked":"Calling Bell"},{"not_picked":["Snecko Eye","Astrolabe"],"picked":"Lizard Tail"}],"items_purged_floors":[2,21],"is_endless":false,"potions_floor_spawned":[1,3,11,18,22,29,31,35,37,38,45,47],"killed_by":"4 Shapes","ascension_level":0}