{"gold_per_floor":[117,135,148,159,179,209,209,209,209,209,224,244,244,244,244,244],"floor_reached":16,"playtime":947,"items_purged":[],"score":104,"play_id":"0df5effd-f5ed-4a6b-a09f-7f15464dabea","local_time":"20190120104213","is_ascension_mode":false,"campfire_choices":[{"data":"Prepared","floor":8,"key":"SMITH"},{"data":"Dagger Throw","floor":10,"key":"SMITH"},{"floor":15,"key":"REST"}],"neow_cost":"NONE","seed_source_timestamp":1568277151981177,"circlet_count":0,"master_deck":["Defend_G","Defend_G","Defend_G","Defend_G","Defend_G","Strike_G","Strike_G","Strike_G","Strike_G","Strike_G","Survivor","Neutralize","Purity","Dagger Throw+1","All Out Attack","Prepared+1","Bane","Underhanded Strike","Footwork","Injury","Riddle With Holes","Outmaneuver"],"relics":["Ring of the Snake","Orichalcum","Golden Idol","Oddly Smooth Stone","Bronze Scales"],"potions_floor_usage":[],"damage_taken":[{"damage":4,"enemies":"2 Louse","floor":1,"turns":3},{"damage":0,"enemies":"Small Slimes","floor":2,"turns":5},{"damage":1,"enemies":"Cultist","floor":3,"turns":3},{"damage":1,"enemies":"3 Louse","floor":4,"turns":4},{"damage":12,"enemies":"Looter","floor":5,"turns":4},{"damage":26,"enemies":"3 Sentries","floor":6,"turns":6},{"damage":7,"enemies":"Lots of Slimes","floor":11,"turns":2},{"damage":15,"enemies":"Exordium Thugs","floor":12,"turns":5},{"damage":48,"enemies":"The Guardian","floor":16,"turns":6}],"seed_played":"-4648603905803707003","potions_obtained":[{"floor":3,"key":"Explosive Potion"},{"floor":4,"key":"Dexterity Potion"},{"floor":5,"key":"LiquidBronze"}],"is_trial":false,"path_per_floor":["M","M","M","M","M","E","?","R","T","R","M","M","?","?","R","B"],"character_chosen":"THE_SILENT","items_purchased":[],"campfire_rested":1,"item_purchase_floors":[],"current_hp_per_floor":[66,66,65,64,52,26,26,26,26,26,19,4,27,27,48,0],"gold":244,"neow_bonus":"RANDOM_COLORLESS","is_prod":false,"is_daily":false,"chose_seed":false,"campfire_upgraded":2,"win_rate":0.0,"timestamp":1547977333,"path_taken":["M","M","M","M","M","E","?","R","T","R","M","M","?","?","R","BOSS"],"build_version":"2019-01-17v2","purchased_purges":0,"victory":false,"max_hp_per_floor":[70,70,70,70,70,70,70,70,70,70,70,70,70,70,70,70],"card_choices":[{"not_picked":["Prepared","Eviscerate"],"picked":"Dagger Throw","floor":1},{"not_picked":["Poisoned Stab","Caltrops"],"picked":"All Out Attack","floor":2},{"not_picked":["Deflect","PiercingWail"],"picked":"Prepared","floor":3},{"not_picked":["Acrobatics","PiercingWail"],"picked":"Bane","floor":4},{"not_picked":["Cloak And Dagger","Outmaneuver"],"picked":"Underhanded Strike","floor":5},{"not_picked":["Blur","Expertise"],"picked":"Footwork","floor":6},{"not_picked":["Acrobatics","Backflip"],"picked":"Riddle With Holes","floor":11},{"not_picked":["Dagger Spray","Bane"],"picked":"Outmaneuver","floor":12}],"player_experience":204920,"relics_obtained":[{"floor":6,"key":"Orichalcum"},{"floor":9,"key":"Oddly Smooth Stone"}],"event_choices":[{"damage_healed":0,"gold_gain":0,"player_choice":"Take Wound","damage_taken":0,"relics_obtained":["Golden Idol"],"max_hp_gain":0,"max_hp_loss":0,"event_name":"Golden Idol","floor":7,"gold_loss":0,"cards_obtained":["Injury"]},{"damage_healed":23,"gold_gain":0,"player_choice":"Banana","damage_taken":0,"max_hp_gain":0,"max_hp_loss":0,"event_name":"Big Fish","floor":13,"gold_loss":0},{"damage_healed":0,"gold_gain":0,"player_choice":"Gave Potion","damage_taken":0,"relics_obtained":["Bronze Scales"],"max_hp_gain":0,"max_hp_loss":0,"event_name":"WeMeetAgain","floor":14,"gold_loss":0}],"is_beta":false,"boss_relics":[],"items_purged_floors":[],"is_endless":false,"potions_floor_spawned":[3,4,5],"killed_by":"The Guardian","ascension_level":0}