{"gold_per_floor":[110,125,143,143,29,64,64,90,90,265,294,294,124,150,150,252,252,270,270,36,51,51,51,82,98,98,98,98,98,125,125,125,125],"floor_reached":33,"playtime":2259,"items_purged":["Strike_G","Doubt"],"score":431,"play_id":"18a38810-2947-49eb-8c77-4892bbe01b6d","local_time":"20190205222530","is_ascension_mode":true,"campfire_choices":[{"data":"Neutralize","floor":7,"key":"SMITH"},{"floor":12,"key":"REST"},{"data":"Footwork","floor":15,"key":"SMITH"},{"data":"A Thousand Cuts","floor":23,"key":"SMITH"},{"floor":28,"key":"REST"},{"data":"Well Laid Plans","floor":32,"key":"SMITH"}],"neow_cost":"NONE","seed_source_timestamp":438976994656165,"circlet_count":0,"master_deck":["Defend_G","Defend_G","Defend_G","Defend_G","Defend_G","Strike_G","Strike_G","Strike_G","Strike_G","Survivor","Neutralize+1","Flying Knee","Caltrops","Terror","Footwork","Poisoned Stab","Crippling Poison","Dagger Spray","Footwork+1","A Thousand Cuts+1","PiercingWail","Well Laid Plans+1","Endless Agony","Deflect+1","Crippling Poison","Regret","Pain","Adrenaline","Backflip","Decay"],"relics":["Ring of the Snake","Bronze Scales","Letter Opener","Regal Pillow","Bottled Lightning","Potion Belt","Cursed Key","PreservedInsect","Snake Skull","Lantern","Bottled Tornado","Dream Catcher","Blood Vial"],"potions_floor_usage":[1,11,11,19,24],"damage_taken":[{"damage":2,"enemies":"Jaw Worm","floor":1,"turns":7},{"damage":0,"enemies":"2 Louse","floor":2,"turns":2},{"damage":4,"enemies":"Small Slimes","floor":3,"turns":5},{"damage":31,"enemies":"Gremlin Nob","floor":6,"turns":5},{"damage":4,"enemies":"Lagavulin","floor":8,"turns":7},{"damage":12,"enemies":"3 Sentries","floor":11,"turns":9},{"damage":4,"enemies":"The Guardian","floor":16,"turns":10},{"damage":5,"enemies":"3 Byrds","floor":18,"turns":3},{"damage":10,"enemies":"Colosseum Slavers","floor":19,"turns":4},{"damage":10,"enemies":"Spheric Guardian","floor":21,"turns":6},{"damage":17,"enemies":"Slavers","floor":24,"turns":5},{"damage":13,"enemies":"Snecko","floor":25,"turns":5},{"damage":30,"enemies":"Book of Stabbing","floor":30,"turns":4},{"damage":29,"enemies":"Champ","floor":33,"turns":3}],"seed_played":"5809420047143377624","potions_obtained":[{"floor":0,"key":"Ancient Potion"},{"floor":0,"key":"GamblersBrew"},{"floor":0,"key":"GhostInAJar"},{"floor":3,"key":"Dexterity Potion"},{"floor":11,"key":"SpeedPotion"},{"floor":16,"key":"Fire Potion"},{"floor":24,"key":"FearPotion"},{"floor":25,"key":"SpeedPotion"}],"is_trial":false,"path_per_floor":["M","M","M","?","$","E","R","E","T","?","E","R","$","T","R","B",null,"M","?","$","M","?","R","E","M","T","T","R","?","E","T","R","B"],"character_chosen":"THE_SILENT","items_purchased":["Footwork","Footwork","Well Laid Plans","PreservedInsect"],"campfire_rested":2,"item_purchase_floors":[5,13,20,20],"current_hp_per_floor":[61,61,57,62,62,31,31,27,27,27,15,52,52,52,52,48,68,63,53,53,43,43,43,26,13,13,13,50,50,20,20,20,0],"gold":125,"neow_bonus":"THREE_SMALL_POTIONS","is_prod":false,"is_daily":false,"chose_seed":false,"campfire_upgraded":4,"win_rate":0,"timestamp":1549434330,"path_taken":["M","M","M","?","$","E","R","E","T","?","E","R","$","?","R","BOSS","M","?","$","M","?","R","E","M","T","?","R","?","E","?","R","BOSS"],"build_version":"2019-01-23","purchased_purges":2,"victory":false,"max_hp_per_floor":[70,70,70,75,75,75,75,75,75,75,75,75,75,75,75,75,75,75,75,75,75,75,75,75,75,75,75,75,75,75,75,75,75],"card_choices":[{"not_picked":["Infinite Blades","Slice"],"picked":"Flying Knee","floor":1},{"not_picked":["Poisoned Stab","Escape Plan"],"picked":"Caltrops","floor":2},{"not_picked":["Tactician","Blur"],"picked":"Terror","floor":3},{"not_picked":["Slice","Terror"],"picked":"Poisoned Stab","floor":6},{"not_picked":["Backflip","Dodge and Roll"],"picked":"Crippling Poison","floor":8},{"not_picked":["Slice","Deflect"],"picked":"Dagger Spray","floor":11},{"not_picked":["Unload","Corpse Explosion"],"picked":"A Thousand Cuts","floor":16},{"not_picked":["Bane","Quick Slash"],"picked":"PiercingWail","floor":18},{"not_picked":["Prepared","Finisher"],"picked":"Endless Agony","floor":21},{"not_picked":["Backflip","Dodge and Roll"],"picked":"Deflect+1","floor":24},{"not_picked":["Sucker Punch","Blur"],"picked":"Crippling Poison","floor":25},{"not_picked":["Poisoned Stab+1","Underhanded Strike"],"picked":"Backflip","floor":30}],"player_experience":483242,"relics_obtained":[{"floor":6,"key":"Bronze Scales"},{"floor":8,"key":"Letter Opener"},{"floor":9,"key":"Regal Pillow"},{"floor":11,"key":"Bottled Lightning"},{"floor":14,"key":"Potion Belt"},{"floor":24,"key":"Snake Skull"},{"floor":26,"key":"Lantern"},{"floor":27,"key":"Bottled Tornado"},{"floor":30,"key":"Dream Catcher"},{"floor":31,"key":"Blood Vial"}],"event_choices":[{"damage_healed":0,"gold_gain":0,"player_choice":"Donut","damage_taken":0,"max_hp_gain":5,"max_hp_loss":0,"event_name":"Big Fish","floor":4,"gold_loss":0},{"damage_healed":0,"gold_gain":175,"player_choice":"AGREE","damage_taken":0,"max_hp_gain":0,"max_hp_loss":0,"event_name":"Liars Game","floor":10,"gold_loss":0,"cards_obtained":["Doubt"]},{"damage_healed":0,"gold_gain":0,"player_choice":"Fight","damage_taken":0,"max_hp_gain":0,"max_hp_loss":0,"event_name":"Colosseum","floor":19,"gold_loss":0},{"damage_healed":0,"gold_gain":0,"player_choice":"Fled From Nobs","damage_taken":0,"max_hp_gain":0,"max_hp_loss":0,"event_name":"Colosseum","floor":19,"gold_loss":0},{"damage_healed":0,"gold_gain":0,"player_choice":"Ignored","damage_taken":0,"max_hp_gain":0,"max_hp_loss":0,"event_name":"Vampires","floor":22,"gold_loss":0},{"damage_healed":0,"gold_gain":0,"player_choice":"Read","damage_taken":0,"max_hp_gain":0,"max_hp_loss":0,"event_name":"The Library","floor":29,"gold_loss":0,"cards_obtained":["Adrenaline"]}],"is_beta":false,"boss_relics":[{"not_picked":["Eternal Feather","Ring of the Serpent"],"picked":"Cursed Key"}],"items_purged_floors":[5,13],"is_endless":false,"potions_floor_spawned":[3,8,11,16,24,25],"killed_by":"Champ","ascension_level":9}