{"gold_per_floor":[113,113,8,8,8,39,57,75,99,116,144,144,158,172,172,243,243,261,261,311,330,343,369,369,211,211,211,539,216,10,10,10,85,85,105,155,155,155],"floor_reached":38,"playtime":2462,"items_purged":["Parasite"],"score":894,"play_id":"4c0aafa0-745f-4165-b645-2ac2c7ef76c2","local_time":"20181105044127","is_ascension_mode":true,"campfire_choices":[{"data":"Footwork","floor":15,"key":"SMITH"},{"floor":24,"key":"REST"},{"floor":27,"key":"REST"},{"floor":32,"key":"REST"}],"neow_cost":"NONE","seed_source_timestamp":297277015386300,"circlet_count":0,"master_deck":["AscendersBane","Defend_G","Defend_G","Defend_G","Defend_G","Strike_G+1","Strike_G","Survivor","Neutralize+1","Leg Sweep","Dagger Spray+1","Well Laid Plans","Footwork+1","Dodge and Roll","Dodge and Roll","Infinite Blades","Flying Knee","Bouncing Flask","Storm of Steel","PiercingWail","Backflip","Leg Sweep","PiercingWail","Blade Dance","Skewer","PiercingWail","Acrobatics","Escape Plan","Cloak And Dagger","Panache","Well Laid Plans+1","Venomology+1","A Thousand Cuts+1"],"relics":["Ring of the Snake","NeowsBlessing","Dream Catcher","Happy Flower","Shuriken","Fusion Hammer","Singing Bowl","Blue Candle","Old Coin","Kunai","Astrolabe"],"potions_floor_usage":[11,16,23,28,35,37,37,37,38],"damage_taken":[{"damage":0,"enemies":"Jaw Worm","floor":1,"turns":1},{"damage":0,"enemies":"Gremlin Nob","floor":6,"turns":1},{"damage":0,"enemies":"Small Slimes","floor":7,"turns":1},{"damage":0,"enemies":"Cultist","floor":8,"turns":4},{"damage":6,"enemies":"Lots of Slimes","floor":10,"turns":2},{"damage":16,"enemies":"Lagavulin","floor":11,"turns":11},{"damage":0,"enemies":"Large Slime","floor":13,"turns":6},{"damage":0,"enemies":"2 Fungi Beasts","floor":14,"turns":4},{"damage":5,"enemies":"Hexaghost","floor":16,"turns":11},{"damage":0,"enemies":"Spheric Guardian","floor":18,"turns":6},{"damage":10,"enemies":"Chosen","floor":21,"turns":5},{"damage":0,"enemies":"Centurion and Healer","floor":22,"turns":10},{"damage":21,"enemies":"Gremlin Leader","floor":23,"turns":8},{"damage":12,"enemies":"Book of Stabbing","floor":28,"turns":7},{"damage":65,"enemies":"Collector","floor":33,"turns":11},{"damage":0,"enemies":"3 Shapes","floor":35,"turns":8},{"damage":17,"enemies":"Orb Walker","floor":37,"turns":5},{"damage":49,"enemies":"Spire Growth","floor":38,"turns":4}],"seed_played":"-3711301220548940960","potions_obtained":[{"floor":1,"key":"Dexterity Potion"},{"floor":7,"key":"SkillPotion"},{"floor":8,"key":"GhostInAJar"},{"floor":14,"key":"EssenceOfSteel"},{"floor":21,"key":"Swift Potion"},{"floor":23,"key":"SmokeBomb"},{"floor":33,"key":"SpeedPotion"}],"is_trial":false,"path_per_floor":["M","?","$","?","?","E","M","M","T","M","E","?","M","M","R","B",null,"M","?","?","M","M","E","R","$","T","R","E","$","$","?","R","B",null,"M","?","M","M"],"character_chosen":"THE_SILENT","items_purchased":["Dagger Spray","Well Laid Plans","PiercingWail","Acrobatics","Kunai","Cloak And Dagger","Panache"],"campfire_rested":3,"item_purchase_floors":[3,3,25,25,29,29,30],"current_hp_per_floor":[59,59,59,52,32,32,32,32,32,26,10,26,26,26,26,21,55,55,55,55,45,45,24,43,43,43,61,51,51,51,51,67,4,53,55,55,38,0],"gold":155,"neow_bonus":"THREE_ENEMY_KILL","is_prod":false,"is_daily":false,"chose_seed":false,"campfire_upgraded":1,"win_rate":0,"timestamp":1541410887,"path_taken":["M","?","$","?","?","E","M","M","T","M","E","?","?","M","R","BOSS","M","?","?","?","M","E","R","$","T","R","E","?","$","?","R","BOSS","M","?","?","M"],"build_version":"2018-11-01","purchased_purges":1,"victory":false,"max_hp_per_floor":[66,66,66,66,66,66,66,66,66,66,66,66,66,66,66,66,66,66,66,66,66,66,66,66,63,63,63,65,65,65,65,67,69,69,71,71,71,71],"card_choices":[{"not_picked":["Heel Hook","Setup"],"picked":"Leg Sweep","floor":1},{"not_picked":["Eviscerate","Prepared","Acrobatics"],"picked":"SKIP","floor":6},{"not_picked":["Bane","Distraction"],"picked":"Footwork","floor":7},{"not_picked":["Acrobatics","Eviscerate"],"picked":"Dodge and Roll","floor":8},{"not_picked":["Acrobatics","Sucker Punch"],"picked":"Dodge and Roll","floor":10},{"not_picked":["Quick Slash","PiercingWail"],"picked":"Infinite Blades","floor":11},{"not_picked":["Prepared","Dodge and Roll"],"picked":"Flying Knee","floor":13},{"not_picked":["Tactician","Dagger Throw"],"picked":"Bouncing Flask","floor":14},{"not_picked":["Glass Knife","Phantasmal Killer"],"picked":"Storm of Steel","floor":16},{"not_picked":["Concentrate","Caltrops"],"picked":"PiercingWail","floor":18},{"not_picked":["Expertise","Prepared+1"],"picked":"Leg Sweep","floor":21},{"not_picked":["Backflip","Blade Dance"],"picked":"PiercingWail","floor":22},{"not_picked":["Quick Slash","Crippling Poison"],"picked":"Blade Dance","floor":23},{"not_picked":["Masterful Stab","Tactician+1"],"picked":"Skewer","floor":24},{"not_picked":["Quick Slash","Sucker Punch"],"picked":"Escape Plan","floor":27},{"not_picked":["Acrobatics","Underhanded Strike","Flechettes"],"picked":"Singing Bowl","floor":28},{"not_picked":["Heel Hook","Setup","Caltrops"],"picked":"Singing Bowl","floor":32},{"not_picked":["Grand Finale","Unload","Bullet Time"],"picked":"Singing Bowl","floor":33},{"not_picked":["Blade Dance","Slice","Endless Agony"],"picked":"Singing Bowl","floor":35}],"player_experience":1639382,"relics_obtained":[{"floor":6,"key":"Dream Catcher"},{"floor":9,"key":"Happy Flower"},{"floor":11,"key":"Shuriken"},{"floor":23,"key":"Singing Bowl"},{"floor":26,"key":"Blue Candle"},{"floor":28,"key":"Old Coin"}],"event_choices":[{"damage_healed":0,"gold_gain":0,"player_choice":"Grow","damage_taken":0,"max_hp_gain":0,"max_hp_loss":0,"event_name":"Living Wall","floor":2,"gold_loss":0,"cards_upgraded":["Neutralize"]},{"cards_removed":["Defend_G"],"damage_healed":0,"gold_gain":0,"player_choice":"Card Removal","damage_taken":7,"max_hp_gain":0,"max_hp_loss":0,"event_name":"Golden Wing","floor":4,"gold_loss":0},{"damage_healed":0,"gold_gain":0,"player_choice":"Entered Light","damage_taken":20,"max_hp_gain":0,"max_hp_loss":0,"event_name":"Shining Light","floor":5,"gold_loss":0,"cards_upgraded":["Strike_G","Dagger Spray"]},{"damage_healed":16,"gold_gain":0,"player_choice":"Healed and dodged fight","damage_taken":0,"max_hp_gain":0,"max_hp_loss":0,"event_name":"Mushrooms","floor":12,"gold_loss":0,"cards_obtained":["Parasite"]},{"damage_healed":0,"gold_gain":0,"player_choice":"Read","damage_taken":0,"max_hp_gain":0,"max_hp_loss":0,"event_name":"The Library","floor":19,"gold_loss":0,"cards_obtained":["Backflip"]},{"damage_healed":0,"gold_gain":50,"player_choice":"Pray","damage_taken":0,"max_hp_gain":0,"max_hp_loss":0,"event_name":"Golden Shrine","floor":20,"gold_loss":0},{"damage_healed":0,"gold_gain":0,"player_choice":"Ignored","damage_taken":0,"max_hp_gain":0,"max_hp_loss":0,"event_name":"Ghosts","floor":31,"gold_loss":0},{"damage_healed":0,"gold_gain":50,"player_choice":"Pray","damage_taken":0,"max_hp_gain":0,"max_hp_loss":0,"event_name":"Golden Shrine","floor":36,"gold_loss":0}],"is_beta":true,"boss_relics":[{"not_picked":["Empty Cage","HoveringKite"],"picked":"Fusion Hammer"},{"not_picked":["Orrery","Velvet Choker"],"picked":"Astrolabe"}],"items_purged_floors":[25],"is_endless":false,"potions_floor_spawned":[1,7,8,14,21,23,33,35],"killed_by":"Spire Growth","ascension_level":20}