{"gold_per_floor":[119,119,138,158,158,193,193,193,193,193,65,65,104,136,148,286,298,333,345,376,388],"floor_reached":21,"playtime":508,"items_purged":["Strike_B"],"score":306,"play_id":"c2ac267f-1d86-41bf-ac42-b14a11dcc93d","local_time":"20181217203001","is_ascension_mode":true,"campfire_choices":[{"floor":7,"key":"REST"},{"data":"Auto Shields","floor":10,"key":"SMITH"},{"data":"Zap","floor":15,"key":"SMITH"}],"neow_cost":"NONE","seed_source_timestamp":278918477352028,"circlet_count":0,"master_deck":["AscendersBane","Strike_B","Strike_B","Strike_B","Defend_B","Defend_B","Defend_B","Defend_B","Zap+1","Dualcast","Gash","Gash","Auto Shields+1","Genetic Algorithm","Gash","All For One","Sweeping Beam","Gash","Auto Shields+1","Steam"],"relics":["Cracked Core","NeowsBlessing","Golden Idol","WingedGreaves","FossilizedHelix","CultistMask","MawBank","Runic Dome"],"potions_floor_usage":[20],"damage_taken":[{"damage":0,"enemies":"Cultist","floor":1,"turns":1},{"damage":0,"enemies":"Small Slimes","floor":3,"turns":1},{"damage":0,"enemies":"2 Louse","floor":4,"turns":1},{"damage":47,"enemies":"Gremlin Nob","floor":6,"turns":5},{"damage":9,"enemies":"3 Sentries","floor":13,"turns":8},{"damage":13,"enemies":"Blue Slaver","floor":14,"turns":4},{"damage":20,"enemies":"Hexaghost","floor":16,"turns":8},{"damage":5,"enemies":"Shell Parasite","floor":18,"turns":4},{"damage":16,"enemies":"3 Byrds","floor":20,"turns":5},{"damage":37,"enemies":"Masked Bandits","floor":21,"turns":3}],"seed_played":"4259635305071914477","potions_obtained":[{"floor":3,"key":"FearPotion"},{"floor":13,"key":"Explosive Potion"}],"is_trial":false,"path_per_floor":["M","?","M","M","?","E","R","?","T","R","$","?","E","M","R","B",null,"M","?","M","?"],"character_chosen":"DEFECT","items_purchased":["Gash"],"campfire_rested":1,"item_purchase_floors":[11],"current_hp_per_floor":[68,50,50,50,50,3,25,50,50,50,50,50,41,28,28,8,58,53,53,37,0],"gold":388,"neow_bonus":"THREE_ENEMY_KILL","is_prod":false,"is_daily":false,"chose_seed":false,"campfire_upgraded":2,"win_rate":0,"timestamp":1545096601,"path_taken":["M","?","M","M","?","E","R","?","T","R","?","?","E","?","R","BOSS","M","?","?","?"],"build_version":"2018-12-13","purchased_purges":1,"victory":false,"max_hp_per_floor":[75,75,75,75,75,75,75,75,75,75,75,75,75,75,75,75,75,75,75,75,75],"card_choices":[{"not_picked":["Coolheaded","Ball Lightning"],"picked":"Gash","floor":1},{"not_picked":["Skim","Recycle"],"picked":"Gash","floor":3},{"not_picked":["Streamline","Doom and Gloom"],"picked":"Auto Shields","floor":4},{"not_picked":["Barrage","Recycle"],"picked":"Genetic Algorithm","floor":6},{"not_picked":["Hello World","Sunder"],"picked":"All For One","floor":13},{"not_picked":["Blizzard","Double Energy"],"picked":"Sweeping Beam","floor":14},{"not_picked":["Leap","Self Repair+1"],"picked":"Gash","floor":18},{"not_picked":["Aggregate","Hologram"],"picked":"Steam","floor":20}],"player_experience":366701,"relics_obtained":[{"floor":6,"key":"WingedGreaves"},{"floor":9,"key":"FossilizedHelix"},{"floor":13,"key":"MawBank"}],"event_choices":[{"damage_healed":0,"gold_gain":0,"player_choice":"Take Damage","damage_taken":18,"relics_obtained":["Golden Idol"],"max_hp_gain":0,"max_hp_loss":0,"event_name":"Golden Idol","floor":2,"gold_loss":0},{"damage_healed":0,"gold_gain":0,"player_choice":"Ignored","damage_taken":0,"max_hp_gain":0,"max_hp_loss":0,"event_name":"Liars Game","floor":5,"gold_loss":0},{"damage_healed":25,"gold_gain":0,"player_choice":"Banana","damage_taken":0,"max_hp_gain":0,"max_hp_loss":0,"event_name":"Big Fish","floor":8,"gold_loss":0},{"damage_healed":0,"gold_gain":0,"player_choice":"Trade","damage_taken":0,"relics_obtained":["CultistMask"],"max_hp_gain":0,"max_hp_loss":0,"event_name":"FaceTrader","floor":12,"gold_loss":0},{"damage_healed":0,"gold_gain":0,"player_choice":"Copied","damage_taken":0,"max_hp_gain":0,"max_hp_loss":0,"event_name":"Duplicator","floor":19,"gold_loss":0,"cards_obtained":["Auto Shields"]},{"damage_healed":0,"gold_gain":0,"player_choice":"Fought Bandits","damage_taken":0,"max_hp_gain":0,"max_hp_loss":0,"event_name":"Masked Bandits","floor":21,"gold_loss":0}],"is_beta":false,"boss_relics":[{"not_picked":["Snecko Eye","Runic Pyramid"],"picked":"Runic Dome"}],"items_purged_floors":[11],"is_endless":false,"potions_floor_spawned":[3,13],"killed_by":"Masked Bandits","ascension_level":10}