{"gold_per_floor":[365,365,365,365,381,409,423,450,477,477,488,513,582,385,385,480,480,499,499,195,195,110,110,110,110,110,110,144,144,170,183,183,279,279,293,303,318,318,332,332,345,345,417,417],"floor_reached":44,"playtime":4884,"items_purged":["Strike_B","Strike_B"],"score":477,"play_id":"53c8c203-cb74-47a2-b718-15900e471f5f","local_time":"20190209011400","is_ascension_mode":false,"campfire_choices":[{"floor":15,"key":"REST"},{"floor":23,"key":"REST"},{"data":"Redo","floor":25,"key":"SMITH"},{"data":"Zap","floor":27,"key":"SMITH"},{"floor":32,"key":"REST"},{"floor":40,"key":"RECALL"},{"data":"Conserve Battery","floor":42,"key":"SMITH"}],"neow_cost":"TEN_PERCENT_HP_LOSS","seed_source_timestamp":645518662965134,"circlet_count":0,"master_deck":["Strike_B","Defend_B","Defend_B","Defend_B","Defend_B","Zap+1","Dualcast","Sweeping Beam","Steam","Creative AI","Parasite","Doom and Gloom","BootSequence","Steam","Static Discharge","All For One","Conserve Battery+1","Redo+1","Steam+1","Steam","FTL","Amplify","Streamline","Hologram+1","Undo","Writhe","Chill+1","Force Field+1","Normality"],"relics":["FrozenCore","Potion Belt","Anchor","FossilizedHelix","Nilry\u0027s Codex","Ancient Tea Set","Question Card","Vajra","Blue Candle","Meat on the Bone","Cursed Key","Symbiotic Virus"],"potions_floor_usage":[16,16,16,30,31,33,33,44,44,44],"damage_taken":[{"damage":8,"enemies":"2 Louse","floor":1,"turns":2},{"damage":1,"enemies":"Jaw Worm","floor":5,"turns":3},{"damage":30,"enemies":"3 Sentries","floor":6,"turns":6},{"damage":5,"enemies":"Small Slimes","floor":7,"turns":3},{"damage":5,"enemies":"2 Fungi Beasts","floor":11,"turns":4},{"damage":31,"enemies":"Lagavulin","floor":12,"turns":6},{"damage":11,"enemies":"Slime Boss","floor":16,"turns":8},{"damage":25,"enemies":"Spheric Guardian","floor":18,"turns":6},{"damage":35,"enemies":"Gremlin Leader","floor":28,"turns":8},{"damage":20,"enemies":"Book of Stabbing","floor":30,"turns":8},{"damage":0,"enemies":"Chosen","floor":31,"turns":6},{"damage":52,"enemies":"Collector","floor":33,"turns":9},{"damage":17,"enemies":"3 Darklings","floor":35,"turns":7},{"damage":5,"enemies":"3 Shapes","floor":36,"turns":7},{"damage":25,"enemies":"Maw","floor":37,"turns":10},{"damage":8,"enemies":"3 Darklings","floor":39,"turns":9},{"damage":13,"enemies":"Jaw Worm Horde","floor":41,"turns":6},{"damage":61,"enemies":"Reptomancer","floor":44,"turns":6}],"seed_played":"-119705358649518569","potions_obtained":[{"floor":7,"key":"Poison Potion"},{"floor":11,"key":"FearPotion"},{"floor":12,"key":"Poison Potion"},{"floor":16,"key":"SkillPotion"},{"floor":30,"key":"Regen Potion"},{"floor":33,"key":"Poison Potion"},{"floor":35,"key":"Regen Potion"},{"floor":36,"key":"GamblersBrew"},{"floor":39,"key":"FearPotion"},{"floor":41,"key":"Strength Potion"}],"is_trial":false,"path_per_floor":["M","?","?","?","M","E","M","T","T","?","M","E","?","$","R","B",null,"M","?","$","?","?","R","?","R","T","R","E","T","E","M","R","B",null,"M","M","M","?","M","R","M","R","T","E"],"character_chosen":"DEFECT","items_purchased":["Steam","Static Discharge","FocusPotion","Regen Potion","Redo"],"campfire_rested":3,"item_purchase_floors":[14,14,20,20,20],"current_hp_per_floor":[60,60,60,65,64,34,29,29,29,47,42,11,11,11,32,21,73,48,32,32,32,32,53,53,53,53,53,18,18,13,25,46,21,73,56,51,38,56,48,48,47,47,47,0],"gold":417,"neow_bonus":"TWO_FIFTY_GOLD","is_prod":false,"is_daily":false,"chose_seed":false,"campfire_upgraded":3,"win_rate":0,"timestamp":1549671240,"path_taken":["M","?","?","?","?","E","M","?","T","?","M","E","?","$","R","BOSS","M","?","$","?","?","R","?","R","T","R","E","?","E","M","R","BOSS","M","?","M","?","M","R","M","R","T","E"],"build_version":"2019-01-23","purchased_purges":2,"victory":false,"max_hp_per_floor":[68,68,68,73,73,73,73,73,73,73,73,73,73,73,73,73,73,73,73,73,73,73,73,73,73,73,73,73,73,73,73,73,73,73,73,73,73,73,73,73,73,73,73,73],"card_choices":[{"not_picked":["Cold Snap","Compile Driver"],"picked":"Sweeping Beam","floor":1},{"not_picked":["Double Energy","Barrage"],"picked":"Steam","floor":5},{"not_picked":["Defragment","Barrage"],"picked":"Creative AI","floor":6},{"not_picked":["Skim","Steam Power","Compile Driver"],"picked":"SKIP","floor":7},{"not_picked":["Steam Power","Turbo"],"picked":"Doom and Gloom","floor":11},{"not_picked":["Barrage","Recycle"],"picked":"BootSequence","floor":12},{"not_picked":["Biased Cognition","Seek"],"picked":"All For One","floor":16},{"not_picked":["Turbo+1","Hologram"],"picked":"Conserve Battery","floor":18},{"not_picked":["Gash","Compile Driver","Scrape"],"picked":"Steam+1","floor":28},{"not_picked":["Beam Cell+1","Heatsinks+1","Conserve Battery+1"],"picked":"Steam","floor":30},{"not_picked":["Turbo","Blizzard","Stack+1"],"picked":"FTL","floor":31},{"not_picked":["Meteor Strike","Creative AI","Biased Cognition"],"picked":"Amplify","floor":33},{"not_picked":["Barrage","Heatsinks","Leap+1"],"picked":"Streamline","floor":35},{"not_picked":["Conserve Battery","Redo+1","Storm+1"],"picked":"Hologram+1","floor":36},{"not_picked":["Rebound","Core Surge","Streamline"],"picked":"Undo","floor":37},{"not_picked":["Turbo+1","Barrage+1","Steam"],"picked":"Chill+1","floor":39},{"not_picked":["Rebound+1","Tempest","Steam+1"],"picked":"Force Field+1","floor":41}],"player_experience":624608,"relics_obtained":[{"floor":6,"key":"Potion Belt"},{"floor":9,"key":"Anchor"},{"floor":12,"key":"FossilizedHelix"},{"floor":19,"key":"Nilry\u0027s Codex"},{"floor":26,"key":"Question Card"},{"floor":28,"key":"Vajra"},{"floor":29,"key":"Blue Candle"},{"floor":30,"key":"Meat on the Bone"},{"floor":43,"key":"Symbiotic Virus"}],"event_choices":[{"damage_healed":0,"gold_gain":0,"player_choice":"Ignored","damage_taken":0,"max_hp_gain":0,"max_hp_loss":0,"event_name":"Golden Idol","floor":2,"gold_loss":0},{"damage_healed":0,"gold_gain":0,"player_choice":"Ignored","damage_taken":0,"max_hp_gain":0,"max_hp_loss":0,"event_name":"Liars Game","floor":3,"gold_loss":0},{"damage_healed":0,"gold_gain":0,"player_choice":"Donut","damage_taken":0,"max_hp_gain":5,"max_hp_loss":0,"event_name":"Big Fish","floor":4,"gold_loss":0},{"damage_healed":18,"gold_gain":0,"player_choice":"Healed and dodged fight","damage_taken":0,"max_hp_gain":0,"max_hp_loss":0,"event_name":"Mushrooms","floor":10,"gold_loss":0,"cards_obtained":["Parasite"]},{"damage_healed":0,"gold_gain":69,"player_choice":"Gained Gold","damage_taken":0,"max_hp_gain":0,"max_hp_loss":0,"event_name":"Golden Wing","floor":13,"gold_loss":0},{"damage_healed":0,"gold_gain":0,"player_choice":"Obtained Book","damage_taken":16,"max_hp_gain":0,"max_hp_loss":0,"event_name":"Cursed Tome","floor":19,"gold_loss":0},{"damage_healed":0,"gold_gain":0,"player_choice":"Ignored","damage_taken":0,"max_hp_gain":0,"max_hp_loss":0,"event_name":"Ghosts","floor":21,"gold_loss":0},{"damage_healed":0,"gold_gain":0,"player_choice":"Obtained Relic","damage_taken":0,"relics_obtained":["Ancient Tea Set"],"max_hp_gain":0,"max_hp_loss":0,"event_name":"Addict","floor":22,"gold_loss":85},{"cards_removed":["Strike_B"],"damage_healed":0,"gold_gain":0,"player_choice":"Elegance","damage_taken":0,"max_hp_gain":0,"max_hp_loss":0,"event_name":"Back to Basics","floor":24,"gold_loss":0},{"damage_healed":18,"gold_gain":0,"player_choice":"Writhe","damage_taken":0,"max_hp_gain":0,"max_hp_loss":0,"event_name":"Winding Halls","floor":38,"gold_loss":0,"cards_obtained":["Writhe"]}],"is_beta":false,"boss_relics":[{"not_picked":["White Beast Statue","Runic Dome"],"picked":"FrozenCore"},{"not_picked":["Velvet Choker","Snecko Eye"],"picked":"Cursed Key"}],"items_purged_floors":[14,20],"is_endless":false,"potions_floor_spawned":[7,11,12,16,30,33,35,36,39,41],"killed_by":"Reptomancer","ascension_level":0}