{"gold_per_floor":[112,112,137,137,157,188,188,227,252,252,252,3,16,32,32,131,131,156,156,81,99,132,132,51,71,71,112,112,155,155,179,179,275,275,291,75,75,89,89,89,122,122,122,122,158,158,158,181,181,181],"floor_reached":50,"playtime":2951,"items_purged":["Strike_G"],"score":1138,"play_id":"2efcabf4-bfa1-4899-908e-4714f6badfb2","local_time":"20181027190545","is_ascension_mode":true,"campfire_choices":[{"floor":7.0,"key":"REST"},{"data":"Neutralize","floor":10.0,"key":"SMITH"},{"data":"Glass Knife","floor":15.0,"key":"SMITH"},{"data":"Well Laid Plans","floor":23.0,"key":"SMITH"},{"floor":28.0,"key":"REST"},{"data":"Noxious Fumes","floor":30.0,"key":"SMITH"},{"floor":32.0,"key":"REST"},{"data":"Backflip","floor":40.0,"key":"SMITH"},{"data":"Backflip","floor":42.0,"key":"SMITH"},{"floor":44.0,"key":"REST"},{"data":"Survivor","floor":49,"key":"SMITH"}],"neow_cost":"NONE","seed_source_timestamp":0,"circlet_count":0,"master_deck":["Defend_G","Defend_G","Defend_G","Defend_G","Strike_G","Strike_G","Strike_G","Survivor+1","Neutralize+1","AscendersBane","Skewer+1","Flying Knee","Quick Slash","Predator","Well Laid Plans+1","Glass Knife+1","Expertise","Backflip+1","Backflip+1","Noxious Fumes+1","PiercingWail"],"special_seed":0,"relics":["Cursed Key","Golden Idol","Bronze Scales","Art of War","Bag of Preparation","Vajra","Busted Crown","Red Mask","Smiling Mask","Pear","Sozu","Regal Pillow","StoneCalendar","Lantern","Potion Belt"],"potions_floor_usage":[],"damage_taken":[{"damage":8.0,"enemies":"Small Slimes","floor":1.0,"turns":5.0},{"damage":8.0,"enemies":"2 Louse","floor":3.0,"turns":3.0},{"damage":2.0,"enemies":"Jaw Worm","floor":5.0,"turns":3.0},{"damage":18.0,"enemies":"Lagavulin","floor":6.0,"turns":7.0},{"damage":10.0,"enemies":"3 Sentries","floor":8.0,"turns":4.0},{"damage":0.0,"enemies":"Red Slaver","floor":13.0,"turns":2.0},{"damage":0.0,"enemies":"Blue Slaver","floor":14.0,"turns":1.0},{"damage":6.0,"enemies":"Hexaghost","floor":16.0,"turns":7.0},{"damage":0.0,"enemies":"Spheric Guardian","floor":18.0,"turns":2.0},{"damage":0.0,"enemies":"Chosen","floor":21.0,"turns":3.0},{"damage":9.0,"enemies":"Masked Bandits","floor":22.0,"turns":3.0},{"damage":7.0,"enemies":"Snecko","floor":25.0,"turns":4.0},{"damage":4.0,"enemies":"Book of Stabbing","floor":27.0,"turns":4.0},{"damage":0.0,"enemies":"Gremlin Leader","floor":29.0,"turns":5.0},{"damage":8.0,"enemies":"Cultist and Chosen","floor":31.0,"turns":5.0},{"damage":34.0,"enemies":"Automaton","floor":33.0,"turns":11.0},{"damage":0.0,"enemies":"3 Shapes","floor":35.0,"turns":4.0},{"damage":2.0,"enemies":"Orb Walker","floor":38.0,"turns":3.0},{"damage":0.0,"enemies":"Mind Bloom Boss Battle","floor":39.0,"turns":5.0},{"damage":13.0,"enemies":"Nemesis","floor":41.0,"turns":7.0},{"damage":48,"enemies":"Giant Head","floor":45,"turns":7},{"damage":7,"enemies":"3 Darklings","floor":48,"turns":3},{"damage":53,"enemies":"Time Eater","floor":50,"turns":8}],"seed_played":"5827937978029239894","potions_obtained":[{"floor":3.0,"key":"Block Potion"},{"floor":6.0,"key":"AttackPotion"},{"floor":13.0,"key":"GamblersBrew"},{"floor":14.0,"key":"Weak Potion"},{"floor":19.0,"key":"SkillPotion"},{"floor":21.0,"key":"Dexterity Potion"},{"floor":31.0,"key":"Explosive Potion"},{"floor":33.0,"key":"Explosive Potion"}],"is_trial":false,"path_per_floor":["M","?","M","?","M","E","R","E","T","R","?","$","M","M","R","B",null,"M","?","?","M","?","R","$","M","T","E","R","E","R","M","R","B",null,"M","$","?","M","?","R","E","R","T","R","E","?","?","M","R"],"character_chosen":"THE_SILENT","items_purchased":["Vajra","Well Laid Plans","Noxious Fumes","Regal Pillow"],"campfire_rested":4,"item_purchase_floors":[12,12,24,36],"current_hp_per_floor":[51,51,43,43,41,23,41,31,31,31,24,24,24,24,24,18,50,50,50,50,50,41,41,41,34,34,30,48,58,58,50,70,36,62,62,62,62,60,60,60,47,47,47,70,22,57,54,47,47,0],"gold":181,"neow_bonus":"BOSS_RELIC","is_prod":false,"is_daily":false,"chose_seed":false,"campfire_upgraded":7,"win_rate":0,"timestamp":1540681545,"path_taken":["M","?","M","?","?","E","R","E","T","R","?","$","M","M","R","BOSS","M","?","?","M","?","R","$","M","T","E","R","E","R","M","R","BOSS","M","$","?","M","?","R","E","R","T","R","E","?","?","M","R","BOSS"],"build_version":"2018-10-19","purchased_purges":1,"victory":false,"max_hp_per_floor":[66,60,60,60,60,60,60,60,60,60,60,60,60,60,60,60,60,60,60,60,60,60,60,60,60,60,60,60,70,70,70,70,70,70,70,70,70,70,70,70,70,70,70,70,70,57,54,54,54,54],"card_choices":[{"not_picked":["Cloak And Dagger","Outmaneuver"],"picked":"Skewer","floor":1.0},{"not_picked":["Riddle With Holes","Bane"],"picked":"Flying Knee","floor":3.0},{"not_picked":["Blade Dance","Masterful Stab"],"picked":"Quick Slash","floor":5.0},{"not_picked":["Finisher","Quick Slash","Underhanded Strike"],"picked":"SKIP","floor":6.0},{"not_picked":["Blade Dance","Backstab"],"picked":"Predator","floor":8.0},{"not_picked":["Acrobatics","Poisoned Stab"],"picked":"Glass Knife","floor":13.0},{"not_picked":["Skewer","Bane"],"picked":"Expertise","floor":14.0},{"not_picked":[],"picked":"Backflip","floor":18.0},{"not_picked":["Flying Knee"],"picked":"SKIP","floor":21.0},{"not_picked":[],"picked":"Backflip","floor":22.0},{"not_picked":["Slice+1"],"picked":"SKIP","floor":25.0},{"not_picked":["Concentrate"],"picked":"SKIP","floor":27.0},{"not_picked":["Deadly Poison"],"picked":"SKIP","floor":29.0},{"not_picked":["Calculated Gamble"],"picked":"SKIP","floor":31.0},{"not_picked":["Calculated Gamble"],"picked":"SKIP","floor":31.0},{"not_picked":["Masterful Stab"],"picked":"SKIP","floor":35.0},{"not_picked":["Dagger Throw+1"],"picked":"SKIP","floor":38.0},{"not_picked":[],"picked":"PiercingWail","floor":39.0},{"not_picked":["Poisoned Stab"],"picked":"SKIP","floor":41.0},{"not_picked":["Setup"],"picked":"SKIP","floor":45},{"not_picked":["Setup"],"picked":"SKIP","floor":48}],"player_experience":1521216,"relics_obtained":[{"floor":6.0,"key":"Bronze Scales"},{"floor":8.0,"key":"Art of War"},{"floor":9.0,"key":"Bag of Preparation"},{"floor":22.0,"key":"Red Mask"},{"floor":27.0,"key":"Smiling Mask"},{"floor":29.0,"key":"Pear"},{"floor":39.0,"key":"StoneCalendar"},{"floor":41.0,"key":"Lantern"},{"floor":45,"key":"Potion Belt"}],"event_choices":[{"damage_healed":0.0,"max_hp_gain":0.0,"max_hp_loss":6.0,"gold_gain":0.0,"event_name":"Golden Idol","player_choice":"Lose Max HP","floor":2.0,"gold_loss":0.0,"damage_taken":0.0,"relics_obtained":["Golden Idol"]},{"damage_healed":0.0,"max_hp_gain":0.0,"max_hp_loss":0.0,"gold_gain":0.0,"event_name":"Living Wall","player_choice":"Grow","floor":4.0,"gold_loss":0.0,"damage_taken":0.0,"cards_upgraded":["Skewer"]},{"cards_removed":["Normality"],"damage_healed":0.0,"max_hp_gain":0.0,"max_hp_loss":0.0,"gold_gain":0.0,"event_name":"Golden Wing","player_choice":"Card Removal","floor":11.0,"gold_loss":0.0,"damage_taken":7.0},{"damage_healed":0.0,"max_hp_gain":0.0,"max_hp_loss":0.0,"gold_gain":0.0,"event_name":"The Lab","player_choice":"Got Potions","floor":19.0,"gold_loss":0.0,"damage_taken":0.0},{"cards_removed":["Strike_G"],"damage_healed":0.0,"max_hp_gain":0.0,"max_hp_loss":0.0,"gold_gain":0.0,"event_name":"Beggar","player_choice":"Gave Gold","floor":20.0,"gold_loss":75.0,"damage_taken":0.0},{"damage_healed":0.0,"max_hp_gain":0.0,"max_hp_loss":0.0,"gold_gain":0.0,"event_name":"Masked Bandits","player_choice":"Fought Bandits","floor":22.0,"gold_loss":0.0,"damage_taken":0.0},{"cards_removed":["Defend_G"],"damage_healed":0.0,"max_hp_gain":0.0,"max_hp_loss":0.0,"gold_gain":0.0,"event_name":"Falling","player_choice":"Removed Skill","floor":37.0,"gold_loss":0.0,"damage_taken":0.0},{"damage_healed":0.0,"max_hp_gain":0.0,"max_hp_loss":0.0,"gold_gain":0.0,"event_name":"MindBloom","player_choice":"Fight","floor":39.0,"gold_loss":0.0,"damage_taken":0.0},{"damage_healed":57,"gold_gain":0,"player_choice":"Heal","damage_taken":0,"max_hp_gain":0,"max_hp_loss":13,"event_name":"The Moai Head","floor":46,"gold_loss":0},{"damage_healed":0,"gold_gain":0,"player_choice":"Max HP","damage_taken":0,"max_hp_gain":0,"max_hp_loss":3,"event_name":"Winding Halls","floor":47,"gold_loss":0}],"is_beta":true,"boss_relics":[{"not_picked":["Philosopher\u0027s Stone","White Beast Statue"],"picked":"Busted Crown"},{"not_picked":["Empty Cage","Pandora\u0027s Box"],"picked":"Sozu"}],"items_purged_floors":[36],"is_endless":false,"potions_floor_spawned":[3,6,13,14,21,22,31,33,35,39,41,48],"killed_by":"Time Eater","ascension_level":20}