{"gold_per_floor":[110,128,12,12,12,25,43,43,43,62,93,117,137,149,149,253,253,268,286,286,39,39,39,39],"floor_reached":24,"playtime":2081,"items_purged":[],"score":198,"play_id":"e8d9daca-7cda-4ee7-b147-e6a121a67f79","local_time":"20190102183346","is_ascension_mode":false,"campfire_choices":[{"floor":8,"key":"REST"},{"floor":15,"key":"REST"},{"data":"Chrysalis","floor":23,"key":"SMITH"}],"neow_cost":"NONE","seed_source_timestamp":987384442179209,"circlet_count":0,"master_deck":["Strike_R","Strike_R","Strike_R","Strike_R","Strike_R","Defend_R","Defend_R","Defend_R","Bash","Berserk","Feel No Pain","Anger","Dropkick","Rupture+1","Pommel Strike","Blood for Blood","Dual Wield","Rampage","Pommel Strike","Uppercut","Iron Wave","Feed","Armaments","Sword Boomerang+1","Anger","True Grit","Chrysalis+1"],"relics":["Burning Blood","Mercury Hourglass","Vajra","Red Skull","Odd Mushroom","Eternal Feather"],"potions_floor_usage":[],"damage_taken":[{"damage":13,"enemies":"2 Louse","floor":1,"turns":4},{"damage":17,"enemies":"Small Slimes","floor":2,"turns":3},{"damage":11,"enemies":"Jaw Worm","floor":6,"turns":2},{"damage":11,"enemies":"Exordium Wildlife","floor":7,"turns":3},{"damage":15,"enemies":"Exordium Thugs","floor":10,"turns":3},{"damage":20,"enemies":"Gremlin Nob","floor":11,"turns":4},{"damage":9,"enemies":"The Mushroom Lair","floor":12,"turns":3},{"damage":2,"enemies":"Blue Slaver","floor":13,"turns":2},{"damage":0,"enemies":"Lots of Slimes","floor":14,"turns":2},{"damage":51,"enemies":"Hexaghost","floor":16,"turns":6},{"damage":7,"enemies":"Chosen","floor":18,"turns":4},{"damage":25,"enemies":"2 Thieves","floor":19,"turns":4},{"damage":82,"enemies":"Gremlin Leader","floor":24,"turns":7}],"seed_played":"-8206618478966867586","potions_obtained":[{"floor":1,"key":"SteroidPotion"},{"floor":7,"key":"Fire Potion"},{"floor":13,"key":"Swift Potion"},{"floor":16,"key":"Strength Potion"}],"is_trial":false,"path_per_floor":["M","M","$","?","?","M","M","R","T","M","E","?","M","M","R","B",null,"M","M","?","$","?","R","E"],"character_chosen":"IRONCLAD","items_purchased":["Dropkick","Rupture","Anger","True Grit","Chrysalis"],"campfire_rested":2,"item_purchase_floors":[3,3,21,21,21],"current_hp_per_floor":[73,62,62,62,59,54,49,73,73,64,50,47,51,57,80,35,80,82,63,63,63,63,78,0],"gold":39,"neow_bonus":"TRANSFORM_CARD","is_prod":false,"is_daily":false,"chose_seed":false,"campfire_upgraded":1,"win_rate":0.0,"timestamp":1546472026,"path_taken":["M","M","$","?","?","M","M","R","T","M","E","?","M","M","R","BOSS","M","M","?","$","?","R","E"],"build_version":"2018-12-20","purchased_purges":0,"victory":false,"max_hp_per_floor":[80,80,80,80,80,80,80,80,80,80,80,80,80,80,80,80,80,83,83,83,83,83,83,83],"card_choices":[{"not_picked":["Clothesline","Clash"],"picked":"Feel No Pain","floor":1},{"not_picked":["Perfected Strike","Shockwave"],"picked":"Anger","floor":2},{"not_picked":["Headbutt","Dropkick"],"picked":"Pommel Strike","floor":6},{"not_picked":["Burning Pact","Twin Strike"],"picked":"Blood for Blood","floor":7},{"not_picked":["Perfected Strike","Reckless Charge"],"picked":"Dual Wield","floor":10},{"not_picked":["Dark Embrace","Armaments"],"picked":"Rampage","floor":11},{"not_picked":["Clothesline","Sword Boomerang"],"picked":"Pommel Strike","floor":12},{"not_picked":["Spot Weakness","Ghostly Armor"],"picked":"Uppercut","floor":13},{"not_picked":["Disarm","Blood for Blood"],"picked":"Iron Wave","floor":14},{"not_picked":["Impervious","Juggernaut"],"picked":"Feed","floor":16},{"not_picked":["Dropkick","Rage"],"picked":"Armaments","floor":18},{"not_picked":["Headbutt","Thunderclap"],"picked":"Sword Boomerang+1","floor":19}],"player_experience":9802,"relics_obtained":[{"floor":9,"key":"Vajra"},{"floor":11,"key":"Red Skull"},{"floor":12,"key":"Odd Mushroom"}],"event_choices":[{"damage_healed":0,"gold_gain":0,"player_choice":"Grow","damage_taken":0,"max_hp_gain":0,"max_hp_loss":0,"event_name":"Living Wall","floor":4,"gold_loss":0,"cards_upgraded":["Rupture"]},{"damage_healed":0,"gold_gain":0,"player_choice":"Success","damage_taken":3,"relics_obtained":["Mercury Hourglass"],"max_hp_gain":0,"max_hp_loss":0,"event_name":"Scrap Ooze","floor":5,"gold_loss":0},{"damage_healed":0,"gold_gain":0,"player_choice":"Fought Mushrooms","damage_taken":0,"max_hp_gain":0,"max_hp_loss":0,"event_name":"Mushrooms","floor":12,"gold_loss":0},{"damage_healed":0,"gold_gain":0,"player_choice":"Ignored","damage_taken":0,"max_hp_gain":0,"max_hp_loss":0,"event_name":"Beggar","floor":20,"gold_loss":0}],"is_beta":false,"boss_relics":[{"not_picked":["Fusion Hammer","Empty Cage"],"picked":"Eternal Feather"}],"items_purged_floors":[],"is_endless":false,"potions_floor_spawned":[1,7,13,16,19],"killed_by":"Gremlin Leader","ascension_level":0}