{"path_per_floor":["M","?","M","?","M","E","M","?","T","?","R","M","$","M","R","B",null,"M","M","?","?","?","E"],"character_chosen":"IRONCLAD","items_purchased":["Ancient Tea Set","Iron Wave"],"gold_per_floor":[119,69,82,82,93,125,139,139,208,267,267,283,5,17,17,120,120,140,156,156,156,156,191,191],"floor_reached":24,"campfire_rested":0,"playtime":1349,"current_hp_per_floor":[77,77,67,51,57,35,31,57,57,37,37,32,32,38,38,69,90,66,30,30,60,60,7,0],"items_purged":["Corruption"],"gold":191,"score":266,"play_id":"1d4b6a9b-52b8-428e-a5ee-2818f8c01105","local_time":"20180324083730","is_prod":false,"is_daily":false,"is_ascension_mode":false,"campfire_upgraded":2,"timestamp":1521895050,"path_taken":["M","?","M","?","?","E","M","?","T","?","R","M","?","M","R","BOSS","M","M","?","?","?","E","M"],"build_version":"2018-03-22v2","purchased_purges":1,"victory":false,"master_deck":["Strike_R","Strike_R","Strike_R+1","Strike_R","Strike_R","Defend_R","Defend_R+1","Defend_R","Bash","Perfected Strike+1","Reckless Charge","Perfected Strike+1","Cleave","Cleave","Dropkick","Iron Wave","Iron Wave","Shrug It Off","Juggernaut","Sword Boomerang","Anger+1","Armaments"],"max_hp_per_floor":[80,80,80,80,80,80,80,80,80,90,90,90,90,90,90,90,90,90,90,90,90,90,90,90],"relics":["Burning Blood","Pen Nib","Pantograph","Pear","Ancient Tea Set","Black Star","Mummified Hand","Centennial Puzzle","Darkstone Periapt"],"card_choices":[{"not_picked":["Clothesline","Body Slam"],"picked":"Perfected Strike","floor":0},{"not_picked":["Flex","Heavy Blade"],"picked":"Reckless Charge","floor":1},{"not_picked":["Corruption","Thunderclap"],"picked":"Perfected Strike","floor":3},{"not_picked":["Headbutt","Thunderclap"],"picked":"Corruption","floor":5},{"not_picked":["Pummel","Seeing Red"],"picked":"Cleave","floor":6},{"not_picked":["Entrench","True Grit"],"picked":"Cleave","floor":7},{"not_picked":["Clash","Armaments"],"picked":"Dropkick","floor":10},{"not_picked":["Clash","Headbutt"],"picked":"Iron Wave","floor":12},{"not_picked":["Burning Pact","Hemokinesis"],"picked":"Shrug It Off","floor":14},{"not_picked":["Fiend Fire","Brutality"],"picked":"Juggernaut","floor":16},{"not_picked":["Clothesline","Headbutt"],"picked":"Sword Boomerang","floor":18},{"not_picked":["Heavy Blade","Thunderclap"],"picked":"Anger","floor":19},{"not_picked":["Clash","Fiend Fire"],"picked":"Armaments","floor":23}],"player_experience":15398,"potions_floor_usage":[24,24],"damage_taken":[{"damage":9,"enemies":"Small Slimes","floor":1,"turns":3},{"damage":16,"enemies":"Jaw Worm","floor":3,"turns":2},{"damage":0,"enemies":"2 Louse","floor":5,"turns":2},{"damage":28,"enemies":"Lagavulin","floor":6,"turns":4},{"damage":10,"enemies":"Looter","floor":7,"turns":2},{"damage":36,"enemies":"Lagavulin Event","floor":10,"turns":4},{"damage":11,"enemies":"Exordium Wildlife","floor":12,"turns":3},{"damage":0,"enemies":"2 Fungi Beasts","floor":14,"turns":2},{"damage":0,"enemies":"Slime Boss","floor":16,"turns":5},{"damage":30,"enemies":"2 Thieves","floor":18,"turns":3},{"damage":42,"enemies":"3 Byrds","floor":19,"turns":5},{"damage":59,"enemies":"Slavers","floor":23,"turns":5},{"damage":12,"enemies":"Slaver and Parasite","floor":24,"turns":1}],"event_choices":[{"event_name":"The Cleric","player_choice":"Card Removal","floor":2,"damage_taken":0},{"event_name":"Shining Light","player_choice":"Entered Light","floor":4,"damage_taken":0},{"event_name":"Big Fish","player_choice":"Banana","floor":8,"damage_taken":0},{"event_name":"Dead Adventurer","player_choice":"Searched \u00271\u0027 times","floor":10,"damage_taken":0},{"event_name":"The Mausoleum","player_choice":"Yes","floor":20,"damage_taken":0},{"event_name":"The Library","player_choice":"Heal","floor":21,"damage_taken":0},{"event_name":"Drug Dealer","player_choice":"Ignored","floor":22,"damage_taken":0}],"boss_relics":[{"not_picked":["Sozu","Ectoplasm"],"picked":"Black Star"}],"potions_floor_spawned":[3,7,12,14,19],"seed_played":"-3223223032806562403","killed_by":"Slaver and Parasite","ascension_level":0,"is_trial":false}