{"gold_per_floor":[119,139,156,167,167,167,201,228,254,254,265,298,298,40,40,139,139,158,172,272,0,13,13,42,42,42,0,0,25,25,44,44,44],"floor_reached":33,"playtime":2905,"items_purged":[],"score":343,"play_id":"b6ddedea-4110-47d5-bdc1-09572879996d","local_time":"20190128205729","is_ascension_mode":false,"campfire_choices":[{"floor":6,"key":"REST"},{"floor":10,"key":"REST"},{"floor":15,"key":"REST"},{"floor":23,"key":"REST"},{"floor":28,"key":"REST"},{"floor":30,"key":"REST"},{"floor":32,"key":"REST"}],"neow_cost":"PERCENT_DAMAGE","seed_source_timestamp":1713211329822075,"circlet_count":0,"master_deck":["Strike_R","Strike_R","Strike_R","Strike_R","Strike_R","Defend_R","Defend_R","Defend_R","Defend_R","Feed","Twin Strike","Flex","Whirlwind","Feed","Warcry","Reaper","Twin Strike+1","Heavy Blade","Heavy Blade","Whirlwind+1","Headbutt","Twin Strike+1","Flex+1"],"relics":["Burning Blood","Bag of Marbles","Odd Mushroom","Oddly Smooth Stone","Orichalcum","Sundial","Black Star","StoneCalendar","Self Forming Clay","Medical Kit","Ornamental Fan","Toxic Egg 2","Question Card","Bottled Flame","Molten Egg 2"],"potions_floor_usage":[7,7,18,20,20,22,22,33],"damage_taken":[{"damage":6,"enemies":"2 Louse","floor":1,"turns":3},{"damage":0,"enemies":"Small Slimes","floor":2,"turns":4},{"damage":8,"enemies":"Jaw Worm","floor":3,"turns":4},{"damage":11,"enemies":"Blue Slaver","floor":4,"turns":5},{"damage":38,"enemies":"Lagavulin","floor":7,"turns":7},{"damage":17,"enemies":"The Mushroom Lair","floor":8,"turns":4},{"damage":0,"enemies":"Exordium Wildlife","floor":11,"turns":2},{"damage":22,"enemies":"Gremlin Nob","floor":12,"turns":4},{"damage":32,"enemies":"Slime Boss","floor":16,"turns":12},{"damage":4,"enemies":"2 Thieves","floor":18,"turns":4},{"damage":26,"enemies":"Shell Parasite","floor":19,"turns":7},{"damage":37,"enemies":"Colosseum Slavers","floor":20,"turns":5},{"damage":29,"enemies":"Colosseum Nobs","floor":20,"turns":6},{"damage":18,"enemies":"Centurion and Healer","floor":22,"turns":6},{"damage":0,"enemies":"Gremlin Leader","floor":24,"turns":7},{"damage":66,"enemies":"Book of Stabbing","floor":29,"turns":7},{"damage":40,"enemies":"Snake Plant","floor":31,"turns":5},{"damage":87,"enemies":"Automaton","floor":33,"turns":6}],"seed_played":"-6554511933667771815","potions_obtained":[{"floor":2,"key":"SkillPotion"},{"floor":4,"key":"Poison Potion"},{"floor":12,"key":"AttackPotion"},{"floor":16,"key":"BloodPotion"},{"floor":19,"key":"Block Potion"},{"floor":20,"key":"Swift Potion"},{"floor":31,"key":"Poison Potion"}],"is_trial":false,"path_per_floor":["M","M","M","M","?","R","E","?","T","R","M","E","?","$","R","B",null,"M","M","?","$","M","R","E","?","T","?","R","E","R","M","R","B"],"character_chosen":"IRONCLAD","items_purchased":["Sundial","Heavy Blade","Medical Kit","Strength Potion"],"campfire_rested":7,"item_purchase_floors":[14,21,21,21],"current_hp_per_floor":[59,68,66,61,61,86,54,46,46,72,81,65,65,65,92,66,92,92,72,47,47,54,83,89,69,69,69,99,45,75,44,74,0],"gold":44,"neow_bonus":"THREE_RARE_CARDS","is_prod":false,"is_daily":false,"chose_seed":false,"campfire_upgraded":0,"win_rate":0.0,"timestamp":1548745049,"path_taken":["M","M","M","M","?","R","E","?","T","R","M","E","?","$","R","BOSS","M","M","?","$","M","R","E","?","T","?","R","E","R","M","R","BOSS"],"build_version":"2019-01-23","purchased_purges":0,"victory":false,"max_hp_per_floor":[83,86,86,86,86,86,86,89,89,89,92,92,92,92,92,92,92,92,92,95,95,98,98,98,103,103,103,103,103,103,103,103,103],"card_choices":[{"not_picked":["Reaper","Immolate"],"picked":"Feed","floor":0},{"not_picked":["Sword Boomerang","Power Through","Anger"],"picked":"SKIP","floor":1},{"not_picked":["Iron Wave","Entrench"],"picked":"Twin Strike","floor":2},{"not_picked":["Clothesline","Intimidate","Sword Boomerang"],"picked":"SKIP","floor":3},{"not_picked":["Entrench","Clothesline"],"picked":"Flex","floor":4},{"not_picked":["Bloodletting","Wild Strike"],"picked":"Whirlwind","floor":7},{"not_picked":["Shockwave","Clash"],"picked":"Feed","floor":11},{"not_picked":["Armaments","Anger","Feel No Pain"],"picked":"SKIP","floor":12},{"not_picked":["Feed","Juggernaut"],"picked":"Reaper","floor":16},{"not_picked":["Combust","Warcry+1"],"picked":"Twin Strike+1","floor":18},{"not_picked":["Flex+1","Entrench"],"picked":"Heavy Blade","floor":19},{"not_picked":["Rage","Shrug It Off"],"picked":"Whirlwind+1","floor":22},{"not_picked":["Dropkick","Power Through"],"picked":"Headbutt","floor":24},{"not_picked":["Clothesline","Iron Wave","Armaments+1"],"picked":"Twin Strike","floor":29},{"not_picked":["Disarm+1","Twin Strike+1","Armaments+1"],"picked":"Flex+1","floor":31}],"player_experience":34961,"relics_obtained":[{"floor":7,"key":"Bag of Marbles"},{"floor":8,"key":"Odd Mushroom"},{"floor":9,"key":"Oddly Smooth Stone"},{"floor":12,"key":"Orichalcum"},{"floor":20,"key":"StoneCalendar"},{"floor":20,"key":"Self Forming Clay"},{"floor":24,"key":"Ornamental Fan"},{"floor":24,"key":"Toxic Egg 2"},{"floor":26,"key":"Question Card"},{"floor":29,"key":"Bottled Flame"},{"floor":29,"key":"Molten Egg 2"}],"event_choices":[{"damage_healed":0,"gold_gain":0,"player_choice":"Ignored","damage_taken":0,"max_hp_gain":0,"max_hp_loss":0,"event_name":"Golden Idol","floor":5,"gold_loss":0},{"damage_healed":0,"gold_gain":0,"player_choice":"Fought Mushrooms","damage_taken":0,"max_hp_gain":0,"max_hp_loss":0,"event_name":"Mushrooms","floor":8,"gold_loss":0},{"damage_healed":0,"gold_gain":0,"cards_transformed":["Bash"],"player_choice":"Change","damage_taken":0,"max_hp_gain":0,"max_hp_loss":0,"event_name":"Living Wall","floor":13,"gold_loss":0,"cards_obtained":["Warcry"]},{"damage_healed":0,"gold_gain":0,"player_choice":"Fight","damage_taken":0,"max_hp_gain":0,"max_hp_loss":0,"event_name":"Colosseum","floor":20,"gold_loss":0},{"damage_healed":0,"gold_gain":0,"player_choice":"Fought Nobs","damage_taken":0,"max_hp_gain":0,"max_hp_loss":0,"event_name":"Colosseum","floor":20,"gold_loss":0},{"damage_healed":0,"gold_gain":0,"player_choice":"Shed Blood","damage_taken":25,"max_hp_gain":5,"max_hp_loss":0,"event_name":"Forgotten Altar","floor":25,"gold_loss":0},{"damage_healed":0,"gold_gain":0,"player_choice":"Paid Fearfully","damage_taken":0,"max_hp_gain":0,"max_hp_loss":0,"event_name":"Masked Bandits","floor":27,"gold_loss":42}],"is_beta":false,"boss_relics":[{"not_picked":["Empty Cage","Ectoplasm"],"picked":"Black Star"}],"items_purged_floors":[],"is_endless":false,"potions_floor_spawned":[2,4,12,16,19,20,31],"killed_by":"Automaton","ascension_level":0}