{"gold_per_floor":[113,113,90,105,105,140,140,157,157,157,157,198,198,216,216,347,347,370,385,144,69,84,117,117,150,176,91,115,140,88,107,107,236,236,257,157,170,170,185,6,27,27,27,47,60,60,185,206,206,206,206,206,12,50,50],"floor_reached":55,"playtime":2622,"items_purged":["Strike_R","Strike_R+1","Strike_R+1"],"score":669,"play_id":"6d7daa23-8095-4542-80c2-c707fd80b582","local_time":"20190206221339","is_ascension_mode":false,"campfire_choices":[{"data":"Flame Barrier","floor":7,"key":"SMITH"},{"data":"Bash","floor":11,"key":"SMITH"},{"floor":13,"key":"REST"},{"data":"Disarm","floor":15,"key":"SMITH"},{"data":"Whirlwind","floor":24,"key":"SMITH"},{"data":"Flame Barrier","floor":32,"key":"SMITH"},{"data":"Demon Form","floor":42,"key":"SMITH"},{"data":"Armaments","floor":46,"key":"SMITH"},{"floor":49,"key":"RECALL"},{"data":"Offering","floor":52,"key":"SMITH"}],"neow_cost":"NONE","seed_source_timestamp":567280310066680,"circlet_count":0,"master_deck":["Defend_R","Defend_R","Defend_R","Defend_R","Bash+1","Disarm+1","Headbutt","Flame Barrier+1","Reaper","Armaments+1","Pommel Strike","Anger","Offering+1","Flame Barrier+1","Whirlwind+1","Blind","Demon Form+1","Doubt","Shrug It Off","Panache","Shrug It Off","Injury","Spot Weakness+1","Limit Break"],"relics":["Burning Blood","Whetstone","Meat on the Bone","Bag of Marbles","Golden Idol","Orichalcum","Cursed Key","Ice Cream","Dodecahedron","Ornamental Fan","Sozu","Bronze Scales","Red Skull","FossilizedHelix","Kunai"],"potions_floor_usage":[23,28,33,33,33],"damage_taken":[{"damage":5,"enemies":"Small Slimes","floor":1,"turns":3},{"damage":4,"enemies":"Cultist","floor":4,"turns":3},{"damage":36,"enemies":"Gremlin Nob","floor":6,"turns":5},{"damage":11,"enemies":"Jaw Worm","floor":8,"turns":2},{"damage":34,"enemies":"Lagavulin","floor":12,"turns":8},{"damage":3,"enemies":"2 Fungi Beasts","floor":14,"turns":4},{"damage":14,"enemies":"The Guardian","floor":16,"turns":12},{"damage":20,"enemies":"Spheric Guardian","floor":18,"turns":4},{"damage":6,"enemies":"Chosen","floor":19,"turns":3},{"damage":0,"enemies":"Snake Plant","floor":22,"turns":5},{"damage":10,"enemies":"Book of Stabbing","floor":23,"turns":5},{"damage":16,"enemies":"Slavers","floor":25,"turns":4},{"damage":12,"enemies":"Cultist and Chosen","floor":28,"turns":6},{"damage":14,"enemies":"Snecko","floor":29,"turns":5},{"damage":9,"enemies":"Shelled Parasite and Fungi","floor":31,"turns":5},{"damage":65,"enemies":"Collector","floor":33,"turns":11},{"damage":21,"enemies":"3 Darklings","floor":35,"turns":5},{"damage":0,"enemies":"Orb Walker","floor":37,"turns":4},{"damage":10,"enemies":"Maw","floor":39,"turns":7},{"damage":14,"enemies":"3 Darklings","floor":41,"turns":4},{"damage":34,"enemies":"Transient","floor":44,"turns":5},{"damage":0,"enemies":"Sphere and 2 Shapes","floor":45,"turns":3},{"damage":6,"enemies":"Mind Bloom Boss Battle","floor":47,"turns":3},{"damage":10,"enemies":"Jaw Worm Horde","floor":48,"turns":3},{"damage":40,"enemies":"Time Eater","floor":50,"turns":7},{"damage":11,"enemies":"Shield and Spear","floor":54,"turns":6},{"damage":82,"enemies":"The Heart","floor":55,"turns":5}],"seed_played":"6413239685537365797","potions_obtained":[{"floor":1,"key":"Swift Potion"},{"floor":12,"key":"Strength Potion"},{"floor":16,"key":"PowerPotion"},{"floor":25,"key":"Poison Potion"},{"floor":28,"key":"Fruit Juice"}],"is_trial":false,"path_per_floor":["M","?","$","M","$","E","R","M","T","?","R","E","R","M","R","B",null,"M","M","$","?","M","E","R","E","T","?","M","M","$","M","R","B",null,"M","$","M","?","M","$","M","R","T","M","M","R","?","M","R","B",null,"R","$","E","B"],"character_chosen":"IRONCLAD","items_purchased":["Headbutt","Whirlwind","Blind","Block Potion","Shrug It Off","Bronze Scales","Limit Break"],"campfire_rested":1,"item_purchase_floors":[3,20,20,30,40,40,53],"current_hp_per_floor":[80,80,80,80,80,50,50,57,57,37,37,21,45,60,60,52,80,66,66,66,66,72,68,68,66,66,66,73,71,71,74,74,40,85,85,85,85,85,85,85,85,85,85,57,63,63,63,59,59,37,85,85,85,80,0],"gold":50,"neow_bonus":"RANDOM_COMMON_RELIC","is_prod":false,"is_daily":false,"chose_seed":false,"campfire_upgraded":8,"win_rate":0,"timestamp":1549509219,"path_taken":["M","?","$","?","$","E","R","M","T","?","R","E","R","M","R","BOSS","M","M","$","?","M","E","R","E","T","?","M","M","$","M","R","BOSS","M","$","M","?","M","$","M","R","T","M","M","R","?","M","R","BOSS","R","$","E","BOSS"],"build_version":"2019-01-23","purchased_purges":3,"victory":false,"max_hp_per_floor":[80,80,80,80,80,80,80,80,80,80,80,80,80,80,80,80,80,80,80,80,80,80,80,80,80,80,80,85,85,85,85,85,85,85,85,85,85,85,85,85,85,85,85,85,85,85,85,85,85,85,85,85,85,85,85],"card_choices":[{"not_picked":["Sword Boomerang","Uppercut"],"picked":"Disarm","floor":1},{"not_picked":["Armaments","True Grit"],"picked":"Flame Barrier","floor":4},{"not_picked":["Body Slam","Perfected Strike"],"picked":"Reaper","floor":6},{"not_picked":["Clothesline","Shockwave"],"picked":"Armaments","floor":8},{"not_picked":["Searing Blow","Rampage"],"picked":"Pommel Strike","floor":12},{"not_picked":["Heavy Blade","True Grit"],"picked":"Anger","floor":14},{"not_picked":["Bludgeon","Limit Break"],"picked":"Offering","floor":16},{"not_picked":["Whirlwind","Shockwave"],"picked":"Flame Barrier","floor":18},{"not_picked":["Dropkick","Rampage","Clash+1"],"picked":"SKIP","floor":19},{"not_picked":["Dropkick+1","Carnage+1","Sword Boomerang"],"picked":"SKIP","floor":22},{"not_picked":["Dropkick+1","Carnage+1","Sword Boomerang"],"picked":"SKIP","floor":22},{"not_picked":["Carnage","Sword Boomerang+1","Perfected Strike"],"picked":"SKIP","floor":23},{"not_picked":["Heavy Blade","Warcry+1"],"picked":"Demon Form","floor":25},{"not_picked":["Carnage+1","Clash","Sword Boomerang"],"picked":"SKIP","floor":28},{"not_picked":["Infernal Blade+1","Corruption","Body Slam"],"picked":"SKIP","floor":29},{"not_picked":["Iron Wave","Clash+1"],"picked":"Shrug It Off","floor":31},{"not_picked":["Heavy Blade","Flex","Rage"],"picked":"SKIP","floor":35},{"not_picked":["Whirlwind","Pommel Strike","Havoc"],"picked":"SKIP","floor":37},{"not_picked":["Mind Blast","Madness"],"picked":"Panache","floor":38},{"not_picked":["Flame Barrier","Anger+1","Rupture"],"picked":"SKIP","floor":39},{"not_picked":["Armaments+1","Sword Boomerang","Clash"],"picked":"SKIP","floor":41},{"not_picked":["Body Slam","Rage+1","Cleave"],"picked":"SKIP","floor":44},{"not_picked":["Headbutt+1","Rupture","Metallicize+1"],"picked":"SKIP","floor":45},{"not_picked":["Ghostly Armor+1","Cleave+1"],"picked":"Spot Weakness+1","floor":47},{"not_picked":["Iron Wave+1","Body Slam","Heavy Blade+1"],"picked":"SKIP","floor":48},{"not_picked":["Iron Wave+1","Warcry","Sever Soul"],"picked":"SKIP","floor":54}],"player_experience":190411,"relics_obtained":[{"floor":6,"key":"Meat on the Bone"},{"floor":9,"key":"Bag of Marbles"},{"floor":12,"key":"Orichalcum"},{"floor":23,"key":"Ice Cream"},{"floor":25,"key":"Dodecahedron"},{"floor":43,"key":"Red Skull"},{"floor":47,"key":"FossilizedHelix"},{"floor":54,"key":"Kunai"}],"event_choices":[{"cards_removed":["Strike_R"],"damage_healed":0,"gold_gain":0,"player_choice":"Offered Basic","damage_taken":0,"max_hp_gain":0,"max_hp_loss":0,"event_name":"Bonfire Elementals","floor":2,"gold_loss":0},{"damage_healed":0,"gold_gain":0,"player_choice":"Take Damage","damage_taken":20,"relics_obtained":["Golden Idol"],"max_hp_gain":0,"max_hp_loss":0,"event_name":"Golden Idol","floor":10,"gold_loss":0},{"cards_removed":["Strike_R"],"damage_healed":0,"gold_gain":0,"player_choice":"Gave Gold","damage_taken":0,"max_hp_gain":0,"max_hp_loss":0,"event_name":"Beggar","floor":21,"gold_loss":75},{"damage_healed":0,"gold_gain":0,"player_choice":"Obtained Relic","damage_taken":0,"relics_obtained":["Ornamental Fan"],"max_hp_gain":0,"max_hp_loss":0,"event_name":"Addict","floor":27,"gold_loss":85},{"damage_healed":0,"gold_gain":0,"player_choice":"Memory 1","damage_taken":0,"max_hp_gain":0,"max_hp_loss":0,"event_name":"SensoryStone","floor":38,"gold_loss":0},{"damage_healed":0,"gold_gain":0,"player_choice":"Fight","damage_taken":0,"max_hp_gain":0,"max_hp_loss":0,"event_name":"MindBloom","floor":47,"gold_loss":0}],"is_beta":false,"boss_relics":[{"not_picked":["Coffee Dripper","Velvet Choker"],"picked":"Cursed Key"},{"not_picked":["Empty Cage","Tiny House"],"picked":"Sozu"}],"items_purged_floors":[20,36,53],"is_endless":false,"potions_floor_spawned":[1,12,16,25,28,31,37,41,44,47],"killed_by":"The Heart","ascension_level":0}