{"gold_per_floor":[111,111,122,122,39,39,60,95,95,95,128,128,93,109,109,204,204,217,217,237,0,18,18,18,18,44,44,84,98,12,12,12,12],"floor_reached":33,"playtime":1355,"items_purged":[],"score":542,"play_id":"7cf8817c-6021-4a13-ba3c-d95460d07f57","local_time":"20190114010507","is_ascension_mode":true,"campfire_choices":[{"data":"Noxious Fumes","floor":6.0,"key":"SMITH"},{"floor":12,"key":"REST"},{"floor":15,"key":"DIG"},{"floor":23,"key":"REST"},{"floor":25,"key":"DIG"},{"floor":27,"key":"REST"},{"floor":32,"key":"REST"}],"neow_cost":"NONE","seed_source_timestamp":404186745838200,"circlet_count":0,"master_deck":["AscendersBane","Defend_G","Defend_G","Defend_G","Defend_G","Defend_G","Strike_G","Strike_G","Survivor","Neutralize","Quick Slash","Bouncing Flask","Noxious Fumes+1","PiercingWail","Noxious Fumes","Burst","Terror+1","Terror+1","Glass Knife+1","PiercingWail","Dash","Backflip","Backflip","Footwork","Writhe","Acrobatics+1"],"special_seed":0,"relics":["Velvet Choker","Golden Idol","Shovel","Singing Bowl","Art of War","Matryoshka","Astrolabe","Calipers","Darkstone Periapt","Bronze Scales","Ninja Scroll","Dream Catcher"],"potions_floor_usage":[11,16,19],"damage_taken":[{"damage":10.0,"enemies":"Jaw Worm","floor":1.0,"turns":7.0},{"damage":3.0,"enemies":"2 Louse","floor":3.0,"turns":3.0},{"damage":0.0,"enemies":"Small Slimes","floor":7.0,"turns":3.0},{"damage":37.0,"enemies":"Gremlin Nob","floor":8.0,"turns":5.0},{"damage":10,"enemies":"Lagavulin","floor":11,"turns":7},{"damage":1,"enemies":"Looter","floor":14,"turns":4},{"damage":38,"enemies":"The Guardian","floor":16,"turns":10},{"damage":21,"enemies":"2 Thieves","floor":18,"turns":5},{"damage":22,"enemies":"Colosseum Slavers","floor":19,"turns":5},{"damage":0,"enemies":"Chosen","floor":20,"turns":3},{"damage":12,"enemies":"Sentry and Sphere","floor":22,"turns":5},{"damage":40,"enemies":"Slavers","floor":28,"turns":6},{"damage":3,"enemies":"Snake Plant","floor":29,"turns":4},{"damage":40,"enemies":"Automaton","floor":33,"turns":8}],"seed_played":"-7937438486295521808","potions_obtained":[{"floor":3.0,"key":"EssenceOfSteel"},{"floor":7.0,"key":"EssenceOfSteel"},{"floor":8.0,"key":"Strength Potion"},{"floor":14,"key":"SteroidPotion"},{"floor":18,"key":"Regen Potion"}],"is_trial":false,"path_per_floor":["M","?","M","?","$","R","M","E","T","?","E","R","?","M","R","B",null,"M","?","M","?","M","R","?","R","T","R","E","M","$","?","R","B"],"character_chosen":"THE_SILENT","items_purchased":["Noxious Fumes","Footwork"],"campfire_rested":4,"item_purchase_floors":[5,30],"current_hp_per_floor":[49,54,51,51,51,51,51,14,14,14,4,23,39,40,40,2,50,29,22,22,22,10,29,29,29,29,48,8,7,7,13,35,0],"gold":12,"neow_bonus":"BOSS_RELIC","is_prod":false,"is_daily":false,"chose_seed":false,"campfire_upgraded":1,"win_rate":0,"timestamp":1547445907,"path_taken":["M","?","M","?","$","R","M","E","T","?","E","R","?","M","R","BOSS","M","?","M","?","M","R","?","R","T","R","E","M","$","?","R","BOSS"],"build_version":"2019-01-10","purchased_purges":0,"victory":false,"max_hp_per_floor":[66,71,71,64,64,64,64,64,64,64,64,64,64,66,66,66,66,66,66,66,66,66,66,66,66,66,66,66,68,68,74,74,74],"card_choices":[{"not_picked":["Blade Dance","Infinite Blades"],"picked":"Quick Slash","floor":1.0},{"not_picked":["Well Laid Plans","Flying Knee"],"picked":"Bouncing Flask","floor":3.0},{"not_picked":["Endless Agony","Slice"],"picked":"PiercingWail","floor":7.0},{"not_picked":["Slice","Outmaneuver","Tools of the Trade"],"picked":"SKIP","floor":8.0},{"not_picked":["Outmaneuver","Blade Dance"],"picked":"Noxious Fumes","floor":11},{"not_picked":["Poisoned Stab","Prepared","Sucker Punch"],"picked":"Singing Bowl","floor":14},{"not_picked":["Unload","Grand Finale"],"picked":"Burst","floor":16},{"not_picked":["Deadly Poison","Outmaneuver"],"picked":"PiercingWail","floor":18},{"not_picked":["Tactician","Dodge and Roll"],"picked":"Dash","floor":20},{"not_picked":["Crippling Poison","Flying Knee"],"picked":"Backflip","floor":22},{"not_picked":["Predator","Deadly Poison+1"],"picked":"Backflip","floor":28},{"not_picked":["Flying Knee","Blade Dance","Underhanded Strike"],"picked":"Singing Bowl","floor":29},{"not_picked":["Dodge and Roll","Crippling Poison"],"picked":"Acrobatics+1","floor":32}],"player_experience":1887630,"relics_obtained":[{"floor":8.0,"key":"Shovel"},{"floor":9.0,"key":"Singing Bowl"},{"floor":11,"key":"Art of War"},{"floor":15,"key":"Matryoshka"},{"floor":25,"key":"Calipers"},{"floor":26,"key":"Darkstone Periapt"},{"floor":26,"key":"Bronze Scales"},{"floor":28,"key":"Ninja Scroll"}],"event_choices":[{"damage_healed":0.0,"max_hp_gain":5.0,"max_hp_loss":0.0,"gold_gain":0.0,"event_name":"Big Fish","player_choice":"Donut","floor":2.0,"gold_loss":0.0,"damage_taken":0.0},{"damage_healed":0.0,"max_hp_gain":0.0,"max_hp_loss":7.0,"gold_gain":0.0,"event_name":"Golden Idol","player_choice":"Lose Max HP","floor":4.0,"gold_loss":0.0,"damage_taken":0.0,"relics_obtained":["Golden Idol"]},{"damage_healed":0.0,"max_hp_gain":0.0,"max_hp_loss":0.0,"gold_gain":0.0,"event_name":"Scrap Ooze","player_choice":"Fled","floor":10.0,"gold_loss":0.0,"damage_taken":0.0},{"damage_healed":16,"gold_gain":0,"player_choice":"Healed","damage_taken":0,"max_hp_gain":0,"max_hp_loss":0,"event_name":"The Cleric","floor":13,"gold_loss":35},{"damage_healed":0,"gold_gain":0,"player_choice":"Fight","damage_taken":0,"max_hp_gain":0,"max_hp_loss":0,"event_name":"Colosseum","floor":19,"gold_loss":0},{"damage_healed":0,"gold_gain":0,"player_choice":"Fled From Nobs","damage_taken":0,"max_hp_gain":0,"max_hp_loss":0,"event_name":"Colosseum","floor":19,"gold_loss":0},{"damage_healed":0,"gold_gain":0,"player_choice":"Paid Fearfully","damage_taken":0,"max_hp_gain":0,"max_hp_loss":0,"event_name":"Masked Bandits","floor":21,"gold_loss":237},{"damage_healed":0,"gold_gain":0,"player_choice":"Opened","damage_taken":0,"relics_obtained":["Dream Catcher"],"max_hp_gain":0,"max_hp_loss":0,"event_name":"The Mausoleum","floor":31,"gold_loss":0,"cards_obtained":["Writhe"]}],"is_beta":true,"boss_relics":[{"not_picked":["Calling Bell","Sozu"],"picked":"Astrolabe"}],"items_purged_floors":[],"is_endless":false,"potions_floor_spawned":[3,7,8,14,18],"killed_by":"Automaton","ascension_level":20}