{"gold_per_floor":[119,294,294,27,27,68,68,109,162,198,473,543,543],"floor_reached":13,"playtime":215,"items_purged":["Doubt"],"score":221,"play_id":"c6e75e42-8dd0-42ac-bbe4-d8547d24c3e9","local_time":"20181217171741","is_ascension_mode":true,"campfire_choices":[{"data":"Ball Lightning","floor":7,"key":"SMITH"}],"neow_cost":"NONE","seed_source_timestamp":267671912844166,"circlet_count":0,"master_deck":["AscendersBane","Strike_B","Strike_B","Strike_B","Strike_B","Defend_B","Defend_B","Defend_B","Defend_B","Zap","Dualcast","Cold Snap","Ball Lightning+1","Hologram","Compile Driver","Regret","Consume"],"relics":["Cracked Core","NeowsBlessing","Incense Burner","Membership Card","Golden Idol","Mercury Hourglass","Juzu Bracelet","Orichalcum","The Courier","Frozen Egg 2"],"potions_floor_usage":[],"damage_taken":[{"damage":0,"enemies":"Cultist","floor":1,"turns":1},{"damage":0,"enemies":"3 Sentries","floor":6,"turns":1},{"damage":0,"enemies":"Gremlin Nob","floor":8,"turns":1},{"damage":15,"enemies":"3 Sentries","floor":10,"turns":5},{"damage":22,"enemies":"Gremlin Nob","floor":12,"turns":4},{"damage":20,"enemies":"The Mushroom Lair","floor":13,"turns":2}],"seed_played":"525547825473222577","potions_obtained":[{"floor":1,"key":"GamblersBrew"},{"floor":6,"key":"FocusPotion"},{"floor":10,"key":"Explosive Potion"}],"is_trial":false,"path_per_floor":["M","?","T","$","?","E","R","E","T","E","?","?","?"],"character_chosen":"DEFECT","items_purchased":["Membership Card"],"campfire_rested":0,"item_purchase_floors":[4],"current_hp_per_floor":[68,68,68,68,50,50,50,50,50,35,35,13,0],"gold":543,"neow_bonus":"THREE_ENEMY_KILL","is_prod":false,"is_daily":false,"chose_seed":false,"campfire_upgraded":1,"win_rate":0,"timestamp":1545085061,"path_taken":["M","?","?","?","?","E","R","E","T","E","?","?","?"],"build_version":"2018-12-13","purchased_purges":1,"victory":false,"max_hp_per_floor":[75,75,75,75,75,75,75,75,75,75,75,75,75],"card_choices":[{"not_picked":["Skim","Hologram"],"picked":"Cold Snap","floor":1},{"not_picked":["Streamline","Conserve Battery"],"picked":"Ball Lightning","floor":6},{"not_picked":["Tempest","Melter"],"picked":"Hologram","floor":8},{"not_picked":["Rip and Tear","Sweeping Beam"],"picked":"Compile Driver","floor":10},{"not_picked":["Static Discharge","Steam"],"picked":"Consume","floor":12}],"player_experience":362149,"relics_obtained":[{"floor":3,"key":"Incense Burner"},{"floor":6,"key":"Mercury Hourglass"},{"floor":8,"key":"Juzu Bracelet"},{"floor":9,"key":"Orichalcum"},{"floor":10,"key":"The Courier"},{"floor":12,"key":"Frozen Egg 2"}],"event_choices":[{"damage_healed":0,"gold_gain":175,"player_choice":"AGREE","damage_taken":0,"max_hp_gain":0,"max_hp_loss":0,"event_name":"Liars Game","floor":2,"gold_loss":0,"cards_obtained":["Doubt"]},{"damage_healed":0,"gold_gain":0,"player_choice":"Take Damage","damage_taken":18,"relics_obtained":["Golden Idol"],"max_hp_gain":0,"max_hp_loss":0,"event_name":"Golden Idol","floor":5,"gold_loss":0},{"damage_healed":0,"gold_gain":275,"player_choice":"Desecrate","damage_taken":0,"max_hp_gain":0,"max_hp_loss":0,"event_name":"Golden Shrine","floor":11,"gold_loss":0,"cards_obtained":["Regret"]},{"damage_healed":0,"gold_gain":0,"player_choice":"Searched \u00272\u0027 times","damage_taken":0,"max_hp_gain":0,"max_hp_loss":0,"event_name":"Dead Adventurer","floor":12,"gold_loss":0},{"damage_healed":0,"gold_gain":0,"player_choice":"Fought Mushrooms","damage_taken":0,"max_hp_gain":0,"max_hp_loss":0,"event_name":"Mushrooms","floor":13,"gold_loss":0}],"is_beta":false,"boss_relics":[],"items_purged_floors":[4],"is_endless":false,"potions_floor_spawned":[1,6,10],"killed_by":"The Mushroom Lair","ascension_level":10}