{"gold_per_floor":[110,185,360,360,360,360,392,392,392,280,305,305,305,323,323,394,394,406,190,190,204,224,254,308,308,308,308,308,308,308,321,321,396,396,416,416,416,429,529,529,529,557,583,583,33,33,52,71,71,71],"floor_reached":51,"playtime":2672,"items_purged":["Defend_B","Redo"],"score":1164,"play_id":"d0e80967-7a2a-4650-9775-53ac866fadcf","local_time":"20190209204445","is_ascension_mode":true,"campfire_choices":[{"data":"Fission","floor":6,"key":"SMITH"},{"floor":8,"key":"REST"},{"data":"Zap","floor":12,"key":"SMITH"},{"floor":15,"key":"REST"},{"data":"Defragment","floor":25,"key":"SMITH"},{"data":"Machine Learning","floor":28,"key":"SMITH"},{"floor":30,"key":"REST"},{"data":"Stack","floor":32,"key":"SMITH"},{"data":"Seek","floor":41,"key":"SMITH"},{"data":"Magnetism","floor":46,"key":"SMITH"},{"data":"Double Energy","floor":49,"key":"SMITH"}],"neow_cost":"NONE","seed_source_timestamp":1040736836570642,"circlet_count":0,"master_deck":["AscendersBane","Strike_B+1","Strike_B+1","Strike_B+1","Defend_B+1","Defend_B+1","Zap+1","Dualcast","Fission+1","Conserve Battery","Conserve Battery","Chill","Machine Learning+1","Stack+1","Defragment+1","Double Energy+1","Force Field+1","Ghostly","Ghostly","Ghostly","Ghostly","Ghostly","Decay","Seek+1","Lockon","Compile Driver","Leap","Cold Snap","Fusion","Rip and Tear+1","Magnetism+1","Hologram+1","Streamline+1","Glacier"],"relics":["Cracked Core","Happy Flower","Dead Branch","Juzu Bracelet","Busted Crown","Centennial Puzzle","WingedGreaves","Potion Belt","Ice Cream","Orrery","Symbiotic Virus","Ancient Tea Set","Oddly Smooth Stone","Bottled Tornado"],"potions_floor_usage":[16,22,23,50,50,50],"damage_taken":[{"damage":4,"enemies":"Jaw Worm","floor":1,"turns":3},{"damage":54,"enemies":"Lagavulin","floor":7,"turns":11},{"damage":3,"enemies":"3 Sentries","floor":11,"turns":6},{"damage":0,"enemies":"2 Louse","floor":14,"turns":2},{"damage":29,"enemies":"Slime Boss","floor":16,"turns":5},{"damage":20,"enemies":"3 Byrds","floor":18,"turns":4},{"damage":3,"enemies":"Shell Parasite","floor":21,"turns":5},{"damage":12,"enemies":"Centurion and Healer","floor":22,"turns":6},{"damage":8,"enemies":"Book of Stabbing","floor":23,"turns":6},{"damage":8,"enemies":"Shelled Parasite and Fungi","floor":31,"turns":6},{"damage":4,"enemies":"Automaton","floor":33,"turns":12},{"damage":0,"enemies":"3 Darklings","floor":35,"turns":6},{"damage":4,"enemies":"Orb Walker","floor":38,"turns":3},{"damage":16,"enemies":"Giant Head","floor":42,"turns":9},{"damage":0,"enemies":"Spire Growth","floor":47,"turns":5},{"damage":0,"enemies":"Sphere and 2 Shapes","floor":48,"turns":4},{"damage":34,"enemies":"Donu and Deca","floor":50,"turns":10}],"seed_played":"7159730391388476562","potions_obtained":[{"floor":7,"key":"FocusPotion"},{"floor":11,"key":"PowerPotion"},{"floor":18,"key":"AttackPotion"},{"floor":31,"key":"Fire Potion"},{"floor":35,"key":"Ancient Potion"},{"floor":42,"key":"AttackPotion"}],"is_trial":false,"path_per_floor":["M","?","?","?","?","R","E","R","T","$","E","R","?","M","R","B",null,"M","$","?","M","M","E","T","R","T","?","R","?","R","M","R","B",null,"M","?","?","M","?","?","R","E","T","?","$","R","M","M","R","B",null],"character_chosen":"DEFECT","items_purchased":["Chill","Centennial Puzzle","Defragment","Oddly Smooth Stone","Bottled Tornado","Energy Potion"],"campfire_rested":3,"item_purchase_floors":[10,19,19,45,45,45],"current_hp_per_floor":[64,53,53,58,58,58,4,28,28,28,25,25,25,25,49,20,65,45,45,45,42,30,22,22,22,22,22,22,22,34,26,26,22,36,36,36,36,32,32,32,32,16,16,35,35,35,35,35,35,1],"gold":71,"neow_bonus":"TRANSFORM_CARD","is_prod":false,"is_daily":false,"chose_seed":false,"campfire_upgraded":8,"win_rate":0,"timestamp":1549766685,"path_taken":["M","?","?","?","?","R","E","R","T","$","E","R","?","M","R","BOSS","M","?","?","M","M","E","?","R","T","?","R","?","R","M","R","BOSS","M","?","?","M","?","?","R","E","T","?","$","R","M","M","R","BOSS"],"build_version":"2019-01-23","purchased_purges":2,"victory":true,"max_hp_per_floor":[75,75,75,80,80,80,80,80,80,80,80,80,80,80,80,80,80,80,80,80,80,80,80,80,80,80,40,40,40,40,40,40,40,40,40,40,40,40,40,40,40,40,40,35,35,35,35,35,35,35],"card_choices":[{"not_picked":["Stack","Reprogram"],"picked":"Conserve Battery","floor":1},{"not_picked":["Amplify","Gash"],"picked":"Conserve Battery","floor":7},{"not_picked":["Amplify","Steam Power"],"picked":"Redo","floor":11},{"not_picked":["Loop","Hologram"],"picked":"Cold Snap","floor":14},{"not_picked":["Amplify","Thunder Strike"],"picked":"Machine Learning","floor":16},{"not_picked":[],"picked":"Stack","floor":18},{"not_picked":[],"picked":"Double Energy","floor":21},{"not_picked":["Beam Cell"],"picked":"SKIP","floor":22},{"not_picked":[],"picked":"Force Field+1","floor":23},{"not_picked":["Sweeping Beam"],"picked":"SKIP","floor":31},{"not_picked":[],"picked":"Seek","floor":33},{"not_picked":[],"picked":"Lockon","floor":34},{"not_picked":[],"picked":"Compile Driver","floor":34},{"not_picked":[],"picked":"Leap","floor":34},{"not_picked":[],"picked":"Cold Snap","floor":34},{"not_picked":[],"picked":"Fusion","floor":34},{"not_picked":["Streamline"],"picked":"SKIP","floor":35},{"not_picked":[],"picked":"Rip and Tear+1","floor":38},{"not_picked":[],"picked":"Magnetism","floor":40},{"not_picked":[],"picked":"Hologram+1","floor":42},{"not_picked":[],"picked":"Streamline+1","floor":47},{"not_picked":[],"picked":"Glacier","floor":48}],"player_experience":539134,"relics_obtained":[{"floor":7,"key":"Happy Flower"},{"floor":9,"key":"Dead Branch"},{"floor":11,"key":"Juzu Bracelet"},{"floor":23,"key":"WingedGreaves"},{"floor":24,"key":"Potion Belt"},{"floor":26,"key":"Ice Cream"},{"floor":42,"key":"Symbiotic Virus"},{"floor":43,"key":"Ancient Tea Set"}],"event_choices":[{"damage_healed":0,"gold_gain":75,"player_choice":"Gather Gold","damage_taken":11,"max_hp_gain":0,"max_hp_loss":0,"event_name":"World of Goop","floor":2,"gold_loss":0},{"damage_healed":0,"gold_gain":175,"player_choice":"AGREE","damage_taken":0,"max_hp_gain":0,"max_hp_loss":0,"event_name":"Liars Game","floor":3,"gold_loss":0,"cards_obtained":["Doubt"]},{"damage_healed":0,"gold_gain":0,"player_choice":"Donut","damage_taken":0,"max_hp_gain":5,"max_hp_loss":0,"event_name":"Big Fish","floor":4,"gold_loss":0},{"cards_removed":["Doubt"],"damage_healed":0,"gold_gain":0,"player_choice":"Forget","damage_taken":0,"max_hp_gain":0,"max_hp_loss":0,"event_name":"Living Wall","floor":5,"gold_loss":0},{"cards_removed":["Defend_B"],"damage_healed":0,"gold_gain":0,"player_choice":"Purged","damage_taken":0,"max_hp_gain":0,"max_hp_loss":0,"event_name":"Purifier","floor":13,"gold_loss":0},{"damage_healed":0,"gold_gain":0,"player_choice":"Simplicity","damage_taken":0,"max_hp_gain":0,"max_hp_loss":0,"event_name":"Back to Basics","floor":20,"gold_loss":0,"cards_upgraded":["Strike_B","Strike_B","Strike_B","Defend_B","Defend_B"]},{"damage_healed":0,"gold_gain":0,"player_choice":"Became a Ghost","damage_taken":0,"max_hp_gain":0,"max_hp_loss":40,"event_name":"Ghosts","floor":27,"gold_loss":0,"cards_obtained":["Ghostly","Ghostly","Ghostly","Ghostly","Ghostly"]},{"damage_healed":0,"gold_gain":0,"player_choice":"Cursed","damage_taken":0,"max_hp_gain":0,"max_hp_loss":0,"event_name":"Wheel of Change","floor":29,"gold_loss":0,"cards_obtained":["Decay"]},{"cards_removed":["Cold Snap"],"damage_healed":0,"gold_gain":0,"player_choice":"Removed Attack","damage_taken":0,"max_hp_gain":0,"max_hp_loss":0,"event_name":"Falling","floor":36,"gold_loss":0},{"damage_healed":0,"gold_gain":0,"player_choice":"Ignored","damage_taken":0,"max_hp_gain":0,"max_hp_loss":0,"event_name":"Tomb of Lord Red Mask","floor":37,"gold_loss":0},{"damage_healed":0,"gold_gain":100,"player_choice":"Pray","damage_taken":0,"max_hp_gain":0,"max_hp_loss":0,"event_name":"Golden Shrine","floor":39,"gold_loss":0},{"damage_healed":0,"gold_gain":0,"player_choice":"Memory 1","damage_taken":0,"max_hp_gain":0,"max_hp_loss":0,"event_name":"SensoryStone","floor":40,"gold_loss":0},{"damage_healed":35,"gold_gain":0,"player_choice":"Heal","damage_taken":0,"max_hp_gain":0,"max_hp_loss":5,"event_name":"The Moai Head","floor":44,"gold_loss":0}],"is_beta":false,"boss_relics":[{"not_picked":["Sozu","FrozenCore"],"picked":"Busted Crown"},{"not_picked":["Runic Dome","Tiny House"],"picked":"Orrery"}],"items_purged_floors":[10,45],"is_endless":false,"potions_floor_spawned":[7,11,18,21,31,35,42,47],"ascension_level":13}