{"gold_per_floor":[113,128,138,64,64,127,127,153,200,234,234,254,254,269,269,374,374,389,408,68,68,68,68,97,97,149,159,159,193,204,129,129,234,234,247,347,117,117,133,145,145,160,214,226,267,295,307,4,4,4],"floor_reached":51,"playtime":6600,"items_purged":[],"score":965,"play_id":"8b8a305d-e966-4b99-b893-2bc7dcdd5c75","local_time":"20190131214922","is_ascension_mode":true,"campfire_choices":[{"data":"A Thousand Cuts","floor":7,"key":"SMITH"},{"data":"Neutralize","floor":11,"key":"SMITH"},{"data":"Well Laid Plans","floor":13,"key":"SMITH"},{"data":"Backflip","floor":15,"key":"SMITH"},{"data":"Footwork","floor":23,"key":"SMITH"},{"floor":25,"key":"REST"},{"data":"Wraith Form v2","floor":32,"key":"SMITH"},{"data":"After Image","floor":41,"key":"SMITH"},{"data":"Malaise","floor":44,"key":"SMITH"},{"data":"Catalyst","floor":47,"key":"SMITH"},{"data":"Footwork","floor":49,"key":"SMITH"}],"neow_cost":"CURSE","seed_source_timestamp":0,"circlet_count":0,"master_deck":["Defend_G+1","Defend_G+1","Defend_G+1","Defend_G+1","Defend_G+1","Strike_G+1","Strike_G+1","Survivor+1","Neutralize+1","Deadly Poison","Bane","Leg Sweep","Well Laid Plans+1","Backflip+1","A Thousand Cuts+1","Noxious Fumes","Quick Slash","Tactician","Corpse Explosion","Malaise+1","Catalyst+1","Well Laid Plans","Cloak And Dagger","PiercingWail","Noxious Fumes+1","Dagger Spray","Footwork+1","Wraith Form v2+1","Deflect","Calculated Gamble+1","Deflect+1","After Image+1","Dodge and Roll","Terror+1","Skewer","Concentrate+1","Noxious Fumes+1","Cloak And Dagger","Footwork+1"],"special_seed":0,"relics":["Ring of the Snake","Bird Faced Urn","Tiny Chest","Juzu Bracelet","Vajra","Ornamental Fan","Orrery","Calipers","Enchiridion","Matryoshka","Pen Nib","Oddly Smooth Stone","Red Mask","Coffee Dripper","Turnip","Chemical X","Smiling Mask","MawBank","War Paint","Paper Crane"],"potions_floor_usage":[12,12,16,19,24,27,33,40,42,42,45,50],"damage_taken":[{"damage":0.0,"enemies":"Small Slimes","floor":1.0,"turns":4.0},{"damage":0.0,"enemies":"Cultist","floor":2.0,"turns":5.0},{"damage":4.0,"enemies":"Jaw Worm","floor":3.0,"turns":4.0},{"damage":7.0,"enemies":"Lagavulin","floor":6.0,"turns":10.0},{"damage":18,"enemies":"3 Sentries","floor":10,"turns":8},{"damage":1,"enemies":"Gremlin Gang","floor":12,"turns":4},{"damage":0,"enemies":"Blue Slaver","floor":14,"turns":4},{"damage":3,"enemies":"The Guardian","floor":16,"turns":9},{"damage":1,"enemies":"Shell Parasite","floor":18,"turns":8},{"damage":7,"enemies":"2 Thieves","floor":19,"turns":4},{"damage":43,"enemies":"Book of Stabbing","floor":24,"turns":9},{"damage":15,"enemies":"Centurion and Healer","floor":27,"turns":7},{"damage":10,"enemies":"Masked Bandits","floor":29,"turns":5},{"damage":3,"enemies":"Shelled Parasite and Fungi","floor":30,"turns":7},{"damage":5,"enemies":"Automaton","floor":33,"turns":10},{"damage":4,"enemies":"3 Shapes","floor":35,"turns":4},{"damage":8,"enemies":"Mind Bloom Boss Battle","floor":36,"turns":8},{"damage":10,"enemies":"Orb Walker","floor":39,"turns":4},{"damage":10,"enemies":"3 Darklings","floor":40,"turns":4},{"damage":9,"enemies":"Transient","floor":42,"turns":5},{"damage":0,"enemies":"Reptomancer","floor":45,"turns":7},{"damage":0,"enemies":"Jaw Worm Horde","floor":46,"turns":2},{"damage":9,"enemies":"Donu and Deca","floor":50,"turns":10}],"seed_played":"4883912246709117035","potions_obtained":[{"floor":3.0,"key":"AttackPotion"},{"floor":10,"key":"PowerPotion"},{"floor":12,"key":"Poison Potion"},{"floor":14,"key":"GhostInAJar"},{"floor":18,"key":"Block Potion"},{"floor":19,"key":"PowerPotion"},{"floor":24,"key":"PowerPotion"},{"floor":29,"key":"Weak Potion"},{"floor":36,"key":"PowerPotion"},{"floor":39,"key":"Swift Potion"},{"floor":40,"key":"Weak Potion"},{"floor":45,"key":"Ancient Potion"}],"is_trial":false,"path_per_floor":["M","M","M","$","?","E","R","T","T","E","R","M","R","M","R","B",null,"M","M","$","?","?","R","E","R","T","M","?","?","M","?","R","B",null,"M","?","$","?","M","M","R","M","T","R","E","M","R","$","R","B",null],"character_chosen":"THE_SILENT","items_purchased":["Well Laid Plans","Footwork","Calipers","Skewer","Chemical X","Footwork","Paper Crane"],"campfire_rested":1,"item_purchase_floors":[4,20,20,37,37,48,48],"current_hp_per_floor":[63,63,59,59,59,54,54,54,54,40,40,47,47,51,51,54,66,69,65,65,65,49,49,20,41,41,40,40,44,53,53,53,64,69,68,70,70,70,60,62,62,67,67,67,70,70,70,70,70,68],"gold":4,"neow_bonus":"ONE_RARE_RELIC","is_prod":false,"is_daily":false,"chose_seed":false,"campfire_upgraded":10,"win_rate":0,"timestamp":1549000162,"path_taken":["M","M","M","$","?","E","R","?","T","E","R","M","R","M","R","BOSS","M","M","$","?","?","R","E","R","T","M","?","?","M","?","R","BOSS","M","?","$","?","M","M","R","M","T","R","E","M","R","$","R","BOSS"],"build_version":"2019-01-23","purchased_purges":0,"victory":true,"max_hp_per_floor":[70,70,70,70,70,70,70,70,70,70,70,70,70,70,70,70,70,70,70,70,70,70,70,70,70,70,70,70,70,70,70,70,70,70,70,70,70,70,70,70,70,70,70,70,70,70,70,70,70,70],"card_choices":[{"not_picked":["Outmaneuver","Crippling Poison"],"picked":"Deadly Poison","floor":1.0},{"not_picked":["Predator","Backflip"],"picked":"Bane","floor":2.0},{"not_picked":["Dagger Spray","Prepared"],"picked":"Leg Sweep","floor":3.0},{"not_picked":["Deadly Poison","Blade Dance"],"picked":"A Thousand Cuts","floor":6},{"not_picked":["Crippling Poison","Backflip"],"picked":"Noxious Fumes","floor":10},{"not_picked":["Blade Dance","Bane"],"picked":"Quick Slash","floor":12},{"not_picked":["Quick Slash","Slice"],"picked":"Tactician","floor":14},{"not_picked":["Die Die Die","Night Terror"],"picked":"Corpse Explosion","floor":16},{"not_picked":["Outmaneuver","Sucker Punch"],"picked":"Malaise","floor":17},{"not_picked":["Poisoned Stab","Dagger Spray"],"picked":"Catalyst","floor":17},{"not_picked":["Dagger Throw","Outmaneuver"],"picked":"Well Laid Plans","floor":17},{"not_picked":["Terror","Bane"],"picked":"Cloak And Dagger","floor":17},{"not_picked":["Cloak And Dagger","Reflex"],"picked":"PiercingWail","floor":17},{"not_picked":["Slice","Poisoned Stab"],"picked":"Noxious Fumes+1","floor":18},{"not_picked":["Cloak And Dagger","Deadly Poison"],"picked":"Dagger Spray","floor":19},{"not_picked":["Quick Slash+1","Backflip"],"picked":"Wraith Form v2","floor":24},{"not_picked":["Riddle With Holes","Noxious Fumes"],"picked":"Deflect","floor":27},{"not_picked":["Flying Knee","Backflip"],"picked":"Calculated Gamble+1","floor":29},{"not_picked":["Reflex","Dagger Spray"],"picked":"Deflect+1","floor":30},{"not_picked":["Wraith Form v2","Malaise"],"picked":"After Image","floor":33},{"not_picked":["Bane","Blur"],"picked":"Dodge and Roll","floor":35},{"not_picked":["Deadly Poison","Backflip+1"],"picked":"Terror+1","floor":36},{"not_picked":["Flying Knee+1","Setup+1"],"picked":"Noxious Fumes+1","floor":39},{"not_picked":["Dagger Throw+1","Catalyst","Underhanded Strike"],"picked":"SKIP","floor":40},{"not_picked":["Dagger Spray","Predator","Quick Slash+1"],"picked":"SKIP","floor":42},{"not_picked":["Catalyst","Bane","Outmaneuver"],"picked":"SKIP","floor":45},{"not_picked":["Distraction","Poisoned Stab"],"picked":"Cloak And Dagger","floor":46}],"player_experience":432651,"relics_obtained":[{"floor":6,"key":"Tiny Chest"},{"floor":8,"key":"Juzu Bracelet"},{"floor":9,"key":"Vajra"},{"floor":10,"key":"Ornamental Fan"},{"floor":22,"key":"Enchiridion"},{"floor":24,"key":"Matryoshka"},{"floor":26,"key":"Pen Nib"},{"floor":26,"key":"Oddly Smooth Stone"},{"floor":29,"key":"Red Mask"},{"floor":36,"key":"Turnip"},{"floor":43,"key":"Smiling Mask"},{"floor":43,"key":"MawBank"},{"floor":45,"key":"War Paint"}],"event_choices":[{"damage_healed":0.0,"max_hp_gain":0.0,"max_hp_loss":0.0,"gold_gain":0.0,"cards_transformed":["Strike_G"],"event_name":"Transmorgrifier","player_choice":"Transformed","floor":5.0,"gold_loss":0.0,"damage_taken":0.0,"cards_obtained":["Backflip"]},{"cards_removed":["Injury"],"damage_healed":0,"gold_gain":0,"player_choice":"Removed Curses","damage_taken":0,"max_hp_gain":0,"max_hp_loss":0,"event_name":"Fountain of Cleansing","floor":21,"gold_loss":0},{"damage_healed":0,"gold_gain":0,"player_choice":"Obtained Book","damage_taken":16,"max_hp_gain":0,"max_hp_loss":0,"event_name":"Cursed Tome","floor":22,"gold_loss":0},{"damage_healed":0,"gold_gain":0,"player_choice":"Simplicity","damage_taken":0,"max_hp_gain":0,"max_hp_loss":0,"event_name":"Back to Basics","floor":28,"gold_loss":0,"cards_upgraded":["Defend_G","Defend_G","Defend_G","Defend_G","Defend_G","Strike_G","Strike_G","Strike_G","Strike_G"]},{"damage_healed":0,"gold_gain":0,"player_choice":"Fought Bandits","damage_taken":0,"max_hp_gain":0,"max_hp_loss":0,"event_name":"Masked Bandits","floor":29,"gold_loss":0},{"cards_removed":["Strike_G"],"damage_healed":0,"gold_gain":0,"player_choice":"Gave Gold","damage_taken":0,"max_hp_gain":0,"max_hp_loss":0,"event_name":"Beggar","floor":31,"gold_loss":75},{"damage_healed":0,"gold_gain":0,"player_choice":"Fight","damage_taken":0,"max_hp_gain":0,"max_hp_loss":0,"event_name":"MindBloom","floor":36,"gold_loss":0},{"damage_healed":0,"gold_gain":0,"cards_transformed":["Strike_G"],"player_choice":"Transformed","damage_taken":0,"max_hp_gain":0,"max_hp_loss":0,"event_name":"Transmorgrifier","floor":38,"gold_loss":0,"cards_obtained":["Concentrate"]}],"is_beta":false,"boss_relics":[{"not_picked":["Ring of the Serpent","Runic Dome"],"picked":"Orrery"},{"not_picked":["Lizard Tail","Astrolabe"],"picked":"Coffee Dripper"}],"items_purged_floors":[],"is_endless":false,"potions_floor_spawned":[3,10,12,14,18,19,24,29,36,39,40,45],"ascension_level":7}