{"gold_per_floor":[114,114,129,79,94,124,139,139,214,184,199,199,229,244,244,344,344,359,374,389,314,314,314,329,359,359,359,374,54,69,84,84,184,184,199,214,72,72,87,117,132,132,132,132],"floor_reached":44,"playtime":2655,"items_purged":[],"score":574,"play_id":"d2d475b3-a7e1-48fc-8510-7435d6af6713","local_time":"20181117154440","daily_mods":["Heirloom","Hoarder","Night Terrors"],"is_ascension_mode":false,"campfire_choices":[{"floor":8.0,"key":"REST"},{"data":"Corruption","floor":12.0,"key":"SMITH"},{"data":"Spot Weakness","floor":15.0,"key":"SMITH"},{"floor":23.0,"key":"REST"},{"data":"Flex","floor":32.0,"key":"SMITH"}],"neow_cost":"","seed_source_timestamp":0,"circlet_count":0,"master_deck":["Strike_R","Strike_R","Strike_R","Strike_R","Strike_R","Defend_R","Defend_R","Defend_R","Bash","Clothesline","Clothesline","Clothesline","Anger","Anger","Anger","Bash","Bash","Juggernaut","Juggernaut","Juggernaut","Spot Weakness","Spot Weakness","Spot Weakness+1","Corruption+1","Infernal Blade","Infernal Blade","Infernal Blade","Immolate","Immolate","Immolate","Shrug It Off","Shrug It Off","Shrug It Off","Havoc","Havoc","Havoc","Perfected Strike","Perfected Strike","Perfected Strike","Reaper","Reaper","Reaper","Brutality","Brutality","Brutality","Flex+1","Flex","Flex","Intimidate+1","Intimidate+1","Intimidate+1","Fiend Fire","Fiend Fire","Fiend Fire","Inflame","Inflame","Inflame","Feel No Pain","Feel No Pain","Feel No Pain","Metallicize","Metallicize","Metallicize","Feel No Pain","Feel No Pain","Feel No Pain","Dark Embrace","Dark Embrace","Dark Embrace","Uppercut","Uppercut","Uppercut","Flex","Flex","Flex","Second Wind+1","Second Wind+1","Second Wind+1","Doubt","Doubt","Doubt"],"special_seed":17852,"relics":["Burning Blood","Ice Cream","Mercury Hourglass","The Courier","Calipers","Busted Crown","Pen Nib","Lantern","Bag of Preparation","Sundial","Mark of Pain","Charon\u0027s Ashes","Toxic Egg 2"],"potions_floor_usage":[40],"damage_taken":[{"damage":0.0,"enemies":"2 Louse","floor":1.0,"turns":3.0},{"damage":6.0,"enemies":"Cultist","floor":3.0,"turns":3.0},{"damage":11.0,"enemies":"Jaw Worm","floor":5.0,"turns":2.0},{"damage":48.0,"enemies":"3 Sentries","floor":6.0,"turns":8.0},{"damage":14.0,"enemies":"3 Louse","floor":7.0,"turns":3.0},{"damage":2.0,"enemies":"Red Slaver","floor":11.0,"turns":3.0},{"damage":16.0,"enemies":"Gremlin Nob","floor":13.0,"turns":3.0},{"damage":13.0,"enemies":"Looter","floor":14.0,"turns":2.0},{"damage":23.0,"enemies":"The Guardian","floor":16.0,"turns":6.0},{"damage":17.0,"enemies":"2 Thieves","floor":18.0,"turns":3.0},{"damage":5.0,"enemies":"Chosen","floor":19.0,"turns":3.0},{"damage":11.0,"enemies":"Snecko","floor":20.0,"turns":3.0},{"damage":18.0,"enemies":"Snake Plant","floor":24.0,"turns":3.0},{"damage":38.0,"enemies":"Slavers","floor":25.0,"turns":3.0},{"damage":11.0,"enemies":"Chosen and Byrds","floor":28.0,"turns":3.0},{"damage":3.0,"enemies":"Cultist and Chosen","floor":30.0,"turns":3.0},{"damage":15.0,"enemies":"Snake Plant","floor":31.0,"turns":3.0},{"damage":65.0,"enemies":"Collector","floor":33.0,"turns":7.0},{"damage":1.0,"enemies":"3 Shapes","floor":35.0,"turns":1.0},{"damage":7.0,"enemies":"Orb Walker","floor":36.0,"turns":2.0},{"damage":11.0,"enemies":"Writhing Mass","floor":39.0,"turns":5.0},{"damage":31,"enemies":"Reptomancer","floor":40,"turns":5},{"damage":24,"enemies":"Jaw Worm Horde","floor":41,"turns":4},{"damage":94,"enemies":"Giant Head","floor":44,"turns":7}],"seed_played":"-3427943864636333063","potions_obtained":[{"floor":3.0,"key":"Weak Potion"},{"floor":10.0,"key":"Dexterity Potion"},{"floor":10.0,"key":"EntropicBrew"},{"floor":11.0,"key":"Explosive Potion"},{"floor":16.0,"key":"Strength Potion"},{"floor":18.0,"key":"LiquidBronze"},{"floor":28.0,"key":"EntropicBrew"},{"floor":30.0,"key":"Poison Potion"},{"floor":33.0,"key":"Swift Potion"},{"floor":35.0,"key":"AttackPotion"},{"floor":36.0,"key":"Energy Potion"}],"is_trial":false,"path_per_floor":["M","?","M","?","M","E","M","R","T","?","M","R","E","M","R","B",null,"M","M","M","?","?","R","M","E","T","?","M","$","M","M","R","B",null,"M","M","$","?","M","E","M","?","T","E"],"character_chosen":"IRONCLAD","items_purchased":["Bag of Preparation","Sundial","Feel No Pain","Metallicize","Feel No Pain"],"campfire_rested":2,"item_purchase_floors":[29,29,37,37,37],"current_hp_per_floor":[80,80,80,80,75,33,25,75,75,75,75,75,65,58,58,41,75,64,65,60,60,46,75,63,69,69,69,75,75,75,66,66,18,75,75,74,74,74,69,44,36,75,75,0],"gold":132,"neow_bonus":"","is_prod":false,"is_daily":true,"chose_seed":false,"campfire_upgraded":3,"win_rate":0,"timestamp":1542487480,"path_taken":["M","?","?","?","M","E","M","R","T","?","M","R","E","?","R","BOSS","M","M","M","?","?","R","M","E","T","?","M","$","?","M","R","BOSS","M","M","$","?","?","E","M","?","T","E"],"build_version":"2018-11-15","purchased_purges":0,"victory":false,"max_hp_per_floor":[80,80,80,80,80,80,80,75,75,75,75,75,75,75,75,75,75,75,75,75,75,80,75,75,75,75,75,75,75,75,75,75,75,75,75,75,75,75,75,75,75,75,75,75],"card_choices":[{"not_picked":["Body Slam","Flex"],"picked":"Clothesline","floor":1.0},{"not_picked":["Clash","Body Slam","Thunderclap"],"picked":"SKIP","floor":3.0},{"not_picked":["Heavy Blade","Sword Boomerang"],"picked":"Juggernaut","floor":5.0},{"not_picked":["Cleave","Sentinel"],"picked":"Spot Weakness","floor":6.0},{"not_picked":["Iron Wave","Heavy Blade"],"picked":"Corruption","floor":7.0},{"not_picked":["Warcry","Pummel"],"picked":"Infernal Blade","floor":11.0},{"not_picked":["Infernal Blade","Headbutt"],"picked":"Immolate","floor":13.0},{"not_picked":["Iron Wave","Fiend Fire"],"picked":"Shrug It Off","floor":14.0},{"not_picked":[],"picked":"Havoc","floor":18.0},{"not_picked":["Anger"],"picked":"SKIP","floor":19.0},{"not_picked":[],"picked":"Perfected Strike","floor":20.0},{"not_picked":[],"picked":"Reaper","floor":24.0},{"not_picked":["Twin Strike"],"picked":"SKIP","floor":25.0},{"not_picked":[],"picked":"Intimidate+1","floor":28.0},{"not_picked":["Thunderclap"],"picked":"SKIP","floor":30.0},{"not_picked":["Headbutt"],"picked":"SKIP","floor":31.0},{"not_picked":[],"picked":"Fiend Fire","floor":33.0},{"not_picked":["Blood for Blood+1"],"picked":"SKIP","floor":35.0},{"not_picked":[],"picked":"Inflame","floor":36.0},{"not_picked":["Clothesline+1"],"picked":"SKIP","floor":39.0},{"not_picked":[],"picked":"Flex","floor":40},{"not_picked":[],"picked":"Second Wind+1","floor":41}],"player_experience":525048,"relics_obtained":[{"floor":6.0,"key":"Mercury Hourglass"},{"floor":9.0,"key":"The Courier"},{"floor":13.0,"key":"Calipers"},{"floor":25.0,"key":"Pen Nib"},{"floor":26.0,"key":"Lantern"},{"floor":40,"key":"Charon\u0027s Ashes"},{"floor":43,"key":"Toxic Egg 2"}],"event_choices":[{"damage_healed":0.0,"max_hp_gain":0.0,"max_hp_loss":0.0,"gold_gain":0.0,"event_name":"Match and Keep!","player_choice":"2 cards matched","floor":2.0,"gold_loss":0.0,"damage_taken":0.0,"cards_obtained":["Anger","Bash"]},{"cards_removed":["Bash"],"damage_healed":0.0,"max_hp_gain":0.0,"max_hp_loss":0.0,"gold_gain":0.0,"event_name":"The Cleric","player_choice":"Card Removal","floor":4.0,"gold_loss":50.0,"damage_taken":0.0},{"damage_healed":0.0,"max_hp_gain":0.0,"max_hp_loss":0.0,"gold_gain":0.0,"event_name":"The Woman in Blue","player_choice":"Bought 2 Potions","floor":10.0,"gold_loss":0.0,"damage_taken":0.0},{"cards_removed":["Corruption"],"damage_healed":0.0,"max_hp_gain":0.0,"max_hp_loss":0.0,"gold_gain":0.0,"event_name":"Beggar","player_choice":"Gave Gold","floor":21.0,"gold_loss":75.0,"damage_taken":0.0},{"damage_healed":0.0,"max_hp_gain":5.0,"max_hp_loss":0.0,"gold_gain":0.0,"event_name":"Forgotten Altar","player_choice":"Shed Blood","floor":22.0,"gold_loss":0.0,"damage_taken":19.0},{"damage_healed":0.0,"max_hp_gain":0.0,"max_hp_loss":0.0,"gold_gain":0.0,"cards_transformed":["Corruption","Defend_R"],"event_name":"Drug Dealer","player_choice":"Became Test Subject","floor":27.0,"gold_loss":0.0,"damage_taken":0.0,"cards_obtained":["Brutality","Flex"]},{"damage_healed":0.0,"max_hp_gain":0.0,"max_hp_loss":0.0,"gold_gain":0.0,"event_name":"Match and Keep!","player_choice":"2 cards matched","floor":38.0,"gold_loss":0.0,"damage_taken":0.0,"cards_obtained":["Dark Embrace","Uppercut"]},{"damage_healed":39,"gold_gain":0,"player_choice":"Heal","damage_taken":0,"max_hp_gain":0,"max_hp_loss":0,"event_name":"MindBloom","floor":42,"gold_loss":0,"cards_obtained":["Doubt"]}],"is_beta":false,"boss_relics":[{"not_picked":["Lizard Tail","Calling Bell"],"picked":"Busted Crown"},{"not_picked":["Runic Cube","Coffee Dripper"],"picked":"Mark of Pain"}],"items_purged_floors":[],"is_endless":false,"potions_floor_spawned":[3,11,16,18,28,30,33,35,36],"killed_by":"Giant Head","ascension_level":0}