{"gold_per_floor":[112,130,10,28,48,78,92,111,111,111,61,61,74,87,87,185,185,201,9,20,20,20,20,34,34,88,106,123,223,140,140,140,235,235,254,254,254,268,278,305,305,323,347,46,65,65,165,179,179,179],"floor_reached":51,"playtime":2847,"items_purged":[],"score":733,"play_id":"65676a43-fdcd-48d4-afc4-5da2f9bc56fd","local_time":"20190205153959","is_ascension_mode":false,"campfire_choices":[{"data":"Bash","floor":10,"key":"SMITH"},{"floor":12,"key":"REST"},{"data":"Infernal Blade","floor":15,"key":"SMITH"},{"floor":23,"key":"REST"},{"data":"Uppercut","floor":25,"key":"SMITH"},{"data":"Rampage","floor":32,"key":"SMITH"},{"floor":41,"key":"REST"},{"floor":46,"key":"REST"},{"floor":49,"key":"REST"}],"neow_cost":"NONE","seed_source_timestamp":457035026411914,"circlet_count":0,"master_deck":["Strike_R","Strike_R","Strike_R","Strike_R","Strike_R","Defend_R","Defend_R","Defend_R","Defend_R","Bash+1","Metallicize","Infernal Blade+1","Rampage+1","Immolate","Burning Pact+1","Battle Trance+1","Armaments+1","Shockwave+1","Feed+1","Shrug It Off+1","Uppercut+1","Flame Barrier+1","Sucker Punch","Flame Barrier+1","Dagger Throw+1","Shrug It Off+1","Writhe","Thinking Ahead+1","Spot Weakness+1","Mind Blast","Flame Barrier+1","Outmaneuver+1","Hyperbeam","Dagger Throw","Inflame","Shrug It Off+1","Deflect+1"],"relics":["Burning Blood","Toxic Egg 2","Mercury Hourglass","Snecko Eye","PrismaticShard","Bag of Marbles","Bird Faced Urn","The Courier","Mummified Hand","Fusion Hammer","Pantograph","Omamori","Bag of Preparation"],"potions_floor_usage":[5,6,16,18,20,29,33,33,40,40,42,50,50,50],"damage_taken":[{"damage":5,"enemies":"Cultist","floor":1,"turns":4},{"damage":2,"enemies":"2 Louse","floor":2,"turns":3},{"damage":7,"enemies":"Small Slimes","floor":4,"turns":4},{"damage":11,"enemies":"Exordium Thugs","floor":5,"turns":4},{"damage":35,"enemies":"Lagavulin","floor":6,"turns":5},{"damage":21,"enemies":"Large Slime","floor":7,"turns":8},{"damage":12,"enemies":"2 Fungi Beasts","floor":8,"turns":2},{"damage":0,"enemies":"Gremlin Gang","floor":13,"turns":1},{"damage":13,"enemies":"Red Slaver","floor":14,"turns":2},{"damage":13,"enemies":"Hexaghost","floor":16,"turns":9},{"damage":24,"enemies":"Chosen","floor":18,"turns":5},{"damage":24,"enemies":"Spheric Guardian","floor":20,"turns":6},{"damage":1,"enemies":"Cultist and Chosen","floor":24,"turns":3},{"damage":0,"enemies":"Shelled Parasite and Fungi","floor":27,"turns":4},{"damage":0,"enemies":"3 Cultists","floor":28,"turns":3},{"damage":0,"enemies":"Colosseum Slavers","floor":29,"turns":1},{"damage":3,"enemies":"Colosseum Nobs","floor":29,"turns":4},{"damage":93,"enemies":"Champ","floor":33,"turns":19},{"damage":5,"enemies":"3 Shapes","floor":35,"turns":4},{"damage":3,"enemies":"Orb Walker","floor":38,"turns":4},{"damage":18,"enemies":"Sphere and 2 Shapes","floor":39,"turns":4},{"damage":62,"enemies":"Giant Head","floor":40,"turns":10},{"damage":9,"enemies":"Transient","floor":42,"turns":5},{"damage":2,"enemies":"3 Darklings","floor":45,"turns":3},{"damage":10,"enemies":"Spire Growth","floor":48,"turns":3},{"damage":76,"enemies":"Donu and Deca","floor":50,"turns":10}],"seed_played":"8455883369611942119","potions_obtained":[{"floor":4,"key":"Explosive Potion"},{"floor":6,"key":"Strength Potion"},{"floor":7,"key":"Swift Potion"},{"floor":8,"key":"FearPotion"},{"floor":20,"key":"SkillPotion"},{"floor":24,"key":"Explosive Potion"},{"floor":28,"key":"Swift Potion"},{"floor":38,"key":"PowerPotion"},{"floor":39,"key":"FearPotion"},{"floor":40,"key":"GamblersBrew"}],"is_trial":false,"path_per_floor":["M","M","$","M","M","E","M","M","T","R","$","R","M","M","R","B",null,"M","$","M","?","$","R","M","R","T","M","M","?","$","?","R","B",null,"M","?","?","M","M","E","R","M","T","$","M","R","?","M","R","B",null],"character_chosen":"IRONCLAD","items_purchased":["Infernal Blade","AttackPotion","PowerPotion","PrismaticShard","Shrug It Off+1","AttackPotion","Inflame","Block Potion","Bag of Preparation","Dexterity Potion","Fire Potion"],"campfire_rested":5,"item_purchase_floors":[3,3,11,19,30,30,44,44,44,44,44],"current_hp_per_floor":[88,88,88,87,82,53,38,32,32,32,32,58,64,57,57,50,88,70,70,52,52,52,78,87,87,87,96,96,96,96,96,96,9,96,100,95,95,99,91,37,67,64,64,64,70,100,100,102,107,43],"gold":179,"neow_bonus":"TEN_PERCENT_HP_BONUS","is_prod":false,"is_daily":false,"chose_seed":false,"campfire_upgraded":4,"win_rate":0,"timestamp":1549399199,"path_taken":["M","M","$","?","M","E","M","?","T","R","?","R","M","?","R","BOSS","M","$","?","?","$","R","M","R","T","M","?","?","$","?","R","BOSS","M","?","?","M","M","E","R","M","T","$","M","R","?","M","R","BOSS"],"build_version":"2019-01-23","purchased_purges":0,"victory":true,"max_hp_per_floor":[88,88,88,88,88,88,88,88,88,88,88,88,88,88,88,88,88,88,88,88,88,88,88,92,92,92,96,96,96,96,96,96,96,96,100,95,95,99,103,103,103,103,103,103,103,103,103,107,107,111],"card_choices":[{"not_picked":["Heavy Blade","Perfected Strike","Second Wind"],"picked":"SKIP","floor":1},{"not_picked":["Warcry","Perfected Strike"],"picked":"Metallicize","floor":2},{"not_picked":["Sword Boomerang","Warcry"],"picked":"Rampage","floor":4},{"not_picked":["Body Slam","Headbutt"],"picked":"Immolate","floor":5},{"not_picked":["Flex","Perfected Strike"],"picked":"Burning Pact","floor":6},{"not_picked":["Infernal Blade+1","Sever Soul"],"picked":"Battle Trance+1","floor":7},{"not_picked":["Anger","Carnage"],"picked":"Armaments+1","floor":8},{"not_picked":["Perfected Strike","Anger","Armaments+1"],"picked":"SKIP","floor":13},{"not_picked":["Corruption","Cleave"],"picked":"Shockwave+1","floor":14},{"not_picked":["Immolate","Exhume+1"],"picked":"Feed","floor":16},{"not_picked":["True Grit+1","Sword Boomerang+1"],"picked":"Shrug It Off+1","floor":18},{"not_picked":["Blood for Blood","Sword Boomerang"],"picked":"Uppercut","floor":20},{"not_picked":["Redo+1","Heatsinks"],"picked":"Flame Barrier+1","floor":24},{"not_picked":["Sentinel+1","Warcry+1"],"picked":"Sucker Punch","floor":27},{"not_picked":["Twin Strike","Crippling Poison+1"],"picked":"Flame Barrier+1","floor":28},{"not_picked":["Coolheaded+1","Slice"],"picked":"Dagger Throw+1","floor":29},{"not_picked":["Doppelganger+1","Electrodynamics"],"picked":"Thinking Ahead+1","floor":33},{"not_picked":["Aggregate+1","Chaos+1"],"picked":"Spot Weakness+1","floor":35},{"not_picked":["Trip+1","Purity+1"],"picked":"Mind Blast","floor":37},{"not_picked":["Anger","Skewer"],"picked":"Flame Barrier+1","floor":38},{"not_picked":["Headbutt","Deep Breath+1"],"picked":"Outmaneuver+1","floor":39},{"not_picked":["Dodge and Roll+1","Reinforced Body+1"],"picked":"Hyperbeam","floor":40},{"not_picked":["Masterful Stab","Slice"],"picked":"Dagger Throw","floor":42},{"not_picked":["Deadly Poison+1","Flex+1"],"picked":"Shrug It Off+1","floor":45},{"not_picked":["Body Slam","Cleave"],"picked":"Deflect+1","floor":48}],"player_experience":165585,"relics_obtained":[{"floor":6,"key":"Toxic Egg 2"},{"floor":9,"key":"Mercury Hourglass"},{"floor":26,"key":"Bag of Marbles"},{"floor":29,"key":"Bird Faced Urn"},{"floor":29,"key":"The Courier"},{"floor":40,"key":"Pantograph"},{"floor":43,"key":"Omamori"}],"event_choices":[{"damage_healed":0,"gold_gain":0,"player_choice":"Upgraded","damage_taken":0,"max_hp_gain":0,"max_hp_loss":0,"event_name":"Upgrade Shrine","floor":21,"gold_loss":0,"cards_upgraded":["Feed"]},{"damage_healed":0,"gold_gain":0,"player_choice":"Fight","damage_taken":0,"max_hp_gain":0,"max_hp_loss":0,"event_name":"Colosseum","floor":29,"gold_loss":0},{"damage_healed":0,"gold_gain":0,"player_choice":"Fought Nobs","damage_taken":0,"max_hp_gain":0,"max_hp_loss":0,"event_name":"Colosseum","floor":29,"gold_loss":0},{"damage_healed":0,"gold_gain":0,"player_choice":"Opened","damage_taken":0,"relics_obtained":["Mummified Hand"],"max_hp_gain":0,"max_hp_loss":0,"event_name":"The Mausoleum","floor":31,"gold_loss":0,"cards_obtained":["Writhe"]},{"damage_healed":0,"gold_gain":0,"player_choice":"Max HP","damage_taken":0,"max_hp_gain":0,"max_hp_loss":5,"event_name":"Winding Halls","floor":36,"gold_loss":0},{"damage_healed":0,"gold_gain":0,"player_choice":"Memory 1","damage_taken":0,"max_hp_gain":0,"max_hp_loss":0,"event_name":"SensoryStone","floor":37,"gold_loss":0},{"damage_healed":0,"gold_gain":100,"player_choice":"Pray","damage_taken":0,"max_hp_gain":0,"max_hp_loss":0,"event_name":"Golden Shrine","floor":47,"gold_loss":0}],"is_beta":false,"boss_relics":[{"not_picked":["Runic Cube","Mark of Pain"],"picked":"Snecko Eye"},{"not_picked":["Velvet Choker","Black Blood"],"picked":"Fusion Hammer"}],"items_purged_floors":[],"is_endless":false,"potions_floor_spawned":[4,6,7,8,20,24,28,29,38,39,40,48],"ascension_level":0}