{"gold_per_floor":[114,64,74,26,26,26,53,27,27,27,54,54,54,89,89,89],"floor_reached":16,"playtime":806,"items_purged":[],"score":156,"play_id":"3733c4e7-dfee-4262-9820-c5de85a4333f","local_time":"20190115105648","is_ascension_mode":true,"campfire_choices":[{"data":"Bash","floor":6,"key":"SMITH"},{"floor":10,"key":"REST"},{"floor":15,"key":"REST"}],"neow_cost":"CURSE","seed_source_timestamp":564950582832040,"circlet_count":0,"master_deck":["Strike_R","Strike_R","Strike_R","Strike_R","Strike_R","Defend_R","Defend_R","Defend_R","Defend_R","Bash+1","Thunderclap+1","Sword Boomerang","Headbutt","Shrug It Off","Shrug It Off","Regret","Clothesline"],"relics":["Burning Blood","Blue Candle","Meat on the Bone","Bronze Scales","Unceasing Top","Magic Flower"],"potions_floor_usage":[7,14,16],"damage_taken":[{"damage":14,"enemies":"Cultist","floor":1,"turns":5},{"damage":16,"enemies":"Jaw Worm","floor":3,"turns":4},{"damage":16,"enemies":"Gremlin Nob","floor":7,"turns":3},{"damage":44,"enemies":"Lagavulin","floor":11,"turns":6},{"damage":40,"enemies":"Gremlin Nob","floor":14,"turns":5},{"damage":68,"enemies":"Slime Boss","floor":16,"turns":8}],"seed_played":"5174219063056745424","potions_obtained":[{"floor":3,"key":"Fire Potion"},{"floor":7,"key":"Swift Potion"},{"floor":14,"key":"SkillPotion"}],"is_trial":false,"path_per_floor":["M","?","M","$","?","R","E","$","T","R","E","$","?","E","R","B"],"character_chosen":"IRONCLAD","items_purchased":["Headbutt","Shrug It Off"],"campfire_rested":2,"item_purchase_floors":[4,8],"current_hp_per_floor":[88,88,78,78,78,78,68,68,68,96,58,58,58,36,64,0],"gold":89,"neow_bonus":"TWENTY_PERCENT_HP_BONUS","is_prod":false,"is_daily":false,"chose_seed":false,"campfire_upgraded":1,"win_rate":0,"timestamp":1547567808,"path_taken":["M","?","M","$","?","R","E","?","T","R","E","$","?","E","R","BOSS"],"build_version":"2019-01-10","purchased_purges":0,"victory":false,"max_hp_per_floor":[96,96,96,96,96,96,96,96,96,96,96,96,96,96,96,96],"card_choices":[{"not_picked":["Havoc","Sentinel"],"picked":"Thunderclap","floor":1},{"not_picked":["Warcry","Thunderclap"],"picked":"Sword Boomerang","floor":3},{"not_picked":["Flex","Hemokinesis"],"picked":"Shrug It Off","floor":7},{"not_picked":["Havoc","Sever Soul","Exhume"],"picked":"SKIP","floor":11},{"not_picked":["Shrug It Off","True Grit"],"picked":"Clothesline","floor":14}],"player_experience":228562,"relics_obtained":[{"floor":7,"key":"Blue Candle"},{"floor":9,"key":"Meat on the Bone"},{"floor":11,"key":"Bronze Scales"},{"floor":14,"key":"Magic Flower"}],"event_choices":[{"cards_removed":["Shame"],"damage_healed":0,"gold_gain":0,"player_choice":"Card Removal","damage_taken":0,"max_hp_gain":0,"max_hp_loss":0,"event_name":"The Cleric","floor":2,"gold_loss":50},{"damage_healed":0,"gold_gain":0,"player_choice":"Grow","damage_taken":0,"max_hp_gain":0,"max_hp_loss":0,"event_name":"Living Wall","floor":5,"gold_loss":0,"cards_upgraded":["Thunderclap"]},{"damage_healed":0,"gold_gain":0,"player_choice":"Box","damage_taken":0,"relics_obtained":["Unceasing Top"],"max_hp_gain":0,"max_hp_loss":0,"event_name":"Big Fish","floor":13,"gold_loss":0,"cards_obtained":["Regret"]}],"is_beta":false,"boss_relics":[],"items_purged_floors":[],"is_endless":false,"potions_floor_spawned":[3,7,14],"killed_by":"Slime Boss","ascension_level":3}