{"gold_per_floor":[109,126,226,238,252,283,299,334,334,334,351,351,351,351,351,450,450,470,450,34,46,46,77,77,108,176,176,196,214,230,242,242,242],"floor_reached":33,"playtime":1917,"items_purged":["Defend_B"],"score":393,"play_id":"faa55ab0-e92e-4e93-bc19-a3549ea7a866","local_time":"20181116191321","is_ascension_mode":true,"campfire_choices":[{"data":"Scrape","floor":10,"key":"SMITH"},{"floor":12,"key":"REST"},{"data":"Scrape","floor":15,"key":"SMITH"},{"data":"Beam Cell","floor":24,"key":"SMITH"},{"data":"Steam Power","floor":27,"key":"SMITH"},{"data":"FTL","floor":32,"key":"SMITH"}],"neow_cost":"NONE","seed_source_timestamp":182608545339844,"circlet_count":0,"master_deck":["Strike_B","Strike_B","Strike_B","Defend_B","Defend_B","Defend_B","Zap","Dualcast","Heatsinks","Scrape+1","Chill","Gash+1","FTL","FTL+1","Scrape+1","Seek","Creative AI","Genetic Algorithm","Ball Lightning","Beam Cell+1","Steam Power+1","Beam Cell","Hologram+1","Beam Cell","Stack+1"],"relics":["Cracked Core","Happy Flower","Bag of Marbles","Meat on the Bone","Orrery","Sling","PreservedInsect","Bird Faced Urn","The Courier","Matryoshka"],"potions_floor_usage":[8,8,8,11,33,33,33,33,33,33],"damage_taken":[{"damage":6,"enemies":"Jaw Worm","floor":1,"turns":3},{"damage":6,"enemies":"Cultist","floor":2,"turns":3},{"damage":0,"enemies":"Small Slimes","floor":4,"turns":3},{"damage":5,"enemies":"Looter","floor":5,"turns":3},{"damage":37,"enemies":"Gremlin Nob","floor":6,"turns":5},{"damage":10,"enemies":"Blue Slaver","floor":7,"turns":3},{"damage":6,"enemies":"Lagavulin","floor":8,"turns":3},{"damage":3,"enemies":"Gremlin Gang","floor":11,"turns":4},{"damage":0,"enemies":"Slime Boss","floor":16,"turns":7},{"damage":9,"enemies":"Chosen","floor":18,"turns":3},{"damage":1,"enemies":"3 Byrds","floor":21,"turns":4},{"damage":7,"enemies":"Slavers","floor":23,"turns":3},{"damage":0,"enemies":"Gremlin Leader","floor":25,"turns":3},{"damage":5,"enemies":"3 Cultists","floor":28,"turns":4},{"damage":10,"enemies":"Centurion and Healer","floor":29,"turns":5},{"damage":20,"enemies":"Snake Plant","floor":30,"turns":4},{"damage":55,"enemies":"Snecko","floor":31,"turns":6},{"damage":59,"enemies":"Automaton","floor":33,"turns":6}],"seed_played":"1172626576206176464","potions_obtained":[{"floor":1,"key":"GamblersBrew"},{"floor":4,"key":"SteroidPotion"},{"floor":6,"key":"SteroidPotion"},{"floor":7,"key":"Strength Potion"},{"floor":8,"key":"FearPotion"},{"floor":16,"key":"EssenceOfSteel"},{"floor":18,"key":"Poison Potion"},{"floor":19,"key":"Strength Potion"},{"floor":25,"key":"EntropicBrew"}],"is_trial":false,"path_per_floor":["M","M","?","M","M","E","M","E","T","R","M","R","?","?","R","B",null,"M","?","$","M","$","E","R","E","T","R","M","M","M","M","R","B"],"character_chosen":"DEFECT","items_purchased":["Sling","PreservedInsect"],"campfire_rested":1,"item_purchase_floors":[20,20],"current_hp_per_floor":[69,63,63,63,58,21,11,5,5,5,14,36,36,36,36,48,75,66,66,66,65,65,58,58,58,58,58,53,51,45,20,20,0],"gold":242,"neow_bonus":"TRANSFORM_CARD","is_prod":false,"is_daily":false,"chose_seed":false,"campfire_upgraded":5,"win_rate":0,"timestamp":1542413601,"path_taken":["M","M","?","?","M","E","M","E","T","R","M","R","?","?","R","BOSS","M","?","$","?","$","E","R","E","T","R","M","M","M","M","R","BOSS"],"build_version":"2018-11-15","purchased_purges":1,"victory":false,"max_hp_per_floor":[75,75,75,75,75,75,75,75,75,75,75,75,75,75,75,75,75,75,75,75,75,75,75,75,75,75,75,75,75,75,75,75,75],"card_choices":[{"not_picked":["Recycle","Compile Driver"],"picked":"Scrape","floor":1},{"not_picked":["Darkness","Blizzard"],"picked":"Chill","floor":2},{"not_picked":["Skim","Steam Power"],"picked":"Gash","floor":4},{"not_picked":["Rebound","Consume"],"picked":"FTL","floor":5},{"not_picked":["Force Field","Aggregate"],"picked":"FTL","floor":6},{"not_picked":["Capacitor","FTL"],"picked":"Scrape","floor":7},{"not_picked":["Aggregate","Glacier","Barrage"],"picked":"SKIP","floor":8},{"not_picked":["Coolheaded","Glacier"],"picked":"Seek","floor":11},{"not_picked":["Thunder Strike","Rainbow"],"picked":"Creative AI","floor":16},{"not_picked":["Darkness","BootSequence"],"picked":"Genetic Algorithm","floor":17},{"not_picked":["Static Discharge","White Noise"],"picked":"Ball Lightning","floor":17},{"not_picked":["Sweeping Beam","Stack"],"picked":"Beam Cell","floor":17},{"not_picked":["Sunder","Blizzard"],"picked":"Steam Power","floor":17},{"not_picked":["Conserve Battery","Barrage"],"picked":"Beam Cell","floor":17},{"not_picked":["Ball Lightning+1","Auto Shields","Reboot"],"picked":"SKIP","floor":18},{"not_picked":["Leap","Barrage"],"picked":"Hologram+1","floor":21},{"not_picked":["Skim","Darkness","Barrage"],"picked":"SKIP","floor":23},{"not_picked":["Steam","Genetic Algorithm"],"picked":"Beam Cell","floor":25},{"not_picked":["Streamline","Coolheaded"],"picked":"Stack+1","floor":28},{"not_picked":["Sweeping Beam","Sunder","Rebound"],"picked":"SKIP","floor":29},{"not_picked":["Genetic Algorithm","Reinforced Body","Blizzard"],"picked":"SKIP","floor":30},{"not_picked":["Genetic Algorithm","Conserve Battery","Turbo"],"picked":"SKIP","floor":31}],"player_experience":114230,"relics_obtained":[{"floor":6,"key":"Happy Flower"},{"floor":8,"key":"Bag of Marbles"},{"floor":9,"key":"Meat on the Bone"},{"floor":23,"key":"Bird Faced Urn"},{"floor":25,"key":"The Courier"},{"floor":26,"key":"Matryoshka"}],"event_choices":[{"damage_healed":0,"gold_gain":100,"player_choice":"Pray","damage_taken":0,"max_hp_gain":0,"max_hp_loss":0,"event_name":"Golden Shrine","floor":3,"gold_loss":0},{"damage_healed":0,"gold_gain":0,"player_choice":"Ignored","damage_taken":0,"max_hp_gain":0,"max_hp_loss":0,"event_name":"Liars Game","floor":13,"gold_loss":0},{"damage_healed":0,"gold_gain":0,"player_choice":"Grow","damage_taken":0,"max_hp_gain":0,"max_hp_loss":0,"event_name":"Living Wall","floor":14,"gold_loss":0,"cards_upgraded":["Gash"]},{"damage_healed":0,"gold_gain":0,"player_choice":"Bought 1 Potion","damage_taken":0,"max_hp_gain":0,"max_hp_loss":0,"event_name":"The Woman in Blue","floor":19,"gold_loss":0}],"is_beta":false,"boss_relics":[{"not_picked":["Calling Bell","Coffee Dripper"],"picked":"Orrery"}],"items_purged_floors":[20],"is_endless":false,"potions_floor_spawned":[1,4,6,7,8,16,18,25,29,30],"killed_by":"Automaton","ascension_level":1}