{"gold_per_floor":[111,111,133,163,190,202,245,257,294,325,337,349,361,413,425,437],"floor_reached":16,"playtime":712,"items_purged":[],"score":220,"play_id":"33b2d448-8273-4a8e-9392-9a7207ab1945","local_time":"20190122232855","is_ascension_mode":true,"campfire_choices":[{"floor":6,"key":"REST"},{"data":"Noxious Fumes","floor":12,"key":"SMITH"},{"floor":15,"key":"REST"}],"neow_cost":"NONE","seed_source_timestamp":200331784349000,"circlet_count":0,"master_deck":["AscendersBane","Defend_G","Defend_G","Defend_G","Defend_G","Defend_G","Strike_G","Strike_G","Strike_G","Strike_G","Strike_G","Survivor","Neutralize","Poisoned Stab","Noxious Fumes+1","Quick Slash","Backflip","Blur"],"relics":["Sozu","MawBank","Pen Nib","Potion Belt","Golden Idol","Ornamental Fan"],"potions_floor_usage":[],"damage_taken":[{"damage":12,"enemies":"Jaw Worm","floor":1,"turns":5},{"damage":2,"enemies":"Cultist","floor":3,"turns":5},{"damage":8,"enemies":"2 Louse","floor":4,"turns":3},{"damage":16,"enemies":"Exordium Thugs","floor":5,"turns":6},{"damage":37,"enemies":"3 Sentries","floor":7,"turns":10},{"damage":5,"enemies":"Blue Slaver","floor":10,"turns":4},{"damage":34,"enemies":"Gremlin Nob","floor":14,"turns":4},{"damage":49,"enemies":"Slime Boss","floor":16,"turns":9}],"seed_played":"4621405897562086431","potions_obtained":[],"is_trial":false,"path_per_floor":["M","?","M","M","M","R","E","?","T","M","$","R","?","E","R","B"],"character_chosen":"THE_SILENT","items_purchased":[],"campfire_rested":2,"item_purchase_floors":[],"current_hp_per_floor":[47,47,45,37,21,40,3,66,66,61,61,61,60,26,44,0],"gold":437,"neow_bonus":"BOSS_RELIC","is_prod":false,"is_daily":false,"chose_seed":false,"campfire_upgraded":1,"win_rate":0,"timestamp":1548217735,"path_taken":["M","?","M","M","?","R","E","?","T","M","?","R","?","E","R","BOSS"],"build_version":"2019-01-16","purchased_purges":0,"victory":false,"max_hp_per_floor":[66,66,66,66,66,66,66,66,66,66,66,66,60,60,60,60],"card_choices":[{"not_picked":["Acrobatics","Backflip"],"picked":"Poisoned Stab","floor":1},{"not_picked":["Blade Dance","Distraction"],"picked":"Noxious Fumes","floor":3},{"not_picked":["Underhanded Strike","Caltrops"],"picked":"Quick Slash","floor":4},{"not_picked":["Deflect","Slice","Outmaneuver"],"picked":"SKIP","floor":5},{"not_picked":["Masterful Stab","Dodge and Roll"],"picked":"Predator","floor":7},{"not_picked":["Deflect","Infinite Blades"],"picked":"Backflip","floor":10},{"not_picked":["Unload","Riddle With Holes"],"picked":"Blur","floor":14}],"player_experience":1922242,"relics_obtained":[{"floor":2,"key":"MawBank"},{"floor":7,"key":"Pen Nib"},{"floor":9,"key":"Potion Belt"},{"floor":14,"key":"Ornamental Fan"}],"event_choices":[{"damage_healed":0,"gold_gain":0,"player_choice":"Relic","damage_taken":0,"max_hp_gain":0,"max_hp_loss":0,"event_name":"Wheel of Change","floor":2,"gold_loss":0},{"cards_removed":["Predator"],"damage_healed":63,"gold_gain":0,"player_choice":"Offered Uncommon","damage_taken":0,"max_hp_gain":0,"max_hp_loss":0,"event_name":"Bonfire Elementals","floor":8,"gold_loss":0},{"damage_healed":0,"gold_gain":0,"player_choice":"Lose Max HP","damage_taken":0,"relics_obtained":["Golden Idol"],"max_hp_gain":0,"max_hp_loss":6,"event_name":"Golden Idol","floor":13,"gold_loss":0}],"is_beta":true,"boss_relics":[],"items_purged_floors":[],"is_endless":false,"potions_floor_spawned":[4,7,10,14],"killed_by":"Slime Boss","ascension_level":20}