{"gold_per_floor":[114,114,94,106,126,126,126,126,153,153,76,87,118,131,131,209,209,228,243,243],"floor_reached":20,"playtime":667,"items_purged":[],"score":364,"play_id":"009e9054-ff1f-4ff3-875b-c23e5fc706ce","local_time":"20190114212007","is_ascension_mode":true,"campfire_choices":[{"data":"Zap","floor":6,"key":"SMITH"},{"data":"Barrage","floor":8,"key":"SMITH"},{"data":"Dualcast","floor":10,"key":"SMITH"},{"data":"Capacitor","floor":15,"key":"SMITH"}],"neow_cost":"NONE","seed_source_timestamp":33470982089390,"circlet_count":0,"master_deck":["AscendersBane","Strike_B","Strike_B","Strike_B","Defend_B","Defend_B","Defend_B+1","Defend_B+1","Zap+1","Dualcast+1","Electrodynamics","Barrage+1","Coolheaded","Coolheaded","Capacitor+1","Capacitor","Hologram","Coolheaded","Echo Form","Barrage","Coolheaded"],"relics":["Cracked Core","War Paint","Bronze Scales","Dream Catcher","Inserter"],"potions_floor_usage":[16,20],"damage_taken":[{"damage":7,"enemies":"Jaw Worm","floor":1,"turns":3},{"damage":8,"enemies":"2 Louse","floor":4,"turns":2},{"damage":0,"enemies":"Cultist","floor":5,"turns":3},{"damage":0,"enemies":"2 Fungi Beasts","floor":12,"turns":3},{"damage":2,"enemies":"Lagavulin","floor":13,"turns":6},{"damage":2,"enemies":"Red Slaver","floor":14,"turns":3},{"damage":31,"enemies":"Hexaghost","floor":16,"turns":8},{"damage":27,"enemies":"Chosen","floor":18,"turns":5},{"damage":13,"enemies":"2 Thieves","floor":19,"turns":4},{"damage":30,"enemies":"3 Cultists","floor":20,"turns":3}],"seed_played":"547416983385888816","potions_obtained":[{"floor":3,"key":"EntropicBrew"},{"floor":4,"key":"Swift Potion"},{"floor":5,"key":"Block Potion"},{"floor":19,"key":"Regen Potion"}],"is_trial":false,"path_per_floor":["M","?","?","M","M","R","?","R","T","R","$","M","E","M","R","B",null,"M","M","M"],"character_chosen":"DEFECT","items_purchased":["Capacitor"],"campfire_rested":0,"item_purchase_floors":[11],"current_hp_per_floor":[57,50,50,42,42,42,42,42,42,42,42,42,40,38,38,7,55,28,15,0],"gold":243,"neow_bonus":"ONE_RANDOM_RARE_CARD","is_prod":false,"is_daily":false,"chose_seed":false,"campfire_upgraded":4,"win_rate":0,"timestamp":1547468407,"path_taken":["M","?","?","?","M","R","?","R","T","R","$","M","E","?","R","BOSS","M","M","M"],"build_version":"2019-01-10","purchased_purges":0,"victory":false,"max_hp_per_floor":[71,71,71,71,71,71,71,71,71,71,71,71,71,71,71,71,71,71,71,71],"card_choices":[{"not_picked":["Rebound","Genetic Algorithm"],"picked":"Barrage","floor":1},{"not_picked":["Genetic Algorithm","Turbo"],"picked":"Coolheaded","floor":4},{"not_picked":["Turbo","Compile Driver"],"picked":"Coolheaded","floor":5},{"not_picked":["Rebound","Go for the Eyes"],"picked":"Capacitor","floor":12},{"not_picked":["Steam Power","Sunder"],"picked":"Hologram","floor":13},{"not_picked":["Reprogram","Leap"],"picked":"Coolheaded","floor":14},{"not_picked":["Hyperbeam","Meteor Strike"],"picked":"Echo Form","floor":16},{"not_picked":["Barrage","Sweeping Beam","Gash"],"picked":"SKIP","floor":18},{"not_picked":["Sweeping Beam","Gash"],"picked":"Barrage","floor":18},{"not_picked":["Skim+1","Turbo"],"picked":"Coolheaded","floor":19}],"player_experience":826820,"relics_obtained":[{"floor":9,"key":"Bronze Scales"},{"floor":13,"key":"Dream Catcher"}],"event_choices":[{"cards_removed":["Strike_B"],"damage_healed":0,"gold_gain":0,"player_choice":"Card Removal","damage_taken":7,"max_hp_gain":0,"max_hp_loss":0,"event_name":"Golden Wing","floor":2,"gold_loss":0},{"damage_healed":0,"gold_gain":0,"player_choice":"Bought 1 Potion","damage_taken":0,"max_hp_gain":0,"max_hp_loss":0,"event_name":"The Woman in Blue","floor":3,"gold_loss":0},{"damage_healed":0,"gold_gain":0,"player_choice":"Gave Potion","damage_taken":0,"relics_obtained":["War Paint"],"max_hp_gain":0,"max_hp_loss":0,"event_name":"WeMeetAgain","floor":7,"gold_loss":0}],"is_beta":false,"boss_relics":[{"not_picked":["Pandora\u0027s Box","FrozenCore"],"picked":"Inserter"}],"items_purged_floors":[],"is_endless":false,"potions_floor_spawned":[4,5,16,19],"killed_by":"3 Cultists","ascension_level":19}