{"gold_per_floor":[113,288,288,311,341,353,378,233,286,315,315,215,315,329,329,329],"floor_reached":16,"playtime":496,"items_purged":["Regret","Doubt"],"score":90,"play_id":"a97a3121-fd23-4c8d-a6f2-d93ae8b04a9c","local_time":"20180903180322","is_ascension_mode":false,"campfire_choices":[{"data":"Neutralize","floor":6,"key":"SMITH"},{"data":"Catalyst","floor":11,"key":"SMITH"},{"data":"Bouncing Flask","floor":15,"key":"SMITH"}],"neow_cost":"NONE","seed_source_timestamp":72032417180225,"circlet_count":0,"master_deck":["Defend_G","Defend_G","Defend_G","Defend_G","Defend_G","Strike_G","Strike_G","Strike_G","Strike_G","Strike_G","Survivor","Neutralize+1","Dodge and Roll","Finisher","Backstab","Bouncing Flask+1","Catalyst+1","Clumsy","Accuracy","Acrobatics"],"relics":["Cursed Key","MawBank","Bag of Marbles","Odd Mushroom"],"potions_floor_usage":[],"damage_taken":[{"damage":0,"enemies":"Cultist","floor":1,"turns":4},{"damage":3,"enemies":"Jaw Worm","floor":4,"turns":6},{"damage":0,"enemies":"Small Slimes","floor":5,"turns":5},{"damage":2,"enemies":"Looter","floor":7,"turns":2},{"damage":12,"enemies":"The Mushroom Lair","floor":10,"turns":4},{"damage":0,"enemies":"Blue Slaver","floor":14,"turns":2},{"damage":55,"enemies":"Slime Boss","floor":16,"turns":11}],"seed_played":"-7689839507984708145","potions_obtained":[{"floor":4,"key":"Swift Potion"},{"floor":5,"key":"Swift Potion"}],"is_trial":false,"path_per_floor":["M","?","?","M","M","R","M","$","T","?","R","$","?","M","R"],"character_chosen":"THE_SILENT","items_purchased":["Catalyst"],"campfire_rested":0,"item_purchase_floors":[8],"current_hp_per_floor":[70,70,70,67,67,67,65,65,65,53,53,53,53,53,53,0],"gold":329,"neow_bonus":"BOSS_RELIC","is_prod":false,"is_daily":false,"chose_seed":false,"campfire_upgraded":3,"win_rate":0,"timestamp":1535965402,"path_taken":["M","?","?","M","M","R","M","$","T","?","R","$","?","M","R","BOSS"],"build_version":"2018-08-30","purchased_purges":2,"victory":false,"max_hp_per_floor":[70,70,70,70,70,70,70,70,70,70,70,70,70,70,70,70],"card_choices":[{"not_picked":["Deflect","Concentrate"],"picked":"Dodge and Roll","floor":1},{"not_picked":["Slice","Bane"],"picked":"Finisher","floor":4},{"not_picked":["Quick Slash","Dagger Spray"],"picked":"Backstab","floor":5},{"not_picked":["Endless Agony","Dodge and Roll"],"picked":"Bouncing Flask","floor":7},{"not_picked":["Deflect","Tools of the Trade"],"picked":"Accuracy","floor":10},{"not_picked":["Skewer","Heel Hook"],"picked":"Acrobatics","floor":14}],"player_experience":379871,"relics_obtained":[{"floor":9,"key":"Bag of Marbles"},{"floor":10,"key":"Odd Mushroom"}],"event_choices":[{"event_name":"Liars Game","player_choice":"agreed","floor":2,"damage_taken":0},{"event_name":"Big Fish","player_choice":"Box","floor":3,"damage_taken":0},{"event_name":"Mushrooms","player_choice":"Fought Mushrooms","floor":10,"damage_taken":0},{"event_name":"Wheel of Change","player_choice":"Gold","floor":13,"damage_taken":0}],"is_beta":true,"boss_relics":[],"items_purged_floors":[8,12],"is_endless":false,"potions_floor_spawned":[4,5],"killed_by":"Slime Boss","ascension_level":0}