{"gold_per_floor":[118,118,118,131,148,148,173,173,173,173,68,80,3,3],"floor_reached":14,"playtime":445,"items_purged":[],"score":132,"play_id":"9a2e70a9-85e2-4596-b31e-052b3741d943","local_time":"20181121142705","is_ascension_mode":true,"campfire_choices":[{"floor":6.0,"key":"REST"},{"data":"Static Discharge","floor":8.0,"key":"SMITH"}],"neow_cost":"PERCENT_DAMAGE","seed_source_timestamp":0,"circlet_count":0,"master_deck":["AscendersBane","Strike_B","Strike_B","Defend_B","Defend_B","Zap","Dualcast","Ball Lightning","Double Energy","Amplify","Static Discharge+1","Conserve Battery","Cold Snap+1","Capacitor","Genetic Algorithm","Genetic Algorithm","Self Repair"],"special_seed":0,"relics":["Cracked Core","Molten Egg 2","Cables","Shuriken"],"potions_floor_usage":[],"damage_taken":[{"damage":1.0,"enemies":"2 Louse","floor":1.0,"turns":3.0},{"damage":7.0,"enemies":"Jaw Worm","floor":4.0,"turns":2.0},{"damage":1.0,"enemies":"Cultist","floor":5.0,"turns":3.0},{"damage":23.0,"enemies":"3 Sentries","floor":7.0,"turns":3.0},{"damage":24.0,"enemies":"Exordium Wildlife","floor":12.0,"turns":2.0},{"damage":12,"enemies":"Lots of Slimes","floor":14,"turns":1}],"seed_played":"-5298913430816455546","potions_obtained":[{"floor":5.0,"key":"Explosive Potion"},{"floor":12,"key":"SpeedPotion"}],"is_trial":false,"path_per_floor":["M","?","?","M","M","R","E","R","T","T","$","M","M","$","M"],"character_chosen":"DEFECT","items_purchased":["Capacitor","Genetic Algorithm","Self Repair"],"campfire_rested":1,"item_purchase_floors":[11,11,13],"current_hp_per_floor":[49,42,42,35,34,56,33,33,33,33,33,9,9,0],"gold":3,"neow_bonus":"TRANSFORM_TWO_CARDS","is_prod":false,"is_daily":false,"chose_seed":false,"campfire_upgraded":1,"win_rate":0,"timestamp":1542828425,"path_taken":["M","?","?","?","M","R","E","R","T","?","$","?","?","M"],"build_version":"2018-11-15","purchased_purges":0,"victory":false,"max_hp_per_floor":[75,75,75,75,75,75,75,75,75,75,75,75,75,75],"card_choices":[{"not_picked":["Compile Driver","Steam Power","Redo"],"picked":"SKIP","floor":1.0},{"not_picked":["Leap","Sweeping Beam"],"picked":"Static Discharge","floor":4.0},{"not_picked":["Barrage","Gash"],"picked":"Conserve Battery","floor":5.0},{"not_picked":["Leap","Compile Driver"],"picked":"Cold Snap","floor":7.0},{"not_picked":["Streamline+1","Leap"],"picked":"Genetic Algorithm","floor":12}],"player_experience":569801,"relics_obtained":[{"floor":7.0,"key":"Molten Egg 2"},{"floor":9.0,"key":"Cables"},{"floor":10.0,"key":"Shuriken"}],"event_choices":[{"cards_removed":["Strike_B"],"damage_healed":0.0,"max_hp_gain":0.0,"max_hp_loss":0.0,"gold_gain":0.0,"event_name":"Golden Wing","player_choice":"Card Removal","floor":2.0,"gold_loss":0.0,"damage_taken":7.0},{"damage_healed":0.0,"max_hp_gain":0.0,"max_hp_loss":0.0,"gold_gain":0.0,"cards_transformed":["Defend_B"],"event_name":"Transmorgrifier","player_choice":"Transformed","floor":3.0,"gold_loss":0.0,"damage_taken":0.0,"cards_obtained":["Amplify"]}],"is_beta":false,"boss_relics":[],"items_purged_floors":[],"is_endless":false,"potions_floor_spawned":[5,12],"killed_by":"Lots of Slimes","ascension_level":10}