{"gold_per_floor":[111,123,123,134,36,65,65,76,76,95,61,61,61,92,92,197,197,212,225,70,70,82,99,125,14,14,14,26,26,38,57,57,156,156,171,183,195,209,219,219,229,261,261,261,261,261,111,124,124,124],"floor_reached":50,"playtime":4526,"items_purged":["Fiend Fire"],"score":533,"play_id":"cc3c2461-8e63-42ef-b5b0-f3d68733f6b3","local_time":"20190119215514","is_ascension_mode":false,"campfire_choices":[{"data":"Flame Barrier","floor":7,"key":"SMITH"},{"data":"Whirlwind","floor":12,"key":"SMITH"},{"floor":15,"key":"REST"},{"floor":27,"key":"REST"},{"data":"True Grit","floor":29,"key":"SMITH"},{"data":"Flame Barrier","floor":32,"key":"SMITH"},{"floor":40,"key":"REST"},{"floor":44,"key":"REST"},{"floor":49,"key":"REST"}],"neow_cost":"NONE","seed_source_timestamp":508098990786758,"circlet_count":0,"master_deck":["Strike_R+1","Strike_R+1","Strike_R+1","Strike_R+1","Strike_R+1","Defend_R+1","Defend_R+1","Defend_R+1","Defend_R+1","Bash","Feel No Pain","Whirlwind+1","True Grit+1","Flame Barrier","Body Slam","Flame Barrier+1","Rupture","Flame Barrier+1","Disarm","Inflame","Reaper","Ghostly Armor","Feel No Pain","Ghostly Armor","Madness+1","True Grit+1","Headbutt","Carnage","Shrug It Off+1","Battle Trance+1","Body Slam+1","Whirlwind+1","Power Through+1","Whirlwind","Spot Weakness+1","Evolve","Entrench+1","Shrug It Off+1"],"relics":["Burning Blood","NeowsBlessing","Dream Catcher","Pen Nib","Matryoshka","Busted Crown","Toxic Egg 2","Red Skull","Omamori","Sozu","Strawberry","Mummified Hand","Sundial"],"potions_floor_usage":[6,6,14,19,24,24,24,41],"damage_taken":[{"damage":0,"enemies":"Small Slimes","floor":1,"turns":1},{"damage":0,"enemies":"Cultist","floor":2,"turns":1},{"damage":0,"enemies":"2 Louse","floor":4,"turns":1},{"damage":40,"enemies":"Lagavulin","floor":6,"turns":12},{"damage":0,"enemies":"Looter","floor":8,"turns":4},{"damage":2,"enemies":"Blue Slaver","floor":10,"turns":5},{"damage":35,"enemies":"Gremlin Nob","floor":14,"turns":6},{"damage":32,"enemies":"The Guardian","floor":16,"turns":14},{"damage":5,"enemies":"Chosen","floor":18,"turns":4},{"damage":1,"enemies":"3 Byrds","floor":19,"turns":5},{"damage":12,"enemies":"Centurion and Healer","floor":22,"turns":9},{"damage":0,"enemies":"Snake Plant","floor":23,"turns":2},{"damage":32,"enemies":"Slavers","floor":24,"turns":8},{"damage":41,"enemies":"Sentry and Sphere","floor":28,"turns":8},{"damage":13,"enemies":"Centurion and Healer","floor":30,"turns":6},{"damage":21,"enemies":"Snake Plant","floor":31,"turns":3},{"damage":64,"enemies":"Collector","floor":33,"turns":12},{"damage":1,"enemies":"3 Shapes","floor":35,"turns":5},{"damage":8,"enemies":"Orb Walker","floor":36,"turns":5},{"damage":16,"enemies":"Sphere and 2 Shapes","floor":37,"turns":4},{"damage":39,"enemies":"Spire Growth","floor":38,"turns":7},{"damage":12,"enemies":"Maw","floor":39,"turns":9},{"damage":30,"enemies":"Transient","floor":41,"turns":5},{"damage":38,"enemies":"Reptomancer","floor":42,"turns":4},{"damage":4,"enemies":"4 Shapes","floor":48,"turns":4},{"damage":84,"enemies":"Awakened One","floor":50,"turns":7}],"seed_played":"-1522723251763188936","potions_obtained":[{"floor":1,"key":"Swift Potion"},{"floor":2,"key":"Weak Potion"},{"floor":3,"key":"Strength Potion"},{"floor":10,"key":"BloodPotion"},{"floor":16,"key":"Dexterity Potion"},{"floor":18,"key":"FearPotion"},{"floor":19,"key":"Poison Potion"},{"floor":30,"key":"SpeedPotion"},{"floor":33,"key":"PowerPotion"}],"is_trial":false,"path_per_floor":["M","M","?","M","$","E","R","M","T","M","$","R","$","E","R","B",null,"M","M","$","?","M","M","E","$","T","R","M","R","M","M","R","B",null,"M","M","M","M","M","R","M","E","T","R","?","?","$","M","R","B"],"character_chosen":"IRONCLAD","items_purchased":["Flame Barrier","Body Slam","Flame Barrier","Ghostly Armor","Feel No Pain","Madness+1","True Grit+1","Evolve"],"campfire_rested":5,"item_purchase_floors":[5,5,11,20,20,25,25,47],"current_hp_per_floor":[80,80,80,80,80,46,46,52,52,56,56,56,56,35,59,33,80,80,80,80,80,74,80,54,54,54,78,43,43,45,39,39,8,80,80,78,68,35,36,60,40,15,15,41,41,41,41,43,69,0],"gold":124,"neow_bonus":"THREE_ENEMY_KILL","is_prod":false,"is_daily":false,"chose_seed":false,"campfire_upgraded":4,"win_rate":0,"timestamp":1547952914,"path_taken":["M","M","?","M","$","E","R","?","T","M","$","R","$","E","R","BOSS","M","M","$","?","M","M","E","$","T","R","M","R","M","M","R","BOSS","M","M","M","M","M","R","M","E","T","R","?","?","$","M","R","BOSS"],"build_version":"2019-01-17v2","purchased_purges":1,"victory":false,"max_hp_per_floor":[80,80,80,80,80,80,80,80,80,80,80,80,80,80,80,80,80,80,80,80,80,80,80,80,80,80,80,80,80,80,80,80,80,80,80,80,80,80,80,80,80,87,87,87,87,87,87,87,87,87],"card_choices":[{"not_picked":["Second Wind","Armaments"],"picked":"Feel No Pain","floor":1},{"not_picked":["Pummel","Iron Wave"],"picked":"Whirlwind","floor":2},{"not_picked":["Twin Strike","Power Through"],"picked":"True Grit","floor":4},{"not_picked":["Sword Boomerang","Anger"],"picked":"Flame Barrier","floor":6},{"not_picked":["Warcry","Second Wind","Reckless Charge"],"picked":"SKIP","floor":8},{"not_picked":["Clothesline","Sword Boomerang"],"picked":"Rupture","floor":10},{"not_picked":["Thunderclap","Clash"],"picked":"Disarm","floor":14},{"not_picked":["Warcry","Bludgeon"],"picked":"Inflame","floor":15},{"not_picked":["Dark Embrace","Exhume"],"picked":"Reaper","floor":16},{"not_picked":["Dual Wield"],"picked":"SKIP","floor":18},{"not_picked":["Wild Strike"],"picked":"SKIP","floor":19},{"not_picked":["Clash"],"picked":"SKIP","floor":22},{"not_picked":[],"picked":"Ghostly Armor","floor":23},{"not_picked":["Warcry"],"picked":"SKIP","floor":24},{"not_picked":[],"picked":"Headbutt","floor":27},{"not_picked":[],"picked":"Carnage","floor":28},{"not_picked":[],"picked":"Shrug It Off+1","floor":30},{"not_picked":["Perfected Strike"],"picked":"SKIP","floor":31},{"not_picked":[],"picked":"Fiend Fire","floor":33},{"not_picked":[],"picked":"Battle Trance+1","floor":35},{"not_picked":["Feel No Pain"],"picked":"SKIP","floor":36},{"not_picked":[],"picked":"Body Slam+1","floor":37},{"not_picked":["Rupture"],"picked":"SKIP","floor":38},{"not_picked":[],"picked":"Whirlwind+1","floor":39},{"not_picked":[],"picked":"Power Through+1","floor":41},{"not_picked":[],"picked":"Whirlwind","floor":42},{"not_picked":[],"picked":"Spot Weakness+1","floor":44},{"not_picked":[],"picked":"Entrench+1","floor":48},{"not_picked":[],"picked":"Shrug It Off+1","floor":49}],"player_experience":73175,"relics_obtained":[{"floor":6,"key":"Dream Catcher"},{"floor":9,"key":"Pen Nib"},{"floor":14,"key":"Matryoshka"},{"floor":24,"key":"Toxic Egg 2"},{"floor":26,"key":"Red Skull"},{"floor":26,"key":"Omamori"},{"floor":42,"key":"Strawberry"},{"floor":43,"key":"Mummified Hand"},{"floor":43,"key":"Sundial"}],"event_choices":[{"damage_healed":0,"gold_gain":0,"player_choice":"Got Potions","damage_taken":0,"max_hp_gain":0,"max_hp_loss":0,"event_name":"Lab","floor":3,"gold_loss":0},{"damage_healed":0,"gold_gain":0,"player_choice":"Simplicity","damage_taken":0,"max_hp_gain":0,"max_hp_loss":0,"event_name":"Back to Basics","floor":21,"gold_loss":0,"cards_upgraded":["Strike_R","Strike_R","Strike_R","Strike_R","Strike_R","Defend_R","Defend_R","Defend_R","Defend_R"]},{"damage_healed":0,"gold_gain":0,"player_choice":"Ignored","damage_taken":0,"max_hp_gain":0,"max_hp_loss":0,"event_name":"Mysterious Sphere","floor":45,"gold_loss":0},{"damage_healed":0,"gold_gain":0,"player_choice":"Ignored","damage_taken":0,"max_hp_gain":0,"max_hp_loss":0,"event_name":"The Moai Head","floor":46,"gold_loss":0}],"is_beta":false,"boss_relics":[{"not_picked":["Velvet Choker","Astrolabe"],"picked":"Busted Crown"},{"not_picked":["Orrery","Empty Cage"],"picked":"Sozu"}],"items_purged_floors":[47],"is_endless":false,"potions_floor_spawned":[1,2,10,16,18,19,22,30,33,35,36,38,41],"killed_by":"Awakened One","ascension_level":0}