{"gold_per_floor":[117,133,10,10,28,28,62,76,144,44,44],"floor_reached":11,"playtime":192,"items_purged":["Strike_B","Defend_B"],"score":113,"play_id":"7b5f21e9-bdd2-4614-843d-be421c08f54b","local_time":"20181217102401","is_ascension_mode":true,"campfire_choices":[{"data":"Ball Lightning","floor":6,"key":"SMITH"}],"neow_cost":"NONE","seed_source_timestamp":242874788874746,"circlet_count":0,"master_deck":["AscendersBane","Strike_B","Strike_B","Strike_B","Defend_B","Defend_B","Defend_B","Zap","Dualcast","Static Discharge","Capacitor","Ball Lightning+1","Leap","Redo","Sweeping Beam"],"relics":["Cracked Core","NeowsBlessing","DataDisk","Bottled Flame"],"potions_floor_usage":[7],"damage_taken":[{"damage":0,"enemies":"Cultist","floor":1,"turns":1},{"damage":0,"enemies":"Jaw Worm","floor":2,"turns":1},{"damage":0,"enemies":"2 Louse","floor":4,"turns":1},{"damage":21,"enemies":"2 Fungi Beasts","floor":5,"turns":2},{"damage":35,"enemies":"Gremlin Nob","floor":7,"turns":3},{"damage":6,"enemies":"3 Louse","floor":8,"turns":3},{"damage":11,"enemies":"The Mushroom Lair","floor":11,"turns":2}],"seed_played":"7738663674654815176","potions_obtained":[{"floor":1,"key":"Fire Potion"},{"floor":8,"key":"Dexterity Potion"}],"is_trial":false,"path_per_floor":["M","M","$","M","M","R","E","M","T","$","?"],"character_chosen":"DEFECT","items_purchased":["Ball Lightning"],"campfire_rested":0,"item_purchase_floors":[3],"current_hp_per_floor":[68,68,68,68,47,47,12,6,6,6,0],"gold":44,"neow_bonus":"THREE_ENEMY_KILL","is_prod":false,"is_daily":false,"chose_seed":false,"campfire_upgraded":1,"win_rate":0,"timestamp":1545060241,"path_taken":["M","M","$","?","M","R","E","M","T","$","?"],"build_version":"2018-12-13","purchased_purges":2,"victory":false,"max_hp_per_floor":[75,75,75,75,75,75,75,75,75,75,75],"card_choices":[{"not_picked":["Storm","Turbo"],"picked":"Static Discharge","floor":1},{"not_picked":["Lockon","Rebound"],"picked":"Capacitor","floor":2},{"not_picked":["Gash","Compile Driver","Force Field"],"picked":"SKIP","floor":4},{"not_picked":["Streamline","Hologram"],"picked":"Leap","floor":5},{"not_picked":["Double Energy","All For One"],"picked":"Redo","floor":7},{"not_picked":["Go for the Eyes","Turbo"],"picked":"Sweeping Beam","floor":8}],"player_experience":357207,"relics_obtained":[{"floor":7,"key":"DataDisk"},{"floor":9,"key":"Bottled Flame"}],"event_choices":[{"damage_healed":0,"gold_gain":0,"player_choice":"Fought Mushrooms","damage_taken":0,"max_hp_gain":0,"max_hp_loss":0,"event_name":"Mushrooms","floor":11,"gold_loss":0}],"is_beta":false,"boss_relics":[],"items_purged_floors":[3,10],"is_endless":false,"potions_floor_spawned":[1,8],"killed_by":"The Mushroom Lair","ascension_level":10}