{"gold_per_floor":[364,375,65,83,83,83,97,109,109,121,133,145,178,190],"floor_reached":14,"playtime":404,"items_purged":[],"score":103,"play_id":"c815b467-a71f-4f53-9088-4ef5b1fb6a63","local_time":"20181204215152","is_ascension_mode":true,"campfire_choices":[{"data":"Rip and Tear","floor":6,"key":"SMITH"},{"floor":11,"key":"REST"}],"neow_cost":"PERCENT_DAMAGE","seed_source_timestamp":348849315306754,"circlet_count":0,"master_deck":["Strike_B","Strike_B","Strike_B","Strike_B","Defend_B","Defend_B","Defend_B","Defend_B","Zap","Dualcast","Rip and Tear+1","Go for the Eyes","Go for the Eyes","Gash","Leap","Rebound","Injury","Rebound"],"relics":["Cracked Core","Shuriken","DataDisk","MawBank","Golden Idol"],"potions_floor_usage":[7,8,14],"damage_taken":[{"damage":6,"enemies":"2 Louse","floor":1,"turns":3},{"damage":5,"enemies":"Small Slimes","floor":2,"turns":2},{"damage":7,"enemies":"Jaw Worm","floor":4,"turns":3},{"damage":12,"enemies":"Exordium Thugs","floor":7,"turns":4},{"damage":0,"enemies":"Red Slaver","floor":8,"turns":2},{"damage":9,"enemies":"Blue Slaver","floor":13,"turns":2},{"damage":15,"enemies":"Lagavulin","floor":14,"turns":4}],"seed_played":"3735538284612662621","potions_obtained":[{"floor":1,"key":"Swift Potion"},{"floor":7,"key":"EssenceOfSteel"},{"floor":8,"key":"FearPotion"}],"is_trial":false,"path_per_floor":["M","M","$","M","?","R","M","M","T","$","R","?","M","E"],"character_chosen":"DEFECT","items_purchased":["Shuriken","Go for the Eyes"],"campfire_rested":1,"item_purchase_floors":[3,3],"current_hp_per_floor":[48,43,43,36,29,29,17,17,17,17,39,39,30,15],"gold":190,"neow_bonus":"TWO_FIFTY_GOLD","is_prod":false,"is_daily":false,"chose_seed":false,"campfire_upgraded":1,"win_rate":0,"timestamp":1543978312,"path_taken":["M","M","$","M","?","R","M","M","T","$","R","?","?","E"],"build_version":"2018-11-15","purchased_purges":0,"victory":false,"max_hp_per_floor":[75,75,75,75,75,75,75,75,75,75,75,75,75,75],"card_choices":[{"not_picked":["Skim","Redo"],"picked":"Rip and Tear","floor":1},{"not_picked":["Barrage","Steam"],"picked":"Go for the Eyes","floor":2},{"not_picked":["Recycle","Cold Snap"],"picked":"Gash","floor":4},{"not_picked":["Lockon","Auto Shields"],"picked":"Leap","floor":7},{"not_picked":["Redo","Melter"],"picked":"Rebound","floor":8},{"not_picked":["Steam","Glacier"],"picked":"Rebound","floor":13}],"player_experience":278512,"relics_obtained":[{"floor":9,"key":"MawBank"}],"event_choices":[{"damage_healed":0,"gold_gain":0,"player_choice":"Success","damage_taken":7,"relics_obtained":["DataDisk"],"max_hp_gain":0,"max_hp_loss":0,"event_name":"Scrap Ooze","floor":5,"gold_loss":0},{"damage_healed":0,"gold_gain":0,"player_choice":"Take Wound","damage_taken":0,"relics_obtained":["Golden Idol"],"max_hp_gain":0,"max_hp_loss":0,"event_name":"Golden Idol","floor":12,"gold_loss":0,"cards_obtained":["Injury"]}],"is_beta":false,"boss_relics":[],"items_purged_floors":[],"is_endless":false,"potions_floor_spawned":[1,7,8],"killed_by":"Lagavulin","ascension_level":5}