{"gold_per_floor":[114,289,305,315,315,343,343,63,63,63,78,132,165,178,178,281,281,295,18,18,37,37,69,69,69,96,19,44,44,71,90,90,188,188,201,221,321,341,106,106,136,0,24,34,46,46,46,65,65,65,65,65,31,59,59],"floor_reached":56,"playtime":7776,"items_purged":["Doubt"],"score":1366,"play_id":"3f002e13-e67a-4580-92ae-ee4beaadc612","local_time":"20190119002739","is_ascension_mode":true,"campfire_choices":[{"data":"Neutralize","floor":7,"key":"SMITH"},{"floor":10,"key":"REST"},{"data":"Cloak And Dagger","floor":15,"key":"SMITH"},{"data":"A Thousand Cuts","floor":24,"key":"SMITH"},{"data":"Dagger Spray","floor":29,"key":"SMITH"},{"floor":32,"key":"REST"},{"data":"Noxious Fumes","floor":40,"key":"SMITH"},{"floor":46,"key":"RECALL"},{"data":"Footwork","floor":49,"key":"SMITH"},{"data":"Infinite Blades","floor":52,"key":"SMITH"}],"neow_cost":"NONE","seed_source_timestamp":79784446057083,"circlet_count":0,"master_deck":["Defend_G","Defend_G","Defend_G","Defend_G","Defend_G","Strike_G","Strike_G","Strike_G","Strike_G","Strike_G","Survivor+1","Neutralize+1","Deadly Poison+1","Cloak And Dagger+1","Dagger Throw","PiercingWail","Sucker Punch","Dodge and Roll+1","Tools of the Trade","Cloak And Dagger+1","A Thousand Cuts+1","Footwork+1","Glass Knife","Infinite Blades+1","Dagger Spray+1","Backflip+1","Well Laid Plans","RitualDagger","Backflip+1","Ghostly+1","Ghostly+1","Ghostly+1","Ghostly+1","Ghostly+1","Well Laid Plans","Noxious Fumes+1","Leg Sweep+1","Cloak And Dagger+1","Venomology+1","Backflip+1","Night Terror+1","Parasite","Backflip+1","Caltrops"],"relics":["Ring of the Snake","Ancient Tea Set","Bronze Scales","Matryoshka","Lantern","Toxic Egg 2","Oddly Smooth Stone","Pen Nib","Centennial Puzzle","Orrery","Sling","Darkstone Periapt","Tingsha","Torii","Sozu","The Specimen","Potion Belt","Red Mask","Orichalcum","Kunai"],"potions_floor_usage":[13,13,14,16,21,21,35,54,55],"damage_taken":[{"damage":8,"enemies":"Jaw Worm","floor":1,"turns":4},{"damage":1,"enemies":"2 Louse","floor":3,"turns":3},{"damage":0,"enemies":"Cultist","floor":4,"turns":4},{"damage":19,"enemies":"Lagavulin","floor":6,"turns":8},{"damage":0,"enemies":"Blue Slaver","floor":11,"turns":3},{"damage":16,"enemies":"Gremlin Nob","floor":13,"turns":6},{"damage":0,"enemies":"Large Slime","floor":14,"turns":6},{"damage":7,"enemies":"The Guardian","floor":16,"turns":11},{"damage":0,"enemies":"Shell Parasite","floor":18,"turns":5},{"damage":0,"enemies":"2 Thieves","floor":21,"turns":4},{"damage":14,"enemies":"Gremlin Leader","floor":23,"turns":8},{"damage":9,"enemies":"Slavers","floor":28,"turns":5},{"damage":2,"enemies":"Book of Stabbing","floor":30,"turns":6},{"damage":0,"enemies":"Centurion and Healer","floor":31,"turns":7},{"damage":3,"enemies":"Champ","floor":33,"turns":12},{"damage":2,"enemies":"3 Darklings","floor":35,"turns":3},{"damage":1,"enemies":"Orb Walker","floor":36,"turns":2},{"damage":1,"enemies":"Mind Bloom Boss Battle","floor":37,"turns":7},{"damage":1,"enemies":"Sphere and 2 Shapes","floor":38,"turns":5},{"damage":1,"enemies":"Reptomancer","floor":41,"turns":5},{"damage":7,"enemies":"3 Darklings","floor":44,"turns":4},{"damage":0,"enemies":"Writhing Mass","floor":45,"turns":6},{"damage":0,"enemies":"4 Shapes","floor":48,"turns":8},{"damage":1,"enemies":"Donu and Deca","floor":50,"turns":10},{"damage":0,"enemies":"Shield and Spear","floor":54,"turns":5},{"damage":12,"enemies":"The Heart","floor":55,"turns":14}],"seed_played":"1948184330465002440","potions_obtained":[{"floor":4,"key":"Weak Potion"},{"floor":11,"key":"Swift Potion"},{"floor":13,"key":"Regen Potion"},{"floor":14,"key":"EssenceOfSteel"},{"floor":16,"key":"Dexterity Potion"},{"floor":18,"key":"Explosive Potion"},{"floor":28,"key":"GhostInAJar"},{"floor":31,"key":"GamblersBrew"},{"floor":33,"key":"LiquidBronze"}],"is_trial":false,"path_per_floor":["M","?","M","M","?","E","R","$","T","R","M","T","E","M","R","B",null,"M","$","?","M","?","E","R","?","T","$","E","R","E","M","R","B",null,"M","M","?","M","$","R","E","?","T","M","M","R","?","M","R","B",null,"R","$","E","B",null],"character_chosen":"THE_SILENT","items_purchased":["Sucker Punch","Matryoshka","Well Laid Plans","Sling","Noxious Fumes","Night Terror+1","Caltrops"],"campfire_rested":2,"item_purchase_floors":[8,8,19,19,27,39,53],"current_hp_per_floor":[62,62,61,61,47,28,28,28,28,49,49,49,33,48,48,41,70,70,70,64,64,35,21,21,21,21,21,12,12,10,10,20,17,35,33,32,31,30,30,30,29,29,29,22,28,28,28,28,28,27,41,41,41,41,29],"gold":59,"neow_bonus":"RANDOM_COMMON_RELIC","is_prod":false,"is_daily":false,"chose_seed":false,"campfire_upgraded":7,"win_rate":0,"timestamp":1547886459,"path_taken":["M","?","M","M","?","E","R","?","T","R","M","?","E","M","R","BOSS","M","$","?","M","?","E","R","?","T","$","E","R","E","M","R","BOSS","M","M","?","M","$","R","E","?","T","M","M","R","?","M","R","BOSS","R","$","E","BOSS"],"build_version":"2019-01-17v2","purchased_purges":1,"victory":true,"max_hp_per_floor":[70,70,70,70,70,70,70,70,70,70,70,70,70,70,70,70,70,70,70,70,70,35,35,35,35,35,35,35,35,35,35,35,35,35,35,35,35,35,35,35,35,35,35,35,41,41,41,41,41,41,41,41,41,41,41],"card_choices":[{"not_picked":["Outmaneuver","Bane"],"picked":"Deadly Poison","floor":1},{"not_picked":["Flying Knee","Deadly Poison"],"picked":"Cloak And Dagger","floor":3},{"not_picked":["All Out Attack","PiercingWail"],"picked":"Dagger Throw","floor":4},{"not_picked":["Concentrate","Heel Hook"],"picked":"PiercingWail","floor":6},{"not_picked":["Sucker Punch","Choke"],"picked":"Dodge and Roll+1","floor":11},{"not_picked":["Dagger Throw","Deadly Poison+1"],"picked":"Tools of the Trade","floor":13},{"not_picked":["Dagger Spray","Poisoned Stab"],"picked":"Cloak And Dagger+1","floor":14},{"not_picked":["Venomology+1","Wraith Form v2"],"picked":"A Thousand Cuts","floor":16},{"not_picked":["Dagger Spray","Acrobatics+1"],"picked":"Footwork","floor":17},{"not_picked":["Underhanded Strike","Slice"],"picked":"Glass Knife","floor":17},{"not_picked":["Quick Slash","Dagger Throw"],"picked":"Infinite Blades","floor":17},{"not_picked":["Riddle With Holes","Slice"],"picked":"Dagger Spray","floor":17},{"not_picked":["Dodge and Roll+1","Outmaneuver+1"],"picked":"Backflip+1","floor":18},{"not_picked":["Envenom","Prepared+1"],"picked":"Backflip+1","floor":21},{"not_picked":["Expertise+1","Dagger Throw"],"picked":"Well Laid Plans","floor":23},{"not_picked":["PiercingWail+1","Expertise+1"],"picked":"Leg Sweep+1","floor":28},{"not_picked":["Slice","Bouncing Flask+1"],"picked":"Cloak And Dagger+1","floor":30},{"not_picked":["Reflex+1","Deflect+1","Skewer"],"picked":"SKIP","floor":31},{"not_picked":["Die Die Die","Grand Finale"],"picked":"Venomology+1","floor":33},{"not_picked":["All Out Attack+1","Bane","Poisoned Stab"],"picked":"SKIP","floor":35},{"not_picked":["Bane+1","Dagger Throw","Masterful Stab+1"],"picked":"SKIP","floor":36},{"not_picked":["Bane","Leg Sweep+1"],"picked":"Backflip+1","floor":37},{"not_picked":["Acrobatics+1","Eviscerate","Blade Dance+1"],"picked":"SKIP","floor":38},{"not_picked":["Flechettes","Quick Slash","Catalyst+1"],"picked":"SKIP","floor":41},{"not_picked":["Finisher+1","Sucker Punch","Crippling Poison+1"],"picked":"SKIP","floor":44},{"not_picked":["Dagger Spray+1","Slice"],"picked":"Backflip+1","floor":45},{"not_picked":["Backflip+1","Sucker Punch","Quick Slash+1"],"picked":"SKIP","floor":48},{"not_picked":["All Out Attack+1","Cloak And Dagger+1","Accuracy+1"],"picked":"SKIP","floor":54}],"player_experience":261794,"relics_obtained":[{"floor":6,"key":"Bronze Scales"},{"floor":9,"key":"Lantern"},{"floor":9,"key":"Toxic Egg 2"},{"floor":12,"key":"Oddly Smooth Stone"},{"floor":12,"key":"Pen Nib"},{"floor":13,"key":"Centennial Puzzle"},{"floor":23,"key":"Darkstone Periapt"},{"floor":28,"key":"Tingsha"},{"floor":30,"key":"Torii"},{"floor":37,"key":"The Specimen"},{"floor":41,"key":"Potion Belt"},{"floor":43,"key":"Orichalcum"},{"floor":54,"key":"Kunai"}],"event_choices":[{"damage_healed":0,"gold_gain":175,"player_choice":"AGREE","damage_taken":0,"max_hp_gain":0,"max_hp_loss":0,"event_name":"Liars Game","floor":2,"gold_loss":0,"cards_obtained":["Doubt"]},{"damage_healed":0,"gold_gain":0,"player_choice":"Entered Light","damage_taken":14,"max_hp_gain":0,"max_hp_loss":0,"event_name":"Shining Light","floor":5,"gold_loss":0,"cards_upgraded":["Survivor","Deadly Poison"]},{"damage_healed":0,"gold_gain":0,"player_choice":"Joined the Cult","damage_taken":6,"max_hp_gain":0,"max_hp_loss":0,"event_name":"Nest","floor":20,"gold_loss":0,"cards_obtained":["RitualDagger"]},{"damage_healed":0,"gold_gain":0,"player_choice":"Became a Ghost","damage_taken":0,"max_hp_gain":0,"max_hp_loss":35,"event_name":"Ghosts","floor":22,"gold_loss":0,"cards_obtained":["Ghostly","Ghostly","Ghostly","Ghostly","Ghostly"]},{"damage_healed":0,"gold_gain":0,"player_choice":"Ignored","damage_taken":0,"max_hp_gain":0,"max_hp_loss":0,"event_name":"Vampires","floor":25,"gold_loss":0},{"damage_healed":0,"gold_gain":0,"player_choice":"Fight","damage_taken":0,"max_hp_gain":0,"max_hp_loss":0,"event_name":"MindBloom","floor":37,"gold_loss":0},{"damage_healed":0,"gold_gain":0,"player_choice":"Paid","damage_taken":0,"relics_obtained":["Red Mask"],"max_hp_gain":0,"max_hp_loss":0,"event_name":"Tomb of Lord Red Mask","floor":42,"gold_loss":136},{"damage_healed":0,"gold_gain":0,"player_choice":"Ignored","damage_taken":0,"max_hp_gain":0,"max_hp_loss":0,"event_name":"Mysterious Sphere","floor":47,"gold_loss":0}],"is_beta":false,"boss_relics":[{"not_picked":["Ring of the Serpent","Fusion Hammer"],"picked":"Orrery"},{"not_picked":["White Beast Statue","Busted Crown"],"picked":"Sozu"}],"items_purged_floors":[39],"is_endless":false,"potions_floor_spawned":[4,11,13,14,16,18,28,31,33,37,41,44,48],"ascension_level":1}