{"gold_per_floor":[119,119,18,31,49,49,49,49,49,61,93,39,39,56,56,130,130,144,156,156,156,181,181,191,24,24,49,49,49,67,98,98,175,175,185,9,56,69,15,15,49,69,69,69,69,82,111,124,124,124,124],"floor_reached":52,"playtime":3785,"items_purged":["Strike_G","Strike_G"],"score":1921,"play_id":"890789e7-d4e8-41d1-b1a8-3440888c52c7","local_time":"20181123001012","is_ascension_mode":true,"campfire_choices":[{"data":"Skewer","floor":6.0,"key":"SMITH"},{"data":"Neutralize","floor":8.0,"key":"SMITH"},{"floor":15.0,"key":"REST"},{"floor":23.0,"key":"REST"},{"data":"Skewer","floor":28.0,"key":"SMITH"},{"floor":32,"key":"REST"},{"data":"Catalyst","floor":40,"key":"SMITH"},{"data":"Burst","floor":45,"key":"SMITH"},{"floor":49,"key":"REST"}],"neow_cost":"NONE","seed_source_timestamp":152677524066200,"circlet_count":0,"master_deck":["AscendersBane","Defend_G","Defend_G","Defend_G","Defend_G","Defend_G","Strike_G","Strike_G","Strike_G","Survivor","Neutralize+1","Skewer+1","Acrobatics","Sucker Punch","Sucker Punch","Dodge and Roll","Deadly Poison+1","Skewer+1","Die Die Die","Dash","Dagger Spray","Necronomicurse","Underhanded Strike","Catalyst+1","Footwork","Deflect+1","Leg Sweep","Burst+1","Noxious Fumes","Backflip","PiercingWail","PiercingWail+1","Deadly Poison","Predator","Dodge and Roll+1","Blur"],"special_seed":0,"relics":["Cursed Key","Gremlin Horn","Happy Flower","Runic Pyramid","Necronomicon","Red Mask","Prayer Wheel","Snake Skull","Busted Crown","Nunchaku","Pantograph","Juzu Bracelet"],"potions_floor_usage":[33,33,38,46,48,51],"damage_taken":[{"damage":3.0,"enemies":"2 Louse","floor":1.0,"turns":6.0},{"damage":2.0,"enemies":"Jaw Worm","floor":4.0,"turns":6.0},{"damage":0.0,"enemies":"Small Slimes","floor":5.0,"turns":3.0},{"damage":0.0,"enemies":"3 Louse","floor":10.0,"turns":3.0},{"damage":17.0,"enemies":"Lagavulin","floor":11.0,"turns":5.0},{"damage":4.0,"enemies":"Blue Slaver","floor":14.0,"turns":4.0},{"damage":19.0,"enemies":"The Guardian","floor":16.0,"turns":8.0},{"damage":12.0,"enemies":"Shell Parasite","floor":18.0,"turns":6.0},{"damage":1.0,"enemies":"Chosen","floor":19.0,"turns":5.0},{"damage":6.0,"enemies":"Masked Bandits","floor":22.0,"turns":3.0},{"damage":0.0,"enemies":"3 Cultists","floor":24.0,"turns":3.0},{"damage":21.0,"enemies":"Slavers","floor":27.0,"turns":4.0},{"damage":0.0,"enemies":"Sentry and Sphere","floor":30.0,"turns":3.0},{"damage":0,"enemies":"Gremlin Leader","floor":31,"turns":5},{"damage":20,"enemies":"Champ","floor":33,"turns":10},{"damage":0,"enemies":"Orb Walker","floor":35,"turns":3},{"damage":7,"enemies":"2 Orb Walkers","floor":37,"turns":2},{"damage":0,"enemies":"3 Darklings","floor":38,"turns":4},{"damage":11,"enemies":"Giant Head","floor":41,"turns":7},{"damage":4,"enemies":"Jaw Worm Horde","floor":42,"turns":4},{"damage":8,"enemies":"Spire Growth","floor":46,"turns":4},{"damage":22,"enemies":"Reptomancer","floor":47,"turns":4},{"damage":6,"enemies":"Maw","floor":48,"turns":4},{"damage":50,"enemies":"Awakened One","floor":50,"turns":19},{"damage":33,"enemies":"Time Eater","floor":51,"turns":13}],"seed_played":"-7616604867185766567","potions_obtained":[{"floor":1.0,"key":"SpeedPotion"},{"floor":4.0,"key":"AttackPotion"},{"floor":11.0,"key":"AttackPotion"},{"floor":14.0,"key":"PowerPotion"},{"floor":18.0,"key":"SkillPotion"},{"floor":27.0,"key":"Dexterity Potion"},{"floor":30.0,"key":"Swift Potion"},{"floor":33,"key":"Strength Potion"},{"floor":37,"key":"Regen Potion"},{"floor":41,"key":"Swift Potion"},{"floor":46,"key":"Weak Potion"},{"floor":47,"key":"Regen Potion"}],"is_trial":false,"path_per_floor":["M","?","$","M","M","R","T","R","T","M","E","$","?","M","R","B",null,"M","M","$","?","?","R","M","$","T","E","R","T","M","E","R","B",null,"M","$","?","M","$","R","E","M","T","?","R","M","E","M","R","B","B",null],"character_chosen":"THE_SILENT","items_purchased":["Acrobatics","Deadly Poison","Regen Potion","Catalyst","Noxious Fumes","Backflip"],"campfire_rested":4,"item_purchase_floors":[3,12,25,25,36,39],"current_hp_per_floor":[56,45,45,43,43,43,43,43,43,43,26,26,26,22,41,22,55,43,42,42,21,15,34,34,34,34,25,25,25,25,25,44,24,56,56,56,49,63,63,63,52,48,48,48,48,40,18,24,43,16,8],"gold":124,"neow_bonus":"BOSS_RELIC","is_prod":false,"is_daily":false,"chose_seed":false,"campfire_upgraded":5,"win_rate":0,"timestamp":1542949812,"path_taken":["M","?","$","M","M","R","?","R","T","M","E","?","?","M","R","BOSS","M","M","$","?","?","R","M","$","T","E","R","?","M","E","R","BOSS","M","$","?","M","$","R","E","M","T","?","R","?","E","M","R","BOSS","BOSS"],"build_version":"2018-11-15","purchased_purges":2,"victory":true,"max_hp_per_floor":[66,66,66,66,66,66,66,66,66,66,66,66,66,66,66,66,66,66,66,66,66,66,66,66,66,66,66,66,66,66,66,66,66,66,66,66,66,66,66,66,66,66,66,66,66,66,66,66,66,66,66],"card_choices":[{"not_picked":["Tactician","Dagger Spray"],"picked":"Skewer","floor":1.0},{"not_picked":["Underhanded Strike","Bane"],"picked":"Sucker Punch","floor":4.0},{"not_picked":["Deflect","Slice","Reflex"],"picked":"SKIP","floor":5.0},{"not_picked":["Sucker Punch","Infinite Blades","Tactician"],"picked":"SKIP","floor":10.0},{"not_picked":["Infinite Blades","Tactician"],"picked":"Sucker Punch","floor":10.0},{"not_picked":["Blade Dance","Underhanded Strike"],"picked":"Dodge and Roll","floor":11.0},{"not_picked":["Quick Slash","Acrobatics"],"picked":"Skewer","floor":14.0},{"not_picked":["Grand Finale","Phantasmal Killer"],"picked":"Die Die Die","floor":16.0},{"not_picked":["Underhanded Strike","Outmaneuver"],"picked":"Dash","floor":18.0},{"not_picked":["Endless Agony","Tactician"],"picked":"Dagger Spray","floor":19.0},{"not_picked":["Acrobatics","Finisher"],"picked":"Underhanded Strike","floor":22.0},{"not_picked":["Infinite Blades","Sucker Punch+1","Crippling Poison"],"picked":"SKIP","floor":24.0},{"not_picked":["Blade Dance","Terror"],"picked":"Footwork","floor":27.0},{"not_picked":["Bane","Expertise+1"],"picked":"Deflect+1","floor":30.0},{"not_picked":["Flying Knee","Quick Slash","Sucker Punch"],"picked":"SKIP","floor":30.0},{"not_picked":["Backflip","Escape Plan"],"picked":"Leg Sweep","floor":31},{"not_picked":["Venomology","Unload"],"picked":"Burst","floor":33},{"not_picked":["Underhanded Strike"],"picked":"SKIP","floor":35},{"not_picked":["Sucker Punch"],"picked":"SKIP","floor":35},{"not_picked":["Riddle With Holes"],"picked":"SKIP","floor":38},{"not_picked":["Setup"],"picked":"SKIP","floor":38},{"not_picked":[],"picked":"PiercingWail","floor":41},{"not_picked":[],"picked":"PiercingWail+1","floor":42},{"not_picked":[],"picked":"Deadly Poison","floor":42},{"not_picked":[],"picked":"Predator","floor":46},{"not_picked":["Prepared"],"picked":"SKIP","floor":46},{"not_picked":[],"picked":"Dodge and Roll+1","floor":47},{"not_picked":[],"picked":"Blur","floor":48},{"not_picked":["Acrobatics"],"picked":"SKIP","floor":48}],"player_experience":1657831,"relics_obtained":[{"floor":11.0,"key":"Happy Flower"},{"floor":21.0,"key":"Necronomicon"},{"floor":22.0,"key":"Red Mask"},{"floor":27.0,"key":"Prayer Wheel"},{"floor":31,"key":"Snake Skull"},{"floor":37,"key":"Nunchaku"},{"floor":41,"key":"Pantograph"},{"floor":47,"key":"Juzu Bracelet"}],"event_choices":[{"damage_healed":0.0,"max_hp_gain":0.0,"max_hp_loss":0.0,"gold_gain":0.0,"event_name":"Scrap Ooze","player_choice":"Success","floor":2.0,"gold_loss":0.0,"damage_taken":11.0,"relics_obtained":["Gremlin Horn"]},{"damage_healed":0.0,"max_hp_gain":0.0,"max_hp_loss":0.0,"gold_gain":0.0,"event_name":"Living Wall","player_choice":"Grow","floor":13.0,"gold_loss":0.0,"damage_taken":0.0,"cards_upgraded":["Deadly Poison"]},{"damage_healed":0.0,"max_hp_gain":0.0,"max_hp_loss":0.0,"gold_gain":0.0,"event_name":"Cursed Tome","player_choice":"Obtained Book","floor":21.0,"gold_loss":0.0,"damage_taken":21.0},{"damage_healed":0.0,"max_hp_gain":0.0,"max_hp_loss":0.0,"gold_gain":0.0,"event_name":"Masked Bandits","player_choice":"Fought Bandits","floor":22.0,"gold_loss":0.0,"damage_taken":0.0},{"damage_healed":0,"gold_gain":0,"player_choice":"Fight","damage_taken":0,"max_hp_gain":0,"max_hp_loss":0,"event_name":"Mysterious Sphere","floor":37,"gold_loss":0},{"damage_healed":0,"gold_gain":0,"player_choice":"Got Potions","damage_taken":0,"max_hp_gain":0,"max_hp_loss":0,"event_name":"Lab","floor":44,"gold_loss":0}],"is_beta":true,"boss_relics":[{"not_picked":["WristBlade","HoveringKite"],"picked":"Runic Pyramid"},{"not_picked":["Snecko Eye","Eternal Feather"],"picked":"Busted Crown"}],"items_purged_floors":[3,36],"is_endless":false,"potions_floor_spawned":[1,4,11,14,18,27,30,33,37,41,46,47],"ascension_level":20}