{"gold_per_floor":[213,213,213,233,251,251,279,279,333,349,349,363,389,402,402,506,506,522,429,447,467,467,502,519,544,544,347,359,359,359,394,394,498,498,508,34,79,99,117,145,145,478,556,566,376,392,56,74,74,74],"floor_reached":51,"playtime":2772,"items_purged":[],"score":829,"play_id":"32fef52c-fe1c-4ef6-b8df-e383b6acdd55","local_time":"20180731084646","is_ascension_mode":false,"campfire_choices":[{"data":"Metallicize","floor":6.0,"key":"SMITH"},{"data":"Metallicize","floor":11.0,"key":"SMITH"},{"data":"Shrug It Off","floor":15.0,"key":"SMITH"},{"floor":30.0,"key":"REST"},{"floor":32.0,"key":"REST"},{"floor":41,"key":"REST"},{"floor":49,"key":"REST"}],"neow_cost":"NONE","seed_source_timestamp":0,"circlet_count":0,"master_deck":["Strike_R+1","Strike_R","Strike_R","Strike_R","Strike_R","Defend_R","Defend_R","Defend_R","Defend_R","Bash","Metallicize+1","Metallicize+1","Dropkick","Shrug It Off+1","Limit Break","Cleave+1","Spot Weakness","Anger","Heavy Blade+1","Armaments","Shrug It Off","Rage","Heavy Blade","Armaments+1","Inflame","Dropkick+1","Carnage+1","Dropkick","Metallicize","Panache","Metallicize+1"],"special_seed":0,"relics":["Burning Blood","Centennial Puzzle","Dead Branch","Blood Vial","Mango","Sozu","Incense Burner","Anchor","Bottled Flame","Oddly Smooth Stone","Matryoshka","Fusion Hammer","Shuriken","Boot","Calipers","Nunchaku","Old Coin","Whetstone","Mummified Hand","ClockworkSouvenir","Vajra"],"potions_floor_usage":[],"damage_taken":[{"damage":5.0,"enemies":"Jaw Worm","floor":1.0,"turns":4.0},{"damage":3.0,"enemies":"Small Slimes","floor":4.0,"turns":3.0},{"damage":1.0,"enemies":"Cultist","floor":5.0,"turns":5.0},{"damage":23.0,"enemies":"Gremlin Nob","floor":7.0,"turns":6.0},{"damage":2.0,"enemies":"Blue Slaver","floor":10.0,"turns":5.0},{"damage":4.0,"enemies":"Red Slaver","floor":12.0,"turns":5.0},{"damage":11.0,"enemies":"3 Sentries","floor":13.0,"turns":10.0},{"damage":7.0,"enemies":"2 Fungi Beasts","floor":14.0,"turns":5.0},{"damage":27.0,"enemies":"Slime Boss","floor":16.0,"turns":17.0},{"damage":4.0,"enemies":"Shell Parasite","floor":18.0,"turns":9.0},{"damage":14.0,"enemies":"2 Thieves","floor":20.0,"turns":4.0},{"damage":9.0,"enemies":"Snecko","floor":21.0,"turns":6.0},{"damage":23.0,"enemies":"Slavers","floor":23.0,"turns":5.0},{"damage":11.0,"enemies":"Sentry and Sphere","floor":24.0,"turns":7.0},{"damage":25.0,"enemies":"Gremlin Leader","floor":25.0,"turns":6.0},{"damage":11.0,"enemies":"Slaver and Parasite","floor":28.0,"turns":7.0},{"damage":27.0,"enemies":"Slavers","floor":31.0,"turns":5.0},{"damage":70.0,"enemies":"Champ","floor":33.0,"turns":12.0},{"damage":5,"enemies":"3 Darklings","floor":35,"turns":5},{"damage":16,"floor":37,"turns":5},{"damage":2,"enemies":"3 Shapes","floor":38,"turns":4},{"damage":9,"enemies":"Flame Bruiser 2 Orb","floor":39,"turns":5},{"damage":13,"enemies":"Giant Head","floor":40,"turns":7},{"damage":26,"enemies":"2 Orb Walkers","floor":42,"turns":5},{"damage":20,"enemies":"Maw","floor":44,"turns":6},{"damage":6,"enemies":"Transient","floor":46,"turns":5},{"damage":8,"enemies":"4 Shapes","floor":48,"turns":4},{"damage":76,"enemies":"Awakened One","floor":50,"turns":11}],"seed_played":"-4933568189234787479","potions_obtained":[{"floor":7.0,"key":"AttackPotion"},{"floor":10.0,"key":"SteroidPotion"},{"floor":13.0,"key":"LiquidBronze"},{"floor":16.0,"key":"EssenceOfSteel"}],"is_trial":false,"path_per_floor":["M","$","?","M","M","R","E","?","T","M","R","M","E","M","R","B",null,"M","$","M","M","?","E","M","E","T","$","M","?","R","E","R","B",null,"M","$","?","M","M","E","R","E","T","M","$","M","$","M","R","B"],"character_chosen":"IRONCLAD","items_purchased":["Spot Weakness","Anger","Shrug It Off","Oddly Smooth Stone","Shuriken","Inflame","Boot","ClockworkSouvenir","Vajra","Panache"],"campfire_rested":4,"item_purchase_floors":[19,19,27,27,36,36,36,45,47,47],"current_hp_per_floor":[80,80,80,80,80,80,63,63,63,69,69,73,84,85,85,66,94,94,94,86,85,85,70,67,50,50,50,47,47,75,56,84,22,94,94,94,84,90,89,84,94,74,74,62,62,64,64,64,92,24],"gold":74,"neow_bonus":"HUNDRED_GOLD","is_prod":false,"is_daily":false,"chose_seed":false,"campfire_upgraded":3,"win_rate":0,"timestamp":1533041206,"path_taken":["M","$","?","M","M","R","E","?","T","M","R","M","E","M","R","BOSS","M","$","M","M","?","E","M","E","T","$","M","?","R","E","R","BOSS","M","$","?","M","M","E","R","E","T","M","$","M","$","M","R","BOSS"],"build_version":"2018-07-26","purchased_purges":0,"victory":true,"max_hp_per_floor":[80,80,80,80,80,80,80,80,80,80,80,80,94,94,94,94,94,94,94,94,94,94,94,94,94,94,94,94,94,94,94,94,94,94,94,94,94,94,94,94,94,94,94,94,94,94,94,94,94,94],"card_choices":[{"not_picked":["Iron Wave","Havoc"],"picked":"Metallicize","floor":1.0},{"not_picked":["Clothesline","Shrug It Off"],"picked":"Metallicize","floor":4.0},{"not_picked":["Flame Barrier","Uppercut","Havoc"],"picked":"SKIP","floor":5.0},{"not_picked":["Combust","Clothesline"],"picked":"Dropkick","floor":7.0},{"not_picked":["Immolate","Hemokinesis","Body Slam"],"picked":"SKIP","floor":10.0},{"not_picked":["Infernal Blade","True Grit"],"picked":"Shrug It Off","floor":12.0},{"not_picked":["Clash","Warcry","Headbutt"],"picked":"SKIP","floor":13.0},{"not_picked":["Iron Wave","Perfected Strike","Clothesline"],"picked":"SKIP","floor":14.0},{"not_picked":["Bludgeon","Feed"],"picked":"Limit Break","floor":16.0},{"not_picked":["True Grit+1","Pommel Strike"],"picked":"Cleave+1","floor":18.0},{"not_picked":["Sever Soul","Perfected Strike","Corruption"],"picked":"SKIP","floor":20.0},{"not_picked":["Headbutt","Second Wind","True Grit"],"picked":"SKIP","floor":21.0},{"not_picked":["Thunderclap","Rupture","Juggernaut"],"picked":"SKIP","floor":23.0},{"not_picked":["Blood for Blood","Iron Wave+1"],"picked":"Heavy Blade","floor":24.0},{"not_picked":["Corruption+1","Seeing Red"],"picked":"Armaments","floor":25.0},{"not_picked":["Uppercut+1","Twin Strike"],"picked":"Rage","floor":28.0},{"not_picked":["Heavy Blade","Exhume","Wild Strike"],"picked":"SKIP","floor":31.0},{"not_picked":["Shrug It Off+1","Wild Strike"],"picked":"Armaments+1","floor":35},{"not_picked":["Pommel Strike+1","Flex"],"picked":"Dropkick+1","floor":38},{"not_picked":["Iron Wave","True Grit+1"],"picked":"Carnage+1","floor":39},{"not_picked":["Combust+1","Reckless Charge+1","Power Through"],"picked":"SKIP","floor":40},{"not_picked":["Seeing Red+1","Sword Boomerang+1","Reaper"],"picked":"SKIP","floor":42},{"not_picked":["Combust","Sword Boomerang+1"],"picked":"Dropkick","floor":44},{"not_picked":["Armaments","Evolve+1"],"picked":"Metallicize","floor":46},{"not_picked":["Ghostly Armor+1","Heavy Blade+1"],"picked":"Metallicize+1","floor":48}],"player_experience":81267,"relics_obtained":[{"floor":7.0,"key":"Centennial Puzzle"},{"floor":9.0,"key":"Blood Vial"},{"floor":13.0,"key":"Mango"},{"floor":23.0,"key":"Incense Burner"},{"floor":25.0,"key":"Anchor"},{"floor":26.0,"key":"Bottled Flame"},{"floor":31.0,"key":"Matryoshka"},{"floor":37,"key":"Calipers"},{"floor":40,"key":"Nunchaku"},{"floor":42,"key":"Old Coin"},{"floor":43,"key":"Whetstone"},{"floor":43,"key":"Mummified Hand"}],"event_choices":[{"event_name":"Golden Wing","player_choice":"Ignored","floor":3.0,"damage_taken":0.0},{"event_name":"WeMeetAgain","player_choice":"Potion","floor":8.0,"damage_taken":0.0},{"event_name":"Drug Dealer","player_choice":"Ignored","floor":22.0,"damage_taken":0.0},{"event_name":"The Library","player_choice":"Read","floor":29.0,"damage_taken":0.0},{"event_name":"Mysterious Sphere","player_choice":"Fight","floor":37,"damage_taken":0}],"is_beta":false,"boss_relics":[{"not_picked":["Mark of Pain","Tiny House"],"picked":"Sozu"},{"not_picked":["Cursed Key","Snecko Eye"],"picked":"Fusion Hammer"}],"items_purged_floors":[],"is_endless":false,"potions_floor_spawned":[7,10,13,16,18,23,25,37,40,44,48],"ascension_level":0}