{"path_per_floor":["M","M","?","$","?","E","M","M","T","M","R","M","E","$","R","B",null,"M","?","?","$","?","R","$","M","T","R","M","R","T","M","R"],"character_chosen":"IRONCLAD","items_purchased":["Metallicize","Clothesline","Rage","Fire Breathing","Twin Strike","Shrug It Off","Cleave"],"gold_per_floor":[119,138,138,35,35,67,86,102,127,146,146,161,186,24,24,123,123,136,136,136,31,31,31,31,42,42,42,54,54,81,98,98,98],"floor_reached":33,"campfire_rested":5,"playtime":3074,"item_purchase_floors":[4,4,14,14,14,21,21],"current_hp_per_floor":[80,80,80,80,73,79,80,69,69,60,80,80,51,51,80,47,80,63,63,63,63,48,85,85,67,67,85,71,71,71,58,85,0],"items_purged":[],"gold":98,"score":280,"play_id":"d75ac0c5-ccb9-46cb-80cd-deddf9323304","local_time":"20180622011413","is_prod":false,"is_daily":false,"chose_seed":false,"is_ascension_mode":false,"campfire_upgraded":1,"win_rate":0.0,"timestamp":1529655253,"campfire_choices":[{"floor":11,"key":"REST"},{"floor":15,"key":"REST"},{"floor":23,"key":"REST"},{"floor":27,"key":"REST"},{"data":"Entrench","floor":29,"key":"SMITH"},{"floor":32,"key":"REST"}],"path_taken":["M","M","?","$","?","E","?","M","T","M","R","M","E","$","R","BOSS","M","?","?","$","?","R","$","M","T","R","M","R","?","M","R","BOSS"],"build_version":"2018-06-21","seed_source_timestamp":14366942559182,"purchased_purges":0,"circlet_count":0,"victory":false,"master_deck":["Strike_R+1","Strike_R+1","Strike_R+1","Strike_R+1","Strike_R+1","Defend_R+1","Defend_R+1","Defend_R+1","Defend_R+1","Bash","Anger","Clash","Metallicize","Clothesline","Battle Trance","Sword Boomerang","Feel No Pain","Juggernaut","True Grit","Entrench+1","Rage","Fire Breathing","Twin Strike","Berserk","Iron Wave+1","Shrug It Off","Cleave","Anger","Pommel Strike","Thunderclap"],"max_hp_per_floor":[80,80,80,80,80,80,80,80,80,80,80,80,80,80,80,80,80,80,80,80,80,85,85,85,85,85,85,85,85,85,85,85,85],"relics":["Black Blood","NeowsBlessing","Lantern","Regal Pillow","Pen Nib","Juzu Bracelet","Bronze Scales","Bag of Preparation"],"card_choices":[{"not_picked":["Pummel","Reckless Charge"],"picked":"Anger","floor":1},{"not_picked":["Armaments","Hemokinesis"],"picked":"Clash","floor":2},{"not_picked":["Rupture","Flex"],"picked":"Battle Trance","floor":6},{"not_picked":["Body Slam","Power Through"],"picked":"Sword Boomerang","floor":7},{"not_picked":["Power Through","Hemokinesis"],"picked":"Feel No Pain","floor":8},{"not_picked":["Clash","Warcry"],"picked":"Juggernaut","floor":10},{"not_picked":["Second Wind","Power Through"],"picked":"True Grit","floor":12},{"not_picked":["Carnage","Shrug It Off"],"picked":"Entrench","floor":13},{"not_picked":["Brutality","Juggernaut"],"picked":"Berserk","floor":16},{"not_picked":["Armaments","Cleave"],"picked":"Iron Wave+1","floor":18},{"not_picked":["Twin Strike","True Grit"],"picked":"Anger","floor":25},{"not_picked":["Clothesline+1","True Grit"],"picked":"Pommel Strike","floor":28},{"not_picked":["True Grit","Clothesline+1"],"picked":"Thunderclap","floor":31}],"player_experience":5477,"potions_floor_usage":[16,16,18,33],"damage_taken":[{"damage":0,"enemies":"Small Slimes","floor":1,"turns":1},{"damage":0,"enemies":"Cultist","floor":2,"turns":1},{"damage":0,"enemies":"Lagavulin","floor":6,"turns":1},{"damage":0,"enemies":"Jaw Worm","floor":7,"turns":3},{"damage":17,"enemies":"Large Slime","floor":8,"turns":6},{"damage":15,"enemies":"Exordium Wildlife","floor":10,"turns":6},{"damage":0,"enemies":"Red Slaver","floor":12,"turns":4},{"damage":35,"enemies":"Gremlin Nob","floor":13,"turns":6},{"damage":39,"enemies":"Slime Boss","floor":16,"turns":11},{"damage":35,"enemies":"Shell Parasite","floor":18,"turns":7},{"damage":28,"enemies":"Chosen","floor":25,"turns":7},{"damage":24,"enemies":"Snake Plant","floor":28,"turns":4},{"damage":23,"enemies":"3 Cultists","floor":31,"turns":5},{"damage":93,"enemies":"Champ","floor":33,"turns":14}],"relics_obtained":[{"floor":6,"key":"Regal Pillow"},{"floor":9,"key":"Pen Nib"},{"floor":13,"key":"Juzu Bracelet"},{"floor":26,"key":"Bronze Scales"},{"floor":30,"key":"Bag of Preparation"}],"event_choices":[{"event_name":"Purifier","player_choice":"Skipped","floor":3,"damage_taken":0},{"event_name":"Scrap Ooze","player_choice":"success","floor":5,"damage_taken":7},{"event_name":"Ghosts","player_choice":"Ignored","floor":19,"damage_taken":0},{"event_name":"Back to Basics","player_choice":"Simplicity","floor":20,"damage_taken":0},{"event_name":"Forgotten Altar","player_choice":"Shed Blood","floor":22,"damage_taken":0}],"boss_relics":[{"not_picked":["Astrolabe","Philosopher\u0027s Stone"],"picked":"Black Blood"}],"items_purged_floors":[],"is_endless":false,"potions_floor_spawned":[7,10,13,16,18,28],"seed_played":"2358044475240415340","killed_by":"Champ","ascension_level":0,"potions_obtained":[{"floor":7,"key":"SteroidPotion"},{"floor":10,"key":"SkillPotion"},{"floor":13,"key":"Energy Potion"},{"floor":16,"key":"BloodPotion"},{"floor":18,"key":"FearPotion"},{"floor":28,"key":"Dexterity Potion"}],"is_trial":false}