{"gold_per_floor":[144,144,189,34,79,79,79,169,194,194,284,329,374,419,419,419],"floor_reached":16,"playtime":1013,"items_purged":["Expertise"],"score":137,"play_id":"deed9782-7db6-47d0-81f8-5420c9d3b964","local_time":"20190123204342","daily_mods":["Specialized","Green Cards","Midas"],"is_ascension_mode":false,"campfire_choices":[{"floor":6,"key":"REST"},{"floor":10,"key":"DIG"},{"floor":15,"key":"REST"}],"neow_cost":"","seed_source_timestamp":0,"circlet_count":0,"master_deck":["Strike_B","Strike_B","Strike_B","Strike_B","Defend_B","Defend_B","Defend_B","Defend_B","Zap","Dualcast","Expertise","Expertise","Expertise","Expertise","Prepared","Flechettes","Caltrops","Genetic Algorithm+1","Go for the Eyes","Echo Form","Prepared","Go for the Eyes","Cloak And Dagger"],"special_seed":17920,"relics":["Cracked Core","Du-Vu Doll","Shovel","Happy Flower","Bronze Scales","Emotion Chip"],"potions_floor_usage":[8,8,16,16,16],"damage_taken":[{"damage":10,"enemies":"Jaw Worm","floor":1,"turns":6},{"damage":1,"enemies":"Cultist","floor":3,"turns":3},{"damage":2,"enemies":"Small Slimes","floor":5,"turns":3},{"damage":15,"enemies":"3 Sentries","floor":8,"turns":8},{"damage":34,"enemies":"Gremlin Nob","floor":11,"turns":5},{"damage":0,"enemies":"3 Louse","floor":12,"turns":2},{"damage":11,"enemies":"Lots of Slimes","floor":13,"turns":4},{"damage":0,"enemies":"Blue Slaver","floor":14,"turns":2},{"damage":38,"enemies":"The Guardian","floor":16,"turns":6}],"seed_played":"5878124087660540128","potions_obtained":[{"floor":1,"key":"Energy Potion"},{"floor":3,"key":"SteroidPotion"},{"floor":5,"key":"EssenceOfSteel"},{"floor":12,"key":"SteroidPotion"},{"floor":14,"key":"GamblersBrew"}],"is_trial":false,"path_per_floor":["M","?","M","$","M","R","?","E","T","R","E","M","M","M","R","B"],"character_chosen":"DEFECT","items_purchased":["Caltrops"],"campfire_rested":2,"item_purchase_floors":[4],"current_hp_per_floor":[65,62,61,61,59,75,75,60,60,60,26,26,15,15,37,0],"gold":419,"neow_bonus":"","is_prod":false,"is_daily":true,"chose_seed":false,"campfire_upgraded":0,"win_rate":0,"timestamp":1548294222,"path_taken":["M","?","M","$","M","R","?","E","T","R","E","M","?","M","R","BOSS"],"build_version":"2019-01-23","purchased_purges":1,"victory":false,"max_hp_per_floor":[75,75,75,75,75,75,75,75,75,75,75,75,75,75,75,75],"card_choices":[{"not_picked":["Blizzard","Tactician"],"picked":"Prepared","floor":1},{"not_picked":["Static Discharge","Beam Cell"],"picked":"Flechettes","floor":3},{"not_picked":["Chaos","Underhanded Strike"],"picked":"Genetic Algorithm","floor":5},{"not_picked":["Capacitor","Glacier"],"picked":"Go for the Eyes","floor":8},{"not_picked":["Meteor Strike","Turbo"],"picked":"Echo Form","floor":11},{"not_picked":["Flying Knee","Sucker Punch"],"picked":"Prepared","floor":12},{"not_picked":["Finisher","Meteor Strike"],"picked":"Go for the Eyes","floor":13},{"not_picked":["Flying Knee","Streamline"],"picked":"Cloak And Dagger","floor":14}],"player_experience":827632,"relics_obtained":[{"floor":8,"key":"Shovel"},{"floor":9,"key":"Happy Flower"},{"floor":10,"key":"Bronze Scales"},{"floor":11,"key":"Emotion Chip"}],"event_choices":[{"damage_healed":0,"gold_gain":0,"player_choice":"Success","damage_taken":3,"relics_obtained":["Du-Vu Doll"],"max_hp_gain":0,"max_hp_loss":0,"event_name":"Scrap Ooze","floor":2,"gold_loss":0},{"damage_healed":0,"gold_gain":0,"player_choice":"Upgraded","damage_taken":0,"max_hp_gain":0,"max_hp_loss":0,"event_name":"Upgrade Shrine","floor":7,"gold_loss":0,"cards_upgraded":["Genetic Algorithm"]}],"is_beta":false,"boss_relics":[],"items_purged_floors":[4],"is_endless":false,"potions_floor_spawned":[1,3,5,12,14],"killed_by":"The Guardian","ascension_level":0}