{"gold_per_floor":[164,85,101,101,112,112,137,152,152,152,164,195,195,208,208,279,279,299,319,33,44,44,44,64,92,92,92,108,108,126,126,126,200,200,220,1219,1219,1219,489,489,517,533,533,10,29,60,60,5,5,5,5],"floor_reached":52,"playtime":4938,"items_purged":["Strike_G","Normality","Normality"],"score":1930,"play_id":"fd565199-3d77-458b-8f8f-03ca40adbb0b","local_time":"20190202190822","is_ascension_mode":true,"campfire_choices":[{"data":"Neutralize","floor":6.0,"key":"SMITH"},{"floor":10.0,"key":"REST"},{"floor":13.0,"key":"REST"},{"data":"Noxious Fumes","floor":15.0,"key":"SMITH"},{"floor":23.0,"key":"REST"},{"floor":27.0,"key":"REST"},{"floor":29.0,"key":"REST"},{"floor":32.0,"key":"REST"},{"floor":40.0,"key":"REST"},{"floor":47,"key":"REST"},{"floor":49,"key":"REST"}],"neow_cost":"NONE","seed_source_timestamp":91566888825100,"circlet_count":0,"master_deck":["AscendersBane","Defend_G","Defend_G","Defend_G","Defend_G","Defend_G","Survivor","Neutralize+1","Cloak And Dagger","PiercingWail","Noxious Fumes+1","Quick Slash","Bouncing Flask","Dagger Throw","Cloak And Dagger","Backflip","Cloak And Dagger","Envenom","Backflip","Footwork","Apotheosis","Bite","Bite","Bite","Bite","Corpse Explosion","PiercingWail","PiercingWail","Wraith Form v2","Cloak And Dagger","Dodge and Roll","Well Laid Plans","Acrobatics","Dodge and Roll","Acrobatics"],"special_seed":0,"relics":["Tiny House","Bottled Lightning","Dodecahedron","Pear","Fusion Hammer","Tough Bandages","Cursed Key","Gambling Chip","OrangePellets","Singing Bowl","Membership Card","Mango","Bottled Tornado"],"potions_floor_usage":[46,46],"damage_taken":[{"damage":3.0,"enemies":"Jaw Worm","floor":1.0,"turns":5.0},{"damage":2.0,"enemies":"2 Louse","floor":3.0,"turns":4.0},{"damage":4.0,"enemies":"Small Slimes","floor":5.0,"turns":4.0},{"damage":18.0,"enemies":"Lagavulin","floor":7.0,"turns":9.0},{"damage":26.0,"enemies":"Exordium Wildlife","floor":8.0,"turns":6.0},{"damage":9.0,"enemies":"Looter","floor":11.0,"turns":4.0},{"damage":18.0,"enemies":"3 Sentries","floor":12.0,"turns":8.0},{"damage":5.0,"enemies":"Lots of Slimes","floor":14.0,"turns":6.0},{"damage":32.0,"enemies":"Slime Boss","floor":16.0,"turns":10.0},{"damage":17.0,"enemies":"2 Thieves","floor":18.0,"turns":5.0},{"damage":9.0,"enemies":"Chosen","floor":19.0,"turns":6.0},{"damage":8.0,"enemies":"Snake Plant","floor":21.0,"turns":5.0},{"damage":5.0,"enemies":"Snecko","floor":24.0,"turns":6.0},{"damage":59.0,"enemies":"Slavers","floor":25.0,"turns":5.0},{"damage":11.0,"enemies":"Centurion and Healer","floor":28.0,"turns":5.0},{"damage":5.0,"enemies":"Snake Plant","floor":30.0,"turns":8.0},{"damage":19.0,"enemies":"Colosseum Slavers","floor":31.0,"turns":5.0},{"damage":47.0,"enemies":"Automaton","floor":33.0,"turns":13.0},{"damage":1.0,"enemies":"3 Shapes","floor":35.0,"turns":4.0},{"damage":37.0,"enemies":"Nemesis","floor":41.0,"turns":9.0},{"damage":11.0,"enemies":"Orb Walker","floor":42.0,"turns":5.0},{"damage":13,"enemies":"Sphere and 2 Shapes","floor":45,"turns":7},{"damage":38,"enemies":"Reptomancer","floor":46,"turns":12},{"damage":31,"enemies":"Donu and Deca","floor":50,"turns":12},{"damage":78,"enemies":"Awakened One","floor":51,"turns":23}],"seed_played":"4356771896000791350","potions_obtained":[{"floor":0.0,"key":"Weak Potion"},{"floor":1.0,"key":"EntropicBrew"},{"floor":11.0,"key":"Poison Potion"},{"floor":12.0,"key":"Strength Potion"},{"floor":16.0,"key":"Explosive Potion"},{"floor":18.0,"key":"Regen Potion"},{"floor":28.0,"key":"LiquidBronze"},{"floor":30.0,"key":"Fire Potion"},{"floor":35.0,"key":"Strength Potion"}],"is_trial":false,"path_per_floor":["M","$","M","?","M","R","E","M","T","R","M","E","R","M","R","B",null,"M","M","$","M","?","R","M","E","T","R","M","R","M","?","R","B",null,"M","?","?","?","$","R","E","M","T","$","M","E","R","$","R","B","B",null],"character_chosen":"THE_SILENT","items_purchased":["Noxious Fumes","Apotheosis","Gambling Chip","OrangePellets","Dodge and Roll","Membership Card","Well Laid Plans","Mango","SpeedPotion","Dodge and Roll","Acrobatics"],"campfire_rested":9,"item_purchase_floors":[2,20,39,39,39,44,44,44,44,48,48],"current_hp_per_floor":[61,61,59,64,60,60,42,16,16,38,29,21,46,41,41,9,67,50,56,56,48,48,60,60,8,8,26,33,51,58,49,60,40,55,60,60,60,60,60,60,28,24,24,38,44,32,56,56,80,67,40],"gold":5,"neow_bonus":"BOSS_RELIC","is_prod":false,"is_daily":false,"chose_seed":false,"campfire_upgraded":2,"win_rate":0,"timestamp":1549152502,"path_taken":["M","$","M","?","M","R","E","M","T","R","M","E","R","M","R","BOSS","M","M","$","M","?","R","M","E","T","R","M","R","M","?","R","BOSS","M","?","?","?","$","R","E","?","T","$","M","E","R","$","R","BOSS","BOSS"],"build_version":"2019-01-23","purchased_purges":3,"victory":true,"max_hp_per_floor":[71,71,71,76,76,76,76,76,76,76,76,86,86,86,86,86,86,86,86,86,86,60,60,60,60,60,60,60,60,60,60,60,60,60,60,60,60,60,60,60,62,64,64,78,80,80,80,80,80,80,80],"card_choices":[{"not_picked":["Accuracy","Acrobatics"],"picked":"Cloak And Dagger","floor":0.0},{"not_picked":["Slice","Outmaneuver"],"picked":"PiercingWail","floor":1.0},{"not_picked":["Riddle With Holes","Tactician"],"picked":"Quick Slash","floor":3.0},{"not_picked":["Poisoned Stab","Reflex"],"picked":"Bouncing Flask","floor":5.0},{"not_picked":["Sucker Punch","Grand Finale"],"picked":"Dagger Throw","floor":7.0},{"not_picked":["Distraction","Backstab"],"picked":"Cloak And Dagger","floor":8.0},{"not_picked":["Cloak And Dagger","Underhanded Strike"],"picked":"Backflip","floor":11.0},{"not_picked":["Underhanded Strike","Deadly Poison"],"picked":"Cloak And Dagger","floor":12.0},{"not_picked":["Dagger Throw","Concentrate"],"picked":"Envenom","floor":14.0},{"not_picked":["Skewer","Choke"],"picked":"Backflip","floor":18.0},{"not_picked":["Underhanded Strike","Eviscerate"],"picked":"Footwork","floor":19.0},{"not_picked":["Deadly Poison","Outmaneuver","Prepared"],"picked":"SKIP","floor":21.0},{"not_picked":["Escape Plan","Flying Knee"],"picked":"Corpse Explosion","floor":24.0},{"not_picked":["Flying Knee","Predator","Outmaneuver"],"picked":"SKIP","floor":25.0},{"not_picked":["Prepared+1","Cloak And Dagger"],"picked":"PiercingWail","floor":28.0},{"not_picked":["Tactician","Masterful Stab"],"picked":"PiercingWail","floor":30.0},{"not_picked":["Venomology","Night Terror"],"picked":"Wraith Form v2","floor":33.0},{"not_picked":["Bane","Prepared"],"picked":"Cloak And Dagger","floor":35.0},{"not_picked":["All Out Attack","Backstab","Accuracy"],"picked":"Singing Bowl","floor":41.0},{"not_picked":["Prepared","Bane","Dagger Throw"],"picked":"Singing Bowl","floor":42.0},{"not_picked":["Bouncing Flask","Reflex","Quick Slash"],"picked":"Singing Bowl","floor":45},{"not_picked":["Predator","Cloak And Dagger"],"picked":"Acrobatics","floor":46}],"player_experience":1997624,"relics_obtained":[{"floor":7.0,"key":"Bottled Lightning"},{"floor":9.0,"key":"Dodecahedron"},{"floor":12.0,"key":"Pear"},{"floor":26.0,"key":"Tough Bandages"},{"floor":41.0,"key":"Singing Bowl"},{"floor":46,"key":"Bottled Tornado"}],"event_choices":[{"damage_healed":0.0,"max_hp_gain":5.0,"max_hp_loss":0.0,"gold_gain":0.0,"event_name":"Big Fish","player_choice":"Donut","floor":4.0,"gold_loss":0.0,"damage_taken":0.0},{"damage_healed":0.0,"max_hp_gain":0.0,"max_hp_loss":26.0,"gold_gain":0.0,"event_name":"Vampires","player_choice":"Became a vampire","floor":22.0,"gold_loss":0.0,"damage_taken":0.0,"cards_obtained":["Bite","Bite","Bite","Bite","Bite"]},{"damage_healed":0.0,"max_hp_gain":0.0,"max_hp_loss":0.0,"gold_gain":0.0,"event_name":"Colosseum","player_choice":"Fight","floor":31.0,"gold_loss":0.0,"damage_taken":0.0},{"damage_healed":0.0,"max_hp_gain":0.0,"max_hp_loss":0.0,"gold_gain":0.0,"event_name":"Colosseum","player_choice":"Fled From Nobs","floor":31.0,"gold_loss":0.0,"damage_taken":0.0},{"damage_healed":0.0,"max_hp_gain":0.0,"max_hp_loss":0.0,"gold_gain":999.0,"event_name":"MindBloom","player_choice":"Gold","floor":36.0,"gold_loss":0.0,"damage_taken":0.0,"cards_obtained":["Normality","Normality"]},{"cards_removed":["Bite"],"damage_healed":0.0,"max_hp_gain":0.0,"max_hp_loss":0.0,"gold_gain":0.0,"event_name":"Falling","player_choice":"Removed Attack","floor":37.0,"gold_loss":0.0,"damage_taken":0.0},{"damage_healed":0.0,"max_hp_gain":0.0,"max_hp_loss":0.0,"gold_gain":0.0,"event_name":"SecretPortal","player_choice":"Ignored","floor":38.0,"gold_loss":0.0,"damage_taken":0.0}],"is_beta":true,"boss_relics":[{"not_picked":["Orrery","Astrolabe"],"picked":"Fusion Hammer"},{"not_picked":["Busted Crown","Black Star"],"picked":"Cursed Key"}],"items_purged_floors":[20,39,44],"is_endless":false,"potions_floor_spawned":[1,11,12,14,16,18,28,30,31,35],"ascension_level":20}