{"gold_per_floor":[99,99,99,99,14,14,14,14,14,14,14,14,0,0,0,0,0,0,0,0,0,0,0,0,0,0,0,0,0,0,0,0,0,0,0,0,0,0,0,0,0,0,0,0,0,0,0,0,0,0,0],"floor_reached":52,"playtime":3943,"items_purged":[],"score":1737,"play_id":"eabe8504-ebb1-43ea-b789-698892863388","local_time":"20181101230348","is_ascension_mode":true,"campfire_choices":[{"data":"Footwork","floor":6.0,"key":"SMITH"},{"data":"Skewer","floor":8.0,"key":"SMITH"},{"data":"Neutralize","floor":10.0,"key":"SMITH"},{"floor":12.0,"key":"REST"},{"floor":15.0,"key":"REST"},{"data":"Footwork","floor":23.0,"key":"SMITH"},{"floor":27.0,"key":"REST"},{"floor":30.0,"key":"REST"},{"floor":32.0,"key":"REST"},{"data":"Crippling Poison","floor":40.0,"key":"SMITH"},{"floor":42.0,"key":"REST"},{"floor":49,"key":"REST"}],"neow_cost":"NONE","seed_source_timestamp":12616073024000,"circlet_count":0,"master_deck":["AscendersBane","Defend_G","Defend_G","Defend_G","Defend_G","Defend_G","Strike_G","Strike_G","Strike_G","Strike_G","Survivor","Neutralize+1","Quick Slash","Backflip","Footwork+1","Skewer+1","Adrenaline","Dash","Die Die Die","Footwork+1","Crippling Poison+1","Predator","Backflip","PiercingWail+1","Doppelganger+1","PiercingWail+1","Catalyst+1","Parasite","Noxious Fumes+1","Night Terror+1","PiercingWail+1","Blind+1"],"special_seed":0,"relics":["Ectoplasm","Odd Mushroom","Pen Nib","Oddly Smooth Stone","Mummified Hand","Snecko Eye","Molten Egg 2","Paper Crane","Toxic Egg 2","Velvet Choker","Singing Bowl","The Courier"],"potions_floor_usage":[50],"damage_taken":[{"damage":7.0,"enemies":"Small Slimes","floor":1.0,"turns":5.0},{"damage":7.0,"enemies":"Jaw Worm","floor":2.0,"turns":6.0},{"damage":6.0,"enemies":"The Mushroom Lair","floor":7.0,"turns":6.0},{"damage":20.0,"enemies":"Gremlin Nob","floor":11.0,"turns":5.0},{"damage":20.0,"enemies":"3 Sentries","floor":14.0,"turns":7.0},{"damage":6.0,"enemies":"The Guardian","floor":16.0,"turns":9.0},{"damage":4.0,"enemies":"2 Thieves","floor":18.0,"turns":4.0},{"damage":3.0,"enemies":"Shell Parasite","floor":20.0,"turns":3.0},{"damage":15.0,"enemies":"Colosseum Slavers","floor":24.0,"turns":4.0},{"damage":12.0,"enemies":"Gremlin Leader","floor":25.0,"turns":5.0},{"damage":19.0,"enemies":"Shelled Parasite and Fungi","floor":29.0,"turns":4.0},{"damage":27.0,"enemies":"Automaton","floor":33.0,"turns":14.0},{"damage":0.0,"enemies":"3 Shapes","floor":35.0,"turns":3.0},{"damage":0.0,"enemies":"Orb Walker","floor":36.0,"turns":3.0},{"damage":0.0,"enemies":"3 Darklings","floor":38.0,"turns":6.0},{"damage":1.0,"enemies":"Writhing Mass","floor":39.0,"turns":8.0},{"damage":14.0,"enemies":"Spire Growth","floor":41.0,"turns":8.0},{"damage":2.0,"enemies":"Nemesis","floor":44.0,"turns":7.0},{"damage":0.0,"enemies":"Maw","floor":45.0,"turns":8.0},{"damage":9.0,"enemies":"3 Darklings","floor":47.0,"turns":5.0},{"damage":12,"enemies":"Transient","floor":48,"turns":6},{"damage":6,"enemies":"Awakened One","floor":50,"turns":22},{"damage":24,"enemies":"Time Eater","floor":51,"turns":24}],"seed_played":"-967598971369051919","potions_obtained":[{"floor":7.0,"key":"EssenceOfSteel"},{"floor":14.0,"key":"Block Potion"},{"floor":25.0,"key":"FairyPotion"},{"floor":33.0,"key":"SkillPotion"},{"floor":36.0,"key":"Dexterity Potion"},{"floor":38.0,"key":"GhostInAJar"}],"is_trial":false,"path_per_floor":["M","M","?","?","$","R","?","R","T","R","E","R","?","E","R","B",null,"M","?","M","?","?","R","?","E","T","R","T","M","R","$","R","B",null,"M","M","?","M","M","R","M","R","T","E","M","?","M","M","R","B","B",null],"character_chosen":"THE_SILENT","items_purchased":["Footwork"],"campfire_rested":7,"item_purchase_floors":[5],"current_hp_per_floor":[52,45,45,50,50,50,44,44,44,44,24,45,45,25,46,40,63,59,59,56,56,56,56,41,29,29,50,50,31,52,52,71,44,64,64,64,64,64,63,63,49,70,70,70,70,64,57,47,71,65,41],"gold":0,"neow_bonus":"BOSS_RELIC","is_prod":false,"is_daily":false,"chose_seed":false,"campfire_upgraded":5,"win_rate":0,"timestamp":1541127828,"path_taken":["M","M","?","?","$","R","?","R","T","R","E","R","?","E","R","BOSS","M","?","?","?","?","R","?","E","T","R","?","?","R","$","R","BOSS","M","?","?","M","M","R","M","R","T","E","?","?","M","M","R","BOSS","BOSS"],"build_version":"2018-11-01","purchased_purges":0,"victory":true,"max_hp_per_floor":[66,66,66,71,71,71,71,71,71,71,71,71,71,71,71,71,71,71,71,71,71,71,71,71,71,71,71,71,71,71,71,71,71,71,71,71,71,71,71,71,71,71,71,73,73,77,79,81,81,81,81],"card_choices":[{"not_picked":["Acrobatics","Reflex"],"picked":"Quick Slash","floor":1.0},{"not_picked":["Finisher","Dagger Throw"],"picked":"Backflip","floor":2.0},{"not_picked":["Finisher","Acrobatics"],"picked":"Skewer","floor":7.0},{"not_picked":["Blade Dance","Distraction"],"picked":"Adrenaline","floor":11.0},{"not_picked":["Prepared","Well Laid Plans"],"picked":"Dash","floor":14.0},{"not_picked":["Doppelganger","A Thousand Cuts"],"picked":"Die Die Die","floor":16.0},{"not_picked":["Dagger Spray+1","Riddle With Holes"],"picked":"Footwork","floor":18.0},{"not_picked":["Dagger Throw","Finisher"],"picked":"Crippling Poison","floor":20.0},{"not_picked":["Reflex","Deflect"],"picked":"Backflip","floor":25.0},{"not_picked":["Deflect+1","Outmaneuver+1"],"picked":"PiercingWail+1","floor":29.0},{"not_picked":["Envenom","Die Die Die+1"],"picked":"Doppelganger+1","floor":33.0},{"not_picked":["Well Laid Plans","Underhanded Strike+1"],"picked":"PiercingWail+1","floor":35.0},{"not_picked":["Slice+1","Dagger Throw+1"],"picked":"Catalyst+1","floor":36.0},{"not_picked":["Tools of the Trade","Blade Dance+1","Poisoned Stab+1"],"picked":"SKIP","floor":38.0},{"not_picked":["Deflect+1","Acrobatics+1"],"picked":"Noxious Fumes+1","floor":39.0},{"not_picked":["Cloak And Dagger+1","PiercingWail+1"],"picked":"Night Terror+1","floor":41.0},{"not_picked":["Finisher+1","Dodge and Roll+1","Reflex+1"],"picked":"Singing Bowl","floor":44.0},{"not_picked":["Quick Slash+1","Setup+1"],"picked":"PiercingWail+1","floor":45.0},{"not_picked":["Thinking Ahead+1","Dramatic Entrance+1","Impatience+1"],"picked":"Singing Bowl","floor":46.0},{"not_picked":["Madness+1","Jack Of All Trades+1","Panacea+1"],"picked":"Singing Bowl","floor":46.0},{"not_picked":["Dark Shackles+1","PanicButton+1"],"picked":"Blind+1","floor":46.0},{"not_picked":["Dagger Spray+1","Deadly Poison+1","Blade Dance+1"],"picked":"Singing Bowl","floor":47.0},{"not_picked":["Poisoned Stab+1","Bane+1","Blade Dance+1"],"picked":"Singing Bowl","floor":48}],"player_experience":1587855,"relics_obtained":[{"floor":7.0,"key":"Odd Mushroom"},{"floor":9.0,"key":"Pen Nib"},{"floor":11.0,"key":"Oddly Smooth Stone"},{"floor":14.0,"key":"Mummified Hand"},{"floor":25.0,"key":"Molten Egg 2"},{"floor":26.0,"key":"Paper Crane"},{"floor":28.0,"key":"Toxic Egg 2"},{"floor":43.0,"key":"Singing Bowl"},{"floor":44.0,"key":"The Courier"}],"event_choices":[{"damage_healed":0.0,"max_hp_gain":0.0,"max_hp_loss":0.0,"gold_gain":0.0,"event_name":"Golden Idol","player_choice":"Ignored","floor":3.0,"gold_loss":0.0,"damage_taken":0.0},{"damage_healed":0.0,"max_hp_gain":5.0,"max_hp_loss":0.0,"gold_gain":0.0,"event_name":"Big Fish","player_choice":"Donut","floor":4.0,"gold_loss":0.0,"damage_taken":0.0},{"damage_healed":0.0,"max_hp_gain":0.0,"max_hp_loss":0.0,"gold_gain":0.0,"event_name":"Mushrooms","player_choice":"Fought Mushrooms","floor":7.0,"gold_loss":0.0,"damage_taken":0.0},{"damage_healed":0.0,"max_hp_gain":0.0,"max_hp_loss":0.0,"gold_gain":0.0,"event_name":"World of Goop","player_choice":"Left Gold","floor":13.0,"gold_loss":14.0,"damage_taken":0.0},{"cards_removed":["Strike_G"],"damage_healed":0.0,"max_hp_gain":0.0,"max_hp_loss":0.0,"gold_gain":0.0,"event_name":"Purifier","player_choice":"Purged","floor":19.0,"gold_loss":0.0,"damage_taken":0.0},{"damage_healed":0.0,"max_hp_gain":0.0,"max_hp_loss":0.0,"gold_gain":0.0,"event_name":"Ghosts","player_choice":"Ignored","floor":21.0,"gold_loss":0.0,"damage_taken":0.0},{"damage_healed":0.0,"max_hp_gain":0.0,"max_hp_loss":0.0,"gold_gain":0.0,"event_name":"The Library","player_choice":"Read","floor":22.0,"gold_loss":0.0,"damage_taken":0.0,"cards_obtained":["Predator"]},{"damage_healed":0.0,"max_hp_gain":0.0,"max_hp_loss":0.0,"gold_gain":0.0,"event_name":"Colosseum","player_choice":"Fight","floor":24.0,"gold_loss":0.0,"damage_taken":0.0},{"damage_healed":0.0,"max_hp_gain":0.0,"max_hp_loss":0.0,"gold_gain":0.0,"event_name":"Colosseum","player_choice":"Fled From Nobs","floor":24.0,"gold_loss":0.0,"damage_taken":0.0},{"damage_healed":0.0,"max_hp_gain":0.0,"max_hp_loss":0.0,"gold_gain":0.0,"event_name":"Colosseum","player_choice":"Fled From Nobs","floor":24.0,"gold_loss":0.0,"damage_taken":0.0},{"damage_healed":0.0,"max_hp_gain":0.0,"max_hp_loss":0.0,"gold_gain":50.0,"event_name":"Golden Shrine","player_choice":"Pray","floor":37.0,"gold_loss":0.0,"damage_taken":0.0},{"damage_healed":0.0,"max_hp_gain":0.0,"max_hp_loss":0.0,"gold_gain":0.0,"event_name":"SensoryStone","player_choice":"Memory 3","floor":46.0,"gold_loss":0.0,"damage_taken":10.0}],"is_beta":true,"boss_relics":[{"not_picked":["Runic Pyramid","WristBlade"],"picked":"Snecko Eye"},{"not_picked":["Runic Dome","White Beast Statue"],"picked":"Velvet Choker"}],"items_purged_floors":[],"is_endless":false,"potions_floor_spawned":[7,14,24,25,33,36,38,39,44,47],"ascension_level":20}