{"gold_per_floor":[117,117,192,207,218,218,229,229,229,229,239,255,271,281,281,381,381,395,405,417,417,435,435,448,480,533,545,285,301,320,286,286,391,391,410,373,373,388,399,399,399,417,417,417,430,430,430,445,445,445],"floor_reached":51,"playtime":2305,"items_purged":[],"score":742,"play_id":"225b2497-681f-434b-bb4b-447201d46074","local_time":"20181012005800","daily_mods":["SealedDeck"],"is_ascension_mode":false,"campfire_choices":[{"data":"Scrape","floor":6,"key":"SMITH"},{"data":"Coolheaded","floor":8,"key":"SMITH"},{"floor":15,"key":"REST"},{"data":"Buffer","floor":23,"key":"SMITH"},{"data":"Seek","floor":27,"key":"SMITH"},{"floor":32,"key":"REST"},{"data":"Loop","floor":40,"key":"SMITH"},{"data":"Machine Learning","floor":44,"key":"SMITH"},{"floor":46,"key":"REST"},{"floor":49,"key":"REST"}],"neow_cost":"","seed_source_timestamp":88244826767779,"circlet_count":0,"master_deck":["Coolheaded+1","Static Discharge","Loop+1","Defragment+1","Gash","Beam Cell","Go for the Eyes","Scrape+1","Gash","Gash","Stack","Gash","Conserve Battery","Go for the Eyes","Beam Cell","Chill","Buffer+1","Go for the Eyes","Seek+1","Cold Snap","Coolheaded","Core Surge","Steam+1","Beam Cell","Hologram","Echo Form","Capacitor","Defragment+1","BootSequence+1","Capacitor","Machine Learning+1","Go for the Eyes","Loop+1","Gash","Writhe","Gash+1","Chill+1","Seek"],"relics":["Cracked Core","Boot","Orrery","Shuriken","MawBank","DollysMirror","Philosopher\u0027s Stone","Orichalcum"],"potions_floor_usage":[],"damage_taken":[{"damage":8,"enemies":"Jaw Worm","floor":1,"turns":2},{"damage":0,"enemies":"Cultist","floor":4,"turns":3},{"damage":0,"enemies":"Small Slimes","floor":5,"turns":2},{"damage":8,"enemies":"Exordium Wildlife","floor":7,"turns":3},{"damage":7,"enemies":"Looter","floor":11,"turns":2},{"damage":13,"enemies":"Red Slaver","floor":12,"turns":3},{"damage":0,"enemies":"Exordium Wildlife","floor":13,"turns":2},{"damage":3,"enemies":"Looter","floor":14,"turns":2},{"damage":9,"enemies":"Hexaghost","floor":16,"turns":5},{"damage":0,"enemies":"Chosen","floor":18,"turns":3},{"damage":0,"enemies":"Spheric Guardian","floor":19,"turns":4},{"damage":9,"enemies":"Centurion and Healer","floor":20,"turns":6},{"damage":9,"enemies":"Snake Plant","floor":22,"turns":4},{"damage":1,"enemies":"3 Cultists","floor":24,"turns":6},{"damage":20,"enemies":"Book of Stabbing","floor":25,"turns":5},{"damage":13,"enemies":"Cultist and Chosen","floor":29,"turns":5},{"damage":11,"enemies":"Snake Plant","floor":30,"turns":3},{"damage":13,"enemies":"Champ","floor":33,"turns":9},{"damage":3,"enemies":"3 Shapes","floor":35,"turns":8},{"damage":0,"enemies":"Orb Walker","floor":38,"turns":3},{"damage":17,"enemies":"Transient","floor":39,"turns":5},{"damage":27,"enemies":"Reptomancer","floor":42,"turns":6},{"damage":0,"enemies":"Maw","floor":45,"turns":7},{"damage":26,"enemies":"Mind Bloom Boss Battle","floor":47,"turns":6},{"damage":11,"enemies":"4 Shapes","floor":48,"turns":7},{"damage":24,"enemies":"Donu and Deca","floor":50,"turns":10}],"seed_played":"-1548391777044337530","potions_obtained":[{"floor":4,"key":"AttackPotion"},{"floor":5,"key":"FearPotion"},{"floor":11,"key":"AttackPotion"},{"floor":14,"key":"PowerPotion"}],"is_trial":true,"path_per_floor":["M","?","?","M","M","R","M","R","T","?","M","M","M","M","R","B",null,"M","M","M","?","M","R","M","E","T","R","$","M","M","$","R","B",null,"M","$","?","M","M","R","?","M","T","R","M","R","?","M","R","B"],"character_chosen":"DEFECT","items_purchased":["Capacitor","DollysMirror","Capacitor","Loop"],"campfire_rested":4,"item_purchase_floors":[28,28,31,36],"current_hp_per_floor":[67,67,56,56,56,56,48,48,48,48,41,28,28,25,47,38,75,75,75,66,66,57,57,56,36,36,36,36,23,12,12,34,21,75,72,72,72,72,55,55,74,47,47,47,47,69,43,32,54,30],"gold":445,"neow_bonus":"","is_prod":false,"is_daily":false,"chose_seed":false,"campfire_upgraded":6,"win_rate":0,"timestamp":1539273480,"path_taken":["M","?","?","?","M","R","M","R","T","?","M","M","M","?","R","BOSS","M","M","M","?","?","R","M","E","T","R","?","M","M","$","R","BOSS","M","$","?","?","?","R","?","M","T","R","M","R","?","M","R","BOSS"],"build_version":"2018-10-10","purchased_purges":0,"victory":true,"max_hp_per_floor":[75,75,75,75,75,75,75,75,75,75,75,75,75,75,75,75,75,75,75,75,75,75,75,75,75,75,75,75,75,75,75,75,75,75,75,75,75,75,75,75,75,75,75,75,75,75,75,75,75,75],"card_choices":[{"not_picked":["Streamline","Hologram"],"picked":"Stack","floor":1},{"not_picked":["Sweeping Beam","Sunder"],"picked":"Gash","floor":4},{"not_picked":["Leap","Barrage"],"picked":"Conserve Battery","floor":5},{"not_picked":["Streamline","Chill"],"picked":"Go for the Eyes","floor":7},{"not_picked":["Redo","Leap"],"picked":"Beam Cell","floor":11},{"not_picked":["Blizzard","Ball Lightning"],"picked":"Chill","floor":12},{"not_picked":["Rebound","Double Energy"],"picked":"Buffer","floor":13},{"not_picked":["Cold Snap","Barrage"],"picked":"Go for the Eyes","floor":14},{"not_picked":["Thunder Strike","Biased Cognition"],"picked":"Seek","floor":16},{"not_picked":["Darkness","Reinforced Body"],"picked":"Cold Snap","floor":17},{"not_picked":["Aggregate","Auto Shields"],"picked":"Coolheaded","floor":17},{"not_picked":["Genetic Algorithm","Reprogram"],"picked":"Core Surge","floor":17},{"not_picked":["Leap+1","Consume"],"picked":"Steam+1","floor":18},{"not_picked":["Leap","Storm+1","Compile Driver"],"picked":"SKIP","floor":19},{"not_picked":["Streamline","Turbo"],"picked":"Beam Cell","floor":20},{"not_picked":["Double Energy","Reinforced Body+1"],"picked":"Hologram","floor":22},{"not_picked":["Gash","Storm"],"picked":"Echo Form","floor":24},{"not_picked":["Melter","Darkness","Tempest"],"picked":"SKIP","floor":25},{"not_picked":["Lockon","Sunder","Static Discharge"],"picked":"SKIP","floor":29},{"not_picked":["Turbo","Genetic Algorithm"],"picked":"BootSequence+1","floor":30},{"not_picked":["Electrodynamics","Reboot"],"picked":"Machine Learning","floor":33},{"not_picked":["Streamline","Recycle"],"picked":"Go for the Eyes","floor":35},{"not_picked":["Force Field","Steam+1"],"picked":"Gash","floor":38},{"not_picked":["Storm+1","Sweeping Beam","Recycle"],"picked":"SKIP","floor":39},{"not_picked":["Sweeping Beam+1","Cold Snap+1"],"picked":"Gash+1","floor":42},{"not_picked":["Stack","Redo"],"picked":"Chill+1","floor":45},{"not_picked":["Gash+1","Blizzard"],"picked":"Seek","floor":47},{"not_picked":["Steam Power+1","Barrage+1","Compile Driver"],"picked":"SKIP","floor":48}],"player_experience":494432,"relics_obtained":[{"floor":9,"key":"Boot"},{"floor":25,"key":"Shuriken"},{"floor":26,"key":"MawBank"},{"floor":43,"key":"Orichalcum"}],"event_choices":[{"event_name":"Upgrade Shrine","player_choice":"Upgraded","floor":2,"damage_taken":0},{"event_name":"World of Goop","player_choice":"Gather Gold","floor":3,"damage_taken":0},{"event_name":"Accursed Blacksmith","player_choice":"Forge","floor":10,"damage_taken":0},{"event_name":"Vampires","player_choice":"Ignored","floor":21,"damage_taken":0},{"event_name":"Tomb of Lord Red Mask","player_choice":"Ignored","floor":37,"damage_taken":0},{"event_name":"Winding Halls","player_choice":"Writhe","floor":41,"damage_taken":0},{"event_name":"MindBloom","player_choice":"Fight","floor":47,"damage_taken":0}],"is_beta":true,"boss_relics":[{"not_picked":["Calling Bell","Runic Dome"],"picked":"Orrery"},{"not_picked":["Snecko Eye","Black Star"],"picked":"Philosopher\u0027s Stone"}],"items_purged_floors":[],"is_endless":false,"potions_floor_spawned":[4,5,11,13,14,16,20,22,24,30,33,35],"ascension_level":0}