{"gold_per_floor":[113,131,131,7,7,7,7,7,7,7,18,34,60,78,78,174,174,189,202,216,233,11,27,46,46,46,46,58,88,88,102,102,201,201,220,220,231,231,280,280,307,307,307,319,334,353,353],"floor_reached":47,"playtime":3012,"items_purged":["Parasite"],"score":530,"play_id":"745206c6-9291-420a-8782-f112434d79b1","local_time":"20190106181827","is_ascension_mode":true,"campfire_choices":[{"floor":6,"key":"REST"},{"data":"Metallicize","floor":8,"key":"SMITH"},{"data":"Body Slam","floor":10,"key":"SMITH"},{"data":"Spot Weakness","floor":15,"key":"SMITH"},{"floor":25,"key":"REST"},{"floor":30,"key":"RECALL"},{"floor":32,"key":"REST"},{"data":"Searing Blow","floor":40,"key":"SMITH"},{"floor":42,"key":"REST"}],"neow_cost":"PERCENT_DAMAGE","seed_source_timestamp":1009085663493006,"circlet_count":0,"master_deck":["Strike_R","Strike_R","Strike_R","Strike_R","Defend_R","Defend_R","Defend_R+1","Defend_R+1","Bash","Dramatic Entrance","Enlightenment","Pummel","Body Slam+1","Shrug It Off","Metallicize+1","Whirlwind","Spot Weakness+1","Evolve","Impervious","Heavy Blade","Juggernaut","Armaments+1","Carnage","Demon Form","Shockwave","Shrug It Off","Shockwave+1","Demon Form","Searing Blow+1","Madness","Madness","Panacea+1","Metamorphosis","Fiend Fire","Rampage+1"],"relics":["Burning Blood","Letter Opener","Pear","Snecko Eye","Potion Belt","Philosopher\u0027s Stone","War Paint","Orichalcum","Vajra"],"potions_floor_usage":[13,16,16,19,23,33,33,41,44,47,47],"damage_taken":[{"damage":20,"enemies":"Jaw Worm","floor":1,"turns":4},{"damage":5,"enemies":"Cultist","floor":2,"turns":4},{"damage":0,"enemies":"2 Louse","floor":11,"turns":2},{"damage":10,"enemies":"Looter","floor":12,"turns":3},{"damage":3,"enemies":"3 Sentries","floor":13,"turns":7},{"damage":7,"enemies":"Blue Slaver","floor":14,"turns":3},{"damage":17,"enemies":"Slime Boss","floor":16,"turns":9},{"damage":2,"enemies":"3 Byrds","floor":18,"turns":6},{"damage":7,"enemies":"Chosen","floor":19,"turns":6},{"damage":14,"enemies":"3 Cultists","floor":20,"turns":4},{"damage":15,"enemies":"Centurion and Healer","floor":21,"turns":7},{"damage":39,"enemies":"Shelled Parasite and Fungi","floor":23,"turns":6},{"damage":15,"enemies":"Snake Plant","floor":24,"turns":4},{"damage":0,"enemies":"Sentry and Sphere","floor":28,"turns":4},{"damage":5,"enemies":"Book of Stabbing","floor":29,"turns":3},{"damage":2,"enemies":"Snecko","floor":31,"turns":4},{"damage":35,"enemies":"Automaton","floor":33,"turns":8},{"damage":15,"enemies":"3 Shapes","floor":35,"turns":3},{"damage":9,"enemies":"3 Darklings","floor":37,"turns":3},{"damage":36,"enemies":"Nemesis","floor":41,"turns":7},{"damage":27,"enemies":"Sphere and 2 Shapes","floor":44,"turns":5},{"damage":14,"enemies":"Jaw Worm Horde","floor":45,"turns":4},{"damage":47,"enemies":"Spire Growth","floor":46,"turns":5},{"damage":24,"enemies":"Maw","floor":47,"turns":4}],"seed_played":"-4238083158138608148","potions_obtained":[{"floor":2,"key":"SteroidPotion"},{"floor":12,"key":"EssenceOfSteel"},{"floor":14,"key":"SteroidPotion"},{"floor":18,"key":"Block Potion"},{"floor":20,"key":"Poison Potion"},{"floor":23,"key":"Fire Potion"},{"floor":29,"key":"GamblersBrew"},{"floor":31,"key":"AttackPotion"},{"floor":37,"key":"Regen Potion"},{"floor":41,"key":"Regen Potion"},{"floor":46,"key":"AttackPotion"}],"is_trial":false,"path_per_floor":["M","M","?","$","?","R","?","R","T","R","M","M","E","M","R","B",null,"M","M","M","M","$","M","M","R","T","$","M","E","R","M","R","B",null,"M","?","M","?","T","R","E","R","T","M","M","M","M"],"character_chosen":"IRONCLAD","items_purchased":["Shrug It Off","Metallicize","Demon Form"],"campfire_rested":4,"item_purchase_floors":[4,4,22],"current_hp_per_floor":[42,43,43,43,27,51,71,71,71,71,77,73,86,85,85,74,90,90,89,81,72,72,39,30,56,56,56,62,63,63,67,87,58,87,78,67,64,54,54,54,39,65,65,58,50,9,0],"gold":353,"neow_bonus":"RANDOM_COLORLESS_2","is_prod":false,"is_daily":false,"chose_seed":false,"campfire_upgraded":4,"win_rate":0,"timestamp":1546816707,"path_taken":["M","M","?","?","?","R","?","R","T","R","?","M","E","M","R","BOSS","M","M","M","M","?","M","M","R","T","$","M","E","R","M","R","BOSS","M","?","M","?","?","R","E","R","T","M","?","M","M"],"build_version":"2019-01-03v4","purchased_purges":1,"victory":false,"max_hp_per_floor":[80,80,80,80,80,80,80,80,80,80,80,80,90,90,90,90,90,90,90,90,90,87,87,87,87,87,87,87,87,87,87,87,87,87,87,87,87,87,87,87,87,87,87,87,87,87,87],"card_choices":[{"not_picked":["Burning Pact","Perfected Strike"],"picked":"Pummel","floor":1},{"not_picked":["Shrug It Off","True Grit"],"picked":"Body Slam","floor":2},{"not_picked":["Twin Strike","Rampage","Anger"],"picked":"SKIP","floor":11},{"not_picked":["Sword Boomerang","Pummel"],"picked":"Whirlwind","floor":12},{"not_picked":["Disarm","Sword Boomerang"],"picked":"Spot Weakness","floor":13},{"not_picked":["Headbutt","Heavy Blade"],"picked":"Evolve","floor":14},{"not_picked":["Berserk","Fiend Fire"],"picked":"Impervious","floor":16},{"not_picked":["Sever Soul","Twin Strike"],"picked":"Heavy Blade","floor":18},{"not_picked":["Flex","Anger+1"],"picked":"Juggernaut","floor":19},{"not_picked":["Wild Strike","Anger"],"picked":"Armaments+1","floor":20},{"not_picked":["Anger+1","Wild Strike"],"picked":"Carnage","floor":21},{"not_picked":["Heavy Blade","Sentinel"],"picked":"Shockwave","floor":23},{"not_picked":["Clothesline","Sword Boomerang"],"picked":"Shrug It Off","floor":24},{"not_picked":["Flex","Sever Soul"],"picked":"Shockwave","floor":28},{"not_picked":["Evolve","Intimidate+1","Exhume"],"picked":"SKIP","floor":29},{"not_picked":["Rupture","Body Slam","Headbutt"],"picked":"SKIP","floor":31},{"not_picked":["Berserk","Double Tap"],"picked":"Demon Form","floor":33},{"not_picked":["Clash","Burning Pact+1"],"picked":"Searing Blow","floor":35},{"not_picked":["Disarm","Thunderclap","Iron Wave"],"picked":"SKIP","floor":37},{"not_picked":["Jack Of All Trades","Blind"],"picked":"Panacea","floor":38},{"not_picked":["Impatience","Deep Breath"],"picked":"Metamorphosis","floor":38},{"not_picked":["True Grit+1","Shrug It Off+1"],"picked":"Fiend Fire","floor":41},{"not_picked":["Power Through+1","Clash+1","Seeing Red+1"],"picked":"SKIP","floor":44},{"not_picked":["Armaments","Headbutt"],"picked":"Rampage+1","floor":45},{"not_picked":["Perfected Strike+1","Clash+1","Flex+1"],"picked":"SKIP","floor":46}],"player_experience":764637,"relics_obtained":[{"floor":9,"key":"Letter Opener"},{"floor":13,"key":"Pear"},{"floor":29,"key":"Potion Belt"},{"floor":39,"key":"War Paint"},{"floor":41,"key":"Orichalcum"},{"floor":43,"key":"Vajra"}],"event_choices":[{"cards_removed":["Strike_R"],"damage_healed":0,"gold_gain":0,"player_choice":"Purged","damage_taken":0,"max_hp_gain":0,"max_hp_loss":0,"event_name":"Purifier","floor":3,"gold_loss":0},{"damage_healed":0,"gold_gain":0,"player_choice":"Entered Light","damage_taken":16,"max_hp_gain":0,"max_hp_loss":0,"event_name":"Shining Light","floor":5,"gold_loss":0,"cards_upgraded":["Defend_R","Defend_R"]},{"damage_healed":20,"gold_gain":0,"player_choice":"Healed and dodged fight","damage_taken":0,"max_hp_gain":0,"max_hp_loss":0,"event_name":"Mushrooms","floor":7,"gold_loss":0,"cards_obtained":["Parasite"]},{"damage_healed":0,"gold_gain":0,"player_choice":"Embrace Madness","damage_taken":11,"max_hp_gain":0,"max_hp_loss":0,"event_name":"Winding Halls","floor":36,"gold_loss":0,"cards_obtained":["Madness","Madness"]},{"damage_healed":0,"gold_gain":0,"player_choice":"Memory 3","damage_taken":10,"max_hp_gain":0,"max_hp_loss":0,"event_name":"SensoryStone","floor":38,"gold_loss":0}],"is_beta":false,"boss_relics":[{"not_picked":["Busted Crown","Eternal Feather"],"picked":"Snecko Eye"},{"not_picked":["White Beast Statue","Calling Bell"],"picked":"Philosopher\u0027s Stone"}],"items_purged_floors":[22],"is_endless":false,"potions_floor_spawned":[2,12,14,18,20,23,29,31,37,41,46],"killed_by":"Maw","ascension_level":1}