{"gold_per_floor":[110,110,110,128,50,50,50,50,50,65,65,99,22,52,52,180,180,201,201,152,171,24,24,64,64,90,134,134,149,180,203,203,327,327,345,345,345,214,214,214,214,214,239,193,193,211,211,230,230,230],"floor_reached":51,"playtime":2133,"items_purged":["Hyperbeam"],"score":820,"play_id":"29a74f96-a4c7-4829-97d9-c1fa133a0548","local_time":"20181025005033","daily_mods":["SealedDeck"],"is_ascension_mode":false,"campfire_choices":[{"data":"Hologram","floor":6,"key":"SMITH"},{"floor":8,"key":"DIG"},{"floor":15,"key":"DIG"},{"floor":23,"key":"DIG"},{"floor":25,"key":"DIG"},{"floor":32,"key":"DIG"},{"floor":40,"key":"DIG"},{"floor":45,"key":"DIG"},{"floor":49,"key":"DIG"}],"neow_cost":"","seed_source_timestamp":0,"circlet_count":0,"master_deck":["Capacitor","Coolheaded+1","Gash","FTL","Self Repair","Hologram+1","Hologram+1","Gash","Gash","Hologram+1","Conserve Battery","Glacier+1","FTL","Self Repair","FTL","Echo Form","Scrape+1","Go for the Eyes","Beam Cell","Scrape","Self Repair","Coolheaded","Scrape","Echo Form","Auto Shields","Gash","Defragment","Madness","Madness","Gash","Parasite"],"relics":["FrozenCore","Shovel","Pantograph","Question Card","Golden Idol","PreservedInsect","Odd Mushroom","Cables","Bag of Preparation","Smiling Mask","Ornamental Fan","Strawberry","Juzu Bracelet","Bronze Scales","War Paint","Fusion Hammer","FossilizedHelix","Singing Bowl","Potion Belt","DataDisk","Bag of Marbles"],"potions_floor_usage":[18,50,50],"damage_taken":[{"damage":5,"enemies":"Small Slimes","floor":1,"turns":2},{"damage":0,"enemies":"Cultist","floor":4,"turns":2},{"damage":0,"enemies":"2 Louse","floor":10,"turns":3},{"damage":1,"enemies":"Lagavulin","floor":12,"turns":5},{"damage":11,"enemies":"The Mushroom Lair","floor":14,"turns":4},{"damage":0,"enemies":"Slime Boss","floor":16,"turns":5},{"damage":0,"enemies":"Chosen","floor":18,"turns":6},{"damage":4,"enemies":"Spheric Guardian","floor":21,"turns":3},{"damage":45,"enemies":"Slavers","floor":24,"turns":7},{"damage":12,"enemies":"Book of Stabbing","floor":27,"turns":5},{"damage":7,"enemies":"Snake Plant","floor":29,"turns":5},{"damage":3,"enemies":"Gremlin Leader","floor":30,"turns":4},{"damage":0,"enemies":"3 Cultists","floor":31,"turns":4},{"damage":17,"enemies":"Automaton","floor":33,"turns":7},{"damage":8,"enemies":"Orb Walker","floor":35,"turns":4},{"damage":0,"enemies":"Mind Bloom Boss Battle","floor":36,"turns":3},{"damage":6,"enemies":"3 Darklings","floor":46,"turns":5},{"damage":0,"enemies":"Writhing Mass","floor":48,"turns":6},{"damage":9,"enemies":"Time Eater","floor":50,"turns":10}],"seed_played":"-780337140330032329","potions_obtained":[{"floor":2,"key":"Swift Potion"},{"floor":2,"key":"SneckoOil"},{"floor":2,"key":"Weak Potion"},{"floor":4,"key":"Fruit Juice"},{"floor":18,"key":"Strength Potion"},{"floor":33,"key":"FocusPotion"}],"is_trial":true,"path_per_floor":["M","?","?","M","$","R","?","R","T","M","?","E","$","?","R","B",null,"M","?","$","M","$","R","E","R","T","E","?","M","E","M","R","B",null,"M","?","?","$","?","R","?","?","T","$","R","M","?","M","R","B"],"character_chosen":"DEFECT","items_purchased":["Glacier","Self Repair","Go for the Eyes","Scrape","Self Repair","Defragment","Gash"],"campfire_rested":0,"item_purchase_floors":[5,13,20,22,22,38,44],"current_hp_per_floor":[75,75,75,75,75,75,72,72,72,75,57,70,70,75,75,75,75,80,80,80,80,80,80,63,63,70,79,79,87,87,87,87,84,87,86,87,87,87,87,87,87,76,76,76,76,89,89,91,91,91],"gold":230,"neow_bonus":"","is_prod":false,"is_daily":false,"chose_seed":false,"campfire_upgraded":1,"win_rate":0,"timestamp":1540396233,"path_taken":["M","?","?","M","?","R","?","R","T","?","?","E","$","?","R","BOSS","M","?","$","M","$","R","E","R","T","E","?","M","E","M","R","BOSS","M","?","?","$","?","R","?","?","T","$","R","M","?","M","R","BOSS"],"build_version":"2018-10-23","purchased_purges":1,"victory":true,"max_hp_per_floor":[75,75,75,75,75,75,75,75,75,75,75,75,75,75,75,75,75,80,80,80,80,80,80,80,80,87,87,87,87,87,87,87,87,87,87,87,87,87,87,87,87,87,87,87,87,89,89,91,91,91],"card_choices":[{"not_picked":["Steam Power","Compile Driver"],"picked":"Hologram","floor":1},{"not_picked":["Self Repair","Hologram"],"picked":"Conserve Battery","floor":4},{"not_picked":["Cold Snap","Hyperbeam","Hologram","Steam"],"picked":"SKIP","floor":10},{"not_picked":["Electrodynamics","Rip and Tear","Force Field"],"picked":"FTL","floor":12},{"not_picked":["Coolheaded","Turbo","Genetic Algorithm"],"picked":"FTL","floor":14},{"not_picked":["Thunder Strike","Rainbow","Seek"],"picked":"Echo Form","floor":16},{"not_picked":["Redo","Capacitor+1","Leap"],"picked":"Scrape+1","floor":18},{"not_picked":["Streamline","White Noise","Stack"],"picked":"Beam Cell","floor":21},{"not_picked":["Turbo","Redo","Leap"],"picked":"Coolheaded","floor":24},{"not_picked":["Hologram","Sunder+1","Glacier","Recycle+1"],"picked":"SKIP","floor":27},{"not_picked":["Hello World","Ball Lightning+1","Turbo"],"picked":"Scrape","floor":29},{"not_picked":["Undo+1","Hello World","Darkness+1","Cold Snap"],"picked":"SKIP","floor":30},{"not_picked":["Steam","Redo","Stack+1","Leap"],"picked":"SKIP","floor":31},{"not_picked":["Rainbow","Biased Cognition","Reboot"],"picked":"Echo Form","floor":33},{"not_picked":["Leap+1","Barrage+1","Turbo+1"],"picked":"Auto Shields","floor":35},{"not_picked":["Compile Driver+1","Go for the Eyes","Meteor Strike"],"picked":"Gash","floor":36},{"not_picked":["Leap","Tempest+1","Compile Driver+1","Stack+1"],"picked":"Singing Bowl","floor":46},{"not_picked":["Streamline+1","Hologram+1","Coolheaded","Rip and Tear"],"picked":"Singing Bowl","floor":48}],"player_experience":533825,"relics_obtained":[{"floor":8,"key":"Pantograph"},{"floor":9,"key":"Question Card"},{"floor":12,"key":"PreservedInsect"},{"floor":14,"key":"Odd Mushroom"},{"floor":15,"key":"Cables"},{"floor":23,"key":"Bag of Preparation"},{"floor":24,"key":"Smiling Mask"},{"floor":25,"key":"Ornamental Fan"},{"floor":26,"key":"Strawberry"},{"floor":27,"key":"Juzu Bracelet"},{"floor":30,"key":"Bronze Scales"},{"floor":32,"key":"War Paint"},{"floor":36,"key":"FossilizedHelix"},{"floor":40,"key":"Singing Bowl"},{"floor":43,"key":"Potion Belt"},{"floor":45,"key":"DataDisk"},{"floor":49,"key":"Bag of Marbles"}],"event_choices":[{"damage_healed":0,"gold_gain":0,"player_choice":"Got Potions","damage_taken":0,"max_hp_gain":0,"max_hp_loss":0,"event_name":"The Lab","floor":2,"gold_loss":0},{"damage_healed":0,"gold_gain":0,"player_choice":"Grow","damage_taken":0,"max_hp_gain":0,"max_hp_loss":0,"event_name":"Living Wall","floor":3,"gold_loss":0,"cards_upgraded":["Hologram"]},{"damage_healed":0,"gold_gain":0,"player_choice":"Success","damage_taken":3,"relics_obtained":["Shovel"],"max_hp_gain":0,"max_hp_loss":0,"event_name":"Scrap Ooze","floor":7,"gold_loss":0},{"damage_healed":0,"gold_gain":0,"player_choice":"Take Damage","damage_taken":18,"relics_obtained":["Golden Idol"],"max_hp_gain":0,"max_hp_loss":0,"event_name":"Golden Idol","floor":11,"gold_loss":0},{"damage_healed":0,"gold_gain":0,"player_choice":"Fought Mushrooms","damage_taken":0,"max_hp_gain":0,"max_hp_loss":0,"event_name":"Mushrooms","floor":14,"gold_loss":0},{"damage_healed":0,"gold_gain":0,"player_choice":"Ignored","damage_taken":0,"max_hp_gain":0,"max_hp_loss":0,"event_name":"Beggar","floor":19,"gold_loss":0},{"damage_healed":0,"gold_gain":0,"player_choice":"Forge","damage_taken":0,"max_hp_gain":0,"max_hp_loss":0,"event_name":"Accursed Blacksmith","floor":28,"gold_loss":0,"cards_upgraded":["Coolheaded"]},{"damage_healed":0,"gold_gain":0,"player_choice":"Fight","damage_taken":0,"max_hp_gain":0,"max_hp_loss":0,"event_name":"MindBloom","floor":36,"gold_loss":0},{"damage_healed":0,"gold_gain":0,"player_choice":"2 cards matched","damage_taken":0,"max_hp_gain":0,"max_hp_loss":0,"event_name":"Match and Keep!","floor":37,"gold_loss":0,"cards_obtained":["Hyperbeam","Zap"]},{"cards_removed":["Zap"],"damage_healed":0,"gold_gain":0,"player_choice":"Offered Basic","damage_taken":0,"max_hp_gain":0,"max_hp_loss":0,"event_name":"Bonfire Elementals","floor":39,"gold_loss":0},{"damage_healed":0,"gold_gain":0,"player_choice":"Ignored","damage_taken":0,"max_hp_gain":0,"max_hp_loss":0,"event_name":"Tomb of Lord Red Mask","floor":41,"gold_loss":0},{"damage_healed":0,"gold_gain":0,"player_choice":"Embrace Madness","damage_taken":11,"max_hp_gain":0,"max_hp_loss":0,"event_name":"Winding Halls","floor":42,"gold_loss":0,"cards_obtained":["Madness","Madness"]},{"cards_removed":["Self Repair"],"damage_healed":0,"gold_gain":0,"player_choice":"Removed Power","damage_taken":0,"max_hp_gain":0,"max_hp_loss":0,"event_name":"Falling","floor":47,"gold_loss":0}],"is_beta":true,"boss_relics":[{"not_picked":["Calling Bell","Snecko Eye"],"picked":"FrozenCore"},{"not_picked":["White Beast Statue","Inserter"],"picked":"Fusion Hammer"}],"items_purged_floors":[38],"is_endless":false,"potions_floor_spawned":[4,10,16,18,21,27,33,35,36],"ascension_level":0}