{"gold_per_floor":[118,35,52,127,206,239,239,269,269,284,301,315,328,344,344,422,422,380,90,5,5,5,5,31,46,46,56,56,56,76,94,94,171,171,185,235,235,235],"floor_reached":38,"playtime":2929,"items_purged":["Strike_G"],"score":812,"play_id":"da8ae514-3079-4d32-8fa2-dc856d63d73b","local_time":"20181128050810","is_ascension_mode":true,"campfire_choices":[{"floor":7.0,"key":"REST"},{"floor":15,"key":"REST"},{"data":"Night Terror","floor":23,"key":"SMITH"},{"data":"Footwork","floor":29,"key":"SMITH"},{"floor":32,"key":"REST"}],"neow_cost":"NONE","seed_source_timestamp":428751233536500,"circlet_count":0,"master_deck":["AscendersBane","Defend_G","Defend_G","Defend_G","Defend_G","Defend_G","Strike_G","Survivor","Neutralize","Backflip","Predator","Dash","Dagger Throw","Blur","After Image","Quick Slash","Sucker Punch","PiercingWail","Night Terror+1","Tactician+1","Outmaneuver+1","Burst+1","Deadly Poison","Noxious Fumes","Leg Sweep","Ghostly","Ghostly","Ghostly","Footwork+1","Crippling Poison","Crippling Poison","Malaise","Well Laid Plans+1"],"special_seed":0,"relics":["Velvet Choker","Mummified Hand","The Specimen","Paper Crane","Astrolabe","Potion Belt","Bottled Flame","Nloth\u0027s Gift","Fusion Hammer","Bird Faced Urn"],"potions_floor_usage":[18,24,27,33,33],"damage_taken":[{"damage":8.0,"enemies":"2 Louse","floor":1.0,"turns":3.0},{"damage":2.0,"enemies":"Jaw Worm","floor":3.0,"turns":3.0},{"damage":18.0,"enemies":"Gremlin Nob","floor":6.0,"turns":4.0},{"damage":37.0,"enemies":"Lagavulin","floor":8.0,"turns":7.0},{"damage":0.0,"enemies":"Small Slimes","floor":10.0,"turns":4.0},{"damage":2.0,"enemies":"2 Fungi Beasts","floor":11.0,"turns":6.0},{"damage":0,"enemies":"Blue Slaver","floor":12,"turns":4},{"damage":1,"enemies":"Red Slaver","floor":13,"turns":4},{"damage":0,"enemies":"2 Fungi Beasts","floor":14,"turns":3},{"damage":25,"enemies":"The Guardian","floor":16,"turns":18},{"damage":7,"enemies":"2 Thieves","floor":18,"turns":5},{"damage":2,"enemies":"Gremlin Leader","floor":24,"turns":10},{"damage":19,"enemies":"3 Byrds","floor":25,"turns":8},{"damage":3,"enemies":"Centurion and Healer","floor":27,"turns":10},{"damage":13,"enemies":"Sentry and Sphere","floor":30,"turns":6},{"damage":1,"enemies":"Snake Plant","floor":31,"turns":8},{"damage":14,"enemies":"Automaton","floor":33,"turns":16},{"damage":0,"enemies":"Orb Walker","floor":35,"turns":7},{"damage":22,"enemies":"2 Orb Walkers","floor":36,"turns":9},{"damage":7,"enemies":"3 Darklings","floor":38,"turns":1}],"seed_played":"3797561937852694787","potions_obtained":[{"floor":8.0,"key":"Ancient Potion"},{"floor":10.0,"key":"Regen Potion"},{"floor":13,"key":"Block Potion"},{"floor":16,"key":"Regen Potion"},{"floor":27,"key":"Energy Potion"},{"floor":30,"key":"PowerPotion"},{"floor":33,"key":"Dexterity Potion"}],"is_trial":false,"path_per_floor":["M","$","M","?","?","E","R","E","T","M","M","M","M","M","R","B",null,"M","$","?","?","?","R","E","M","T","M","?","R","M","M","R","B",null,"M","?","?","M"],"character_chosen":"THE_SILENT","items_purchased":["Predator","Noxious Fumes","Leg Sweep","PowerPotion"],"campfire_rested":3,"item_purchase_floors":[2,19,19,19],"current_hp_per_floor":[51,51,49,38,38,20,39,2,2,2,15,15,14,14,33,8,52,45,45,45,45,33,33,31,12,12,24,24,24,11,10,19,5,26,26,4,4,0],"gold":235,"neow_bonus":"BOSS_RELIC","is_prod":false,"is_daily":false,"chose_seed":false,"campfire_upgraded":2,"win_rate":0,"timestamp":1543399690,"path_taken":["M","$","M","?","?","E","R","E","T","M","M","M","M","M","R","BOSS","M","$","?","?","?","R","E","M","T","M","?","R","M","?","R","BOSS","M","?","?","M"],"build_version":"2018-11-15","purchased_purges":1,"victory":false,"max_hp_per_floor":[66,66,66,66,66,66,66,66,66,66,66,66,66,66,66,66,66,66,66,66,66,33,33,33,33,33,33,33,33,33,33,33,33,33,33,33,33,33],"card_choices":[{"not_picked":["Sucker Punch","Slice"],"picked":"Backflip","floor":1.0},{"not_picked":["Caltrops","PiercingWail"],"picked":"Dash","floor":3.0},{"not_picked":["Dodge and Roll","PiercingWail"],"picked":"Dagger Throw","floor":6.0},{"not_picked":["Quick Slash","Acrobatics"],"picked":"Blur","floor":8.0},{"not_picked":["Choke","Bane"],"picked":"After Image","floor":10.0},{"not_picked":["Underhanded Strike","Flying Knee"],"picked":"Quick Slash","floor":11.0},{"not_picked":["Masterful Stab","Deflect","Slice"],"picked":"SKIP","floor":12},{"not_picked":["PiercingWail","Dodge and Roll"],"picked":"Sucker Punch","floor":13},{"not_picked":["Flechettes","Setup"],"picked":"PiercingWail","floor":14},{"not_picked":["Doppelganger","Grand Finale"],"picked":"Night Terror","floor":16},{"not_picked":["Cloak And Dagger","Dodge and Roll"],"picked":"Deadly Poison","floor":18},{"not_picked":["Deadly Poison","Flying Knee","Bane"],"picked":"SKIP","floor":24},{"not_picked":["Acrobatics","Bane+1"],"picked":"Footwork","floor":25},{"not_picked":["Expertise","Outmaneuver"],"picked":"Crippling Poison","floor":27},{"not_picked":["Blade Dance","Dagger Spray"],"picked":"Crippling Poison","floor":30},{"not_picked":["Cloak And Dagger","Dagger Spray","Underhanded Strike"],"picked":"SKIP","floor":31},{"not_picked":["Die Die Die","After Image"],"picked":"Malaise","floor":33},{"not_picked":["Storm of Steel","Cloak And Dagger"],"picked":"Well Laid Plans","floor":35}],"player_experience":1709549,"relics_obtained":[{"floor":6.0,"key":"Mummified Hand"},{"floor":8.0,"key":"The Specimen"},{"floor":9.0,"key":"Paper Crane"},{"floor":24,"key":"Potion Belt"},{"floor":26,"key":"Bottled Flame"},{"floor":36,"key":"Bird Faced Urn"}],"event_choices":[{"damage_healed":0.0,"max_hp_gain":0.0,"max_hp_loss":0.0,"gold_gain":75.0,"event_name":"World of Goop","player_choice":"Gather Gold","floor":4.0,"gold_loss":0.0,"damage_taken":11.0},{"damage_healed":0.0,"max_hp_gain":0.0,"max_hp_loss":0.0,"gold_gain":79.0,"event_name":"Golden Wing","player_choice":"Gained Gold","floor":5.0,"gold_loss":0.0,"damage_taken":0.0},{"damage_healed":0,"gold_gain":0,"player_choice":"Obtained Relic","damage_taken":0,"relics_obtained":["The Courier"],"max_hp_gain":0,"max_hp_loss":0,"event_name":"Addict","floor":20,"gold_loss":85},{"damage_healed":0,"gold_gain":0,"player_choice":"Ignored","damage_taken":0,"max_hp_gain":0,"max_hp_loss":0,"event_name":"Beggar","floor":21,"gold_loss":0},{"damage_healed":0,"gold_gain":0,"player_choice":"Became a Ghost","damage_taken":0,"max_hp_gain":0,"max_hp_loss":33,"event_name":"Ghosts","floor":22,"gold_loss":0,"cards_obtained":["Ghostly","Ghostly","Ghostly"]},{"damage_healed":0,"gold_gain":0,"player_choice":"Traded Relic","damage_taken":0,"relics_obtained":["Nloth\u0027s Gift"],"max_hp_gain":0,"max_hp_loss":0,"event_name":"N\u0027loth","floor":28,"relics_lost":["The Courier"],"gold_loss":0},{"damage_healed":0,"gold_gain":0,"player_choice":"Fight","damage_taken":0,"max_hp_gain":0,"max_hp_loss":0,"event_name":"Mysterious Sphere","floor":36,"gold_loss":0},{"damage_healed":0,"gold_gain":0,"player_choice":"Upgraded","damage_taken":0,"max_hp_gain":0,"max_hp_loss":0,"event_name":"Upgrade Shrine","floor":37,"gold_loss":0,"cards_upgraded":["Well Laid Plans"]}],"is_beta":true,"boss_relics":[{"not_picked":["Orrery","Pandora\u0027s Box"],"picked":"Astrolabe"},{"not_picked":["Philosopher\u0027s Stone","Empty Cage"],"picked":"Fusion Hammer"}],"items_purged_floors":[19],"is_endless":false,"potions_floor_spawned":[8,10,13,14,16,27,30,33],"killed_by":"3 Darklings","ascension_level":20}