{"gold_per_floor":[113,124,124,124,136,166,166,195,221,233,195,230,255,284,296,409,421,447,459,488,599,627,668,680,724,736,777,807,834,863,887,899,1016,1028,1054,1079,1091,1103,1134,1176,1203,1244,1280,1292,1315,1205,1228,1251,1263,1275],"floor_reached":50,"playtime":5282,"items_purged":[],"score":761,"play_id":"2559b998-4f57-4139-8264-6316982e5d99","local_time":"20181115193058","is_ascension_mode":true,"campfire_choices":[{"floor":7,"key":"REST"},{"data":"Stack","floor":10,"key":"SMITH"},{"data":"Buffer","floor":15,"key":"SMITH"},{"data":"Go for the Eyes","floor":24,"key":"SMITH"},{"data":"Go for the Eyes","floor":32,"key":"SMITH"},{"data":"Scrape","floor":44,"key":"SMITH"},{"data":"Streamline","floor":49,"key":"SMITH"}],"neow_cost":"PERCENT_DAMAGE","seed_source_timestamp":93900862917541,"circlet_count":0,"master_deck":["Strike_B","Strike_B","Strike_B","Defend_B+1","Defend_B","Defend_B+1","Zap+1","Dualcast+1","Beam Cell","Beam Cell+1","Stack+1","Go for the Eyes+1","Beam Cell","Streamline","All For One","Streamline+1","Rebound","Sweeping Beam","Buffer+1","Self Repair","Core Surge","Stack","Steam+1","Hologram","Streamline+1","Steam Power","White Noise+1","Steam Power","Turbo","Hologram","Melter+1","Conserve Battery+1","Stack+1","Go for the Eyes+1","Hologram","Reboot","Leap+1","Defragment+1","Streamline+1","Blizzard","Scrape+1","Streamline+1","Go for the Eyes+1","White Noise+1"],"relics":["FrozenCore","Prayer Wheel","Blood Vial","War Paint","MawBank","Odd Mushroom","Sozu","Regal Pillow","Thread and Needle","Matryoshka","Ornamental Fan","Centennial Puzzle","Letter Opener","Du-Vu Doll","Omamori","Potion Belt","Oddly Smooth Stone"],"potions_floor_usage":[16,16,16,25],"damage_taken":[{"damage":6,"enemies":"Jaw Worm","floor":1,"turns":3},{"damage":0,"enemies":"2 Louse","floor":2,"turns":2},{"damage":0,"enemies":"Small Slimes","floor":5,"turns":2},{"damage":23,"enemies":"Lagavulin","floor":6,"turns":6},{"damage":17,"enemies":"3 Sentries","floor":8,"turns":6},{"damage":12,"enemies":"The Mushroom Lair","floor":12,"turns":3},{"damage":0,"enemies":"2 Fungi Beasts","floor":13,"turns":2},{"damage":0,"enemies":"Red Slaver","floor":14,"turns":2},{"damage":0,"enemies":"Hexaghost","floor":16,"turns":9},{"damage":15,"enemies":"Shell Parasite","floor":18,"turns":3},{"damage":10,"enemies":"3 Byrds","floor":20,"turns":4},{"damage":13,"enemies":"Shelled Parasite and Fungi","floor":22,"turns":5},{"damage":9,"enemies":"Book of Stabbing","floor":23,"turns":5},{"damage":27,"enemies":"Gremlin Leader","floor":25,"turns":6},{"damage":8,"enemies":"Book of Stabbing","floor":27,"turns":4},{"damage":0,"enemies":"Centurion and Healer","floor":28,"turns":6},{"damage":0,"enemies":"Snake Plant","floor":29,"turns":4},{"damage":0,"enemies":"Snecko","floor":30,"turns":4},{"damage":0,"enemies":"Cultist and Chosen","floor":31,"turns":4},{"damage":35,"enemies":"Collector","floor":33,"turns":9},{"damage":0,"enemies":"3 Shapes","floor":35,"turns":3},{"damage":0,"enemies":"Orb Walker","floor":36,"turns":3},{"damage":0,"enemies":"Maw","floor":39,"turns":8},{"damage":32,"enemies":"Reptomancer","floor":40,"turns":7},{"damage":8,"enemies":"Sphere and 2 Shapes","floor":41,"turns":4},{"damage":0,"enemies":"Nemesis","floor":42,"turns":10},{"damage":0,"enemies":"Jaw Worm Horde","floor":45,"turns":5},{"damage":0,"enemies":"Spire Growth","floor":47,"turns":4},{"damage":0,"enemies":"Maw","floor":48,"turns":7},{"damage":66,"enemies":"Awakened One","floor":50,"turns":17}],"seed_played":"-2978750561852103230","potions_obtained":[{"floor":6,"key":"Dexterity Potion"},{"floor":8,"key":"LiquidBronze"},{"floor":14,"key":"Block Potion"},{"floor":16,"key":"Poison Potion"}],"is_trial":false,"path_per_floor":["M","M","?","?","M","E","R","E","T","R","?","?","M","M","R","B",null,"M","?","M","?","M","E","R","E","T","E","M","M","M","M","R","B",null,"M","M","?","?","M","E","M","E","T","R","M","?","M","M","R","B"],"character_chosen":"DEFECT","items_purchased":[],"campfire_rested":1,"item_purchase_floors":[],"current_hp_per_floor":[48,48,48,33,33,10,32,17,17,17,17,7,9,11,11,20,75,60,60,59,59,55,48,48,23,23,17,26,42,51,60,60,27,75,75,75,75,75,75,43,44,46,46,46,55,55,57,59,59,0],"gold":1275,"neow_bonus":"ONE_RARE_RELIC","is_prod":false,"is_daily":false,"chose_seed":false,"campfire_upgraded":6,"win_rate":0,"timestamp":1542328258,"path_taken":["M","M","?","?","M","E","R","E","T","R","?","?","M","M","R","BOSS","M","?","?","?","M","E","R","E","T","E","M","M","M","M","R","BOSS","M","M","?","?","M","E","?","E","T","R","M","?","M","M","R","BOSS"],"build_version":"2018-11-08","purchased_purges":0,"victory":false,"max_hp_per_floor":[75,75,75,75,75,75,75,75,75,75,75,75,75,75,75,75,75,75,75,75,75,75,75,75,75,75,75,75,75,75,75,75,75,75,75,75,75,75,75,75,75,75,75,75,75,75,75,75,75,75],"card_choices":[{"not_picked":["Steam","Recycle"],"picked":"Beam Cell","floor":1},{"not_picked":["Turbo","Rip and Tear"],"picked":"Beam Cell","floor":1},{"not_picked":["Rip and Tear","White Noise"],"picked":"Stack","floor":2},{"not_picked":["Redo","Meteor Strike"],"picked":"Go for the Eyes","floor":2},{"not_picked":["Heatsinks","Double Energy"],"picked":"Beam Cell","floor":5},{"not_picked":["Conserve Battery","Steam Power"],"picked":"Streamline","floor":5},{"not_picked":["Ball Lightning","Barrage"],"picked":"All For One","floor":6},{"not_picked":["Conserve Battery","Darkness"],"picked":"Streamline","floor":8},{"not_picked":["Defragment","Rip and Tear"],"picked":"Rebound","floor":12},{"not_picked":["Steam","Barrage"],"picked":"Sweeping Beam","floor":13},{"not_picked":["Hello World","Barrage","Sweeping Beam"],"picked":"SKIP","floor":13},{"not_picked":["Darkness","Capacitor"],"picked":"Buffer","floor":14},{"not_picked":["Tempest","Barrage"],"picked":"Self Repair","floor":14},{"not_picked":["Multi-Cast","Meteor Strike"],"picked":"Core Surge","floor":16},{"not_picked":["Coolheaded","Redo"],"picked":"Stack","floor":18},{"not_picked":["Heatsinks+1","Static Discharge"],"picked":"Steam+1","floor":18},{"not_picked":["Conserve Battery","Loop+1"],"picked":"Hologram","floor":20},{"not_picked":["Stack","Consume","Static Discharge"],"picked":"SKIP","floor":20},{"not_picked":["Steam","Coolheaded+1"],"picked":"Streamline+1","floor":22},{"not_picked":["Redo","Conserve Battery"],"picked":"Steam Power","floor":22},{"not_picked":["Compile Driver","Rebound"],"picked":"White Noise+1","floor":23},{"not_picked":["Streamline","Fission","Darkness+1"],"picked":"SKIP","floor":25},{"not_picked":["Compile Driver","Echo Form"],"picked":"Steam Power","floor":27},{"not_picked":["Streamline","Conserve Battery"],"picked":"Turbo","floor":28},{"not_picked":["FTL","Compile Driver"],"picked":"Hologram","floor":28},{"not_picked":["Aggregate","Rebound"],"picked":"Melter+1","floor":29},{"not_picked":["Cold Snap","Sweeping Beam"],"picked":"Conserve Battery+1","floor":29},{"not_picked":["Creative AI","Coolheaded"],"picked":"Stack+1","floor":30},{"not_picked":["Leap","Redo+1"],"picked":"Go for the Eyes","floor":30},{"not_picked":["Cold Snap+1","Stack"],"picked":"Hologram","floor":31},{"not_picked":["Amplify","Recycle","Aggregate"],"picked":"SKIP","floor":31},{"not_picked":["Echo Form","Core Surge"],"picked":"Reboot","floor":33},{"not_picked":["Hello World","Fusion"],"picked":"Leap+1","floor":35},{"not_picked":["Cold Snap","Sweeping Beam+1","Self Repair"],"picked":"SKIP","floor":35},{"not_picked":["Doom and Gloom+1","Conserve Battery"],"picked":"Defragment+1","floor":36},{"not_picked":["Redo","Rip and Tear","Conserve Battery"],"picked":"SKIP","floor":36},{"not_picked":["Sunder+1","Reboot"],"picked":"Streamline+1","floor":39},{"not_picked":["Steam","Steam Power+1"],"picked":"Blizzard","floor":39},{"not_picked":["Redo+1","Reinforced Body","Coolheaded"],"picked":"SKIP","floor":40},{"not_picked":["Compile Driver","Doom and Gloom","Cold Snap"],"picked":"SKIP","floor":41},{"not_picked":["Meteor Strike","Barrage","Storm"],"picked":"SKIP","floor":41},{"not_picked":["Cold Snap+1","Beam Cell"],"picked":"Scrape","floor":42},{"not_picked":["Darkness+1","Fusion"],"picked":"Streamline+1","floor":45},{"not_picked":["Genetic Algorithm","Barrage","Tempest"],"picked":"SKIP","floor":45},{"not_picked":["Fusion","Ball Lightning+1"],"picked":"Go for the Eyes+1","floor":47},{"not_picked":["Streamline","Barrage+1","Reboot"],"picked":"SKIP","floor":47},{"not_picked":["Hello World","Reprogram+1"],"picked":"White Noise+1","floor":48},{"not_picked":["Reprogram","Conserve Battery","Heatsinks"],"picked":"SKIP","floor":48}],"player_experience":101810,"relics_obtained":[{"floor":6,"key":"Blood Vial"},{"floor":8,"key":"War Paint"},{"floor":9,"key":"MawBank"},{"floor":12,"key":"Odd Mushroom"},{"floor":23,"key":"Regal Pillow"},{"floor":25,"key":"Thread and Needle"},{"floor":26,"key":"Matryoshka"},{"floor":27,"key":"Ornamental Fan"},{"floor":38,"key":"Centennial Puzzle"},{"floor":40,"key":"Letter Opener"},{"floor":42,"key":"Du-Vu Doll"},{"floor":43,"key":"Omamori"},{"floor":43,"key":"Potion Belt"}],"event_choices":[{"damage_healed":0,"gold_gain":0,"player_choice":"Grow","damage_taken":0,"max_hp_gain":0,"max_hp_loss":0,"event_name":"Living Wall","floor":3,"gold_loss":0,"cards_upgraded":["Zap"]},{"damage_healed":0,"gold_gain":0,"player_choice":"Entered Light","damage_taken":15,"max_hp_gain":0,"max_hp_loss":0,"event_name":"Shining Light","floor":4,"gold_loss":0,"cards_upgraded":["Beam Cell","Dualcast"]},{"cards_removed":["Strike_B"],"damage_healed":0,"gold_gain":0,"player_choice":"Card Removal","damage_taken":0,"max_hp_gain":0,"max_hp_loss":0,"event_name":"The Cleric","floor":11,"gold_loss":50},{"damage_healed":0,"gold_gain":0,"player_choice":"Fought Mushrooms","damage_taken":0,"max_hp_gain":0,"max_hp_loss":0,"event_name":"Mushrooms","floor":12,"gold_loss":0},{"cards_removed":["Defend_B"],"damage_healed":0,"gold_gain":0,"player_choice":"Purged","damage_taken":0,"max_hp_gain":0,"max_hp_loss":0,"event_name":"Purifier","floor":19,"gold_loss":0},{"damage_healed":0,"gold_gain":99,"player_choice":"Stole From Cult","damage_taken":0,"max_hp_gain":0,"max_hp_loss":0,"event_name":"Nest","floor":21,"gold_loss":0},{"damage_healed":0,"gold_gain":0,"player_choice":"Ignored","damage_taken":0,"max_hp_gain":0,"max_hp_loss":0,"event_name":"Tomb of Lord Red Mask","floor":37,"gold_loss":0},{"damage_healed":0,"gold_gain":0,"player_choice":"Relic","damage_taken":0,"max_hp_gain":0,"max_hp_loss":0,"event_name":"Wheel of Change","floor":38,"gold_loss":0},{"damage_healed":0,"gold_gain":0,"player_choice":"Paid Gold","damage_taken":0,"relics_obtained":["Oddly Smooth Stone"],"max_hp_gain":0,"max_hp_loss":0,"event_name":"WeMeetAgain","floor":46,"gold_loss":122}],"is_beta":false,"boss_relics":[{"not_picked":["Orrery","Tiny House"],"picked":"Sozu"},{"not_picked":["Empty Cage","Runic Dome"],"picked":"FrozenCore"}],"items_purged_floors":[],"is_endless":false,"potions_floor_spawned":[6,8,14,16,18,23,25,28,29,31,35,40,41,47],"killed_by":"Awakened One","ascension_level":1}