{"gold_per_floor":[121,151,163,175,252,290,302,364,403,431,520,547,559,197,197,297,297,315,365,55,121,171,171,184,29,29,79,6,16,66,84,84,187,187,201,251,301,2,52,52,2,2,55,83,100,150],"floor_reached":46,"playtime":1442,"items_purged":["Defend_B","Strike_B"],"score":760,"play_id":"3282fdf9-7885-4f91-b3cd-4ee204028418","local_time":"20181226174523","is_ascension_mode":true,"campfire_choices":[{"floor":7,"key":"REST"},{"floor":13,"key":"REST"},{"data":"Apotheosis","floor":15,"key":"SMITH"},{"floor":23,"key":"RECALL"},{"floor":32,"key":"REST"},{"floor":40,"key":"REST"},{"floor":42,"key":"REST"}],"neow_cost":"NONE","seed_source_timestamp":253948431603809,"circlet_count":0,"master_deck":["AscendersBane","Strike_B+1","Defend_B+1","Defend_B+1","Defend_B","Zap","Dualcast","Streamline+1","Coolheaded+1","White Noise","Sweeping Beam","Hologram+1","Apotheosis+1","Defragment","Core Surge","Consume","Core Surge","Biased Cognition","Self Repair","Recycle","Capacitor","Steam","Creative AI","Turbo+1","Capacitor","Conserve Battery","Defragment+1"],"relics":["Cracked Core","MawBank","SsserpentHead","Whetstone","Centennial Puzzle","Bronze Scales","Lantern","Fusion Hammer","Orichalcum","Blue Candle","War Paint","Juzu Bracelet","Empty Cage","PreservedInsect","Molten Egg 2"],"potions_floor_usage":[24,46],"damage_taken":[{"damage":8,"enemies":"Small Slimes","floor":1,"turns":3},{"damage":3,"enemies":"2 Louse","floor":2,"turns":2},{"damage":0,"enemies":"Cultist","floor":5,"turns":3},{"damage":27,"enemies":"Lagavulin","floor":6,"turns":8},{"damage":6,"enemies":"3 Louse","floor":10,"turns":2},{"damage":12,"enemies":"Exordium Wildlife","floor":12,"turns":2},{"damage":14,"enemies":"Slime Boss","floor":16,"turns":6},{"damage":16,"enemies":"Shell Parasite","floor":18,"turns":4},{"damage":16,"enemies":"2 Thieves","floor":21,"turns":3},{"damage":19,"enemies":"3 Cultists","floor":24,"turns":4},{"damage":10,"enemies":"Snecko","floor":29,"turns":5},{"damage":35,"enemies":"Snake Plant","floor":31,"turns":3},{"damage":19,"enemies":"Champ","floor":33,"turns":11},{"damage":34,"enemies":"3 Darklings","floor":35,"turns":5},{"damage":55,"enemies":"Reptomancer","floor":44,"turns":8},{"damage":0,"enemies":"3 Shapes","floor":45,"turns":7},{"damage":56,"enemies":"2 Orb Walkers","floor":46,"turns":3}],"seed_played":"-2305033254549744913","potions_obtained":[{"floor":1,"key":"Regen Potion"},{"floor":5,"key":"Swift Potion"},{"floor":24,"key":"LiquidBronze"},{"floor":37,"key":"Dexterity Potion"}],"is_trial":false,"path_per_floor":["M","M","?","?","M","E","R","?","T","M","T","M","R","$","R","B",null,"M","?","$","M","?","R","M","$","T","?","$","M","?","M","R","B",null,"M","?","?","$","?","R","$","R","T","E","M","?"],"character_chosen":"DEFECT","items_purchased":["Apotheosis","Lantern","Defragment","Biased Cognition","Orichalcum","War Paint","Capacitor","PreservedInsect","Capacitor"],"campfire_rested":5,"item_purchase_floors":[14,14,14,20,20,25,28,38,38],"current_hp_per_floor":[60,57,42,42,42,15,37,42,42,36,36,24,48,48,48,34,69,53,53,53,37,37,37,37,37,37,22,22,22,50,25,50,41,74,47,47,47,47,85,85,85,85,85,40,47,0],"gold":150,"neow_bonus":"RANDOM_COMMON_RELIC","is_prod":false,"is_daily":false,"chose_seed":false,"campfire_upgraded":1,"win_rate":0,"timestamp":1545864323,"path_taken":["M","M","?","?","?","E","R","?","T","M","?","M","R","?","R","BOSS","M","?","$","?","?","R","M","$","T","?","$","M","?","M","R","BOSS","M","?","?","$","?","R","?","R","T","E","M","?"],"build_version":"2018-12-20","purchased_purges":2,"victory":false,"max_hp_per_floor":[75,75,75,75,75,75,75,80,80,80,80,80,80,80,80,80,80,80,80,80,80,80,80,80,80,80,85,85,85,85,85,85,85,85,85,85,85,85,85,85,85,85,85,85,85,85],"card_choices":[{"not_picked":["Force Field","Go for the Eyes"],"picked":"Streamline","floor":1},{"not_picked":["Recycle","Leap"],"picked":"Coolheaded","floor":2},{"not_picked":["Leap","Self Repair"],"picked":"White Noise","floor":5},{"not_picked":["Coolheaded","White Noise"],"picked":"Sweeping Beam","floor":6},{"not_picked":["Streamline","Doom and Gloom","Sweeping Beam"],"picked":"SKIP","floor":10},{"not_picked":["Streamline","Turbo"],"picked":"Hologram","floor":12},{"not_picked":["Reboot","Rainbow"],"picked":"Core Surge","floor":16},{"not_picked":["Streamline","Force Field+1"],"picked":"Consume","floor":18},{"not_picked":["Steam","Barrage+1"],"picked":"Self Repair","floor":21},{"not_picked":["Conserve Battery","Go for the Eyes"],"picked":"Recycle","floor":24},{"not_picked":["Hello World","Compile Driver","Steam"],"picked":"SKIP","floor":29},{"not_picked":["Barrage","Rebound"],"picked":"Steam","floor":31},{"not_picked":["Hyperbeam","Multi-Cast"],"picked":"Creative AI","floor":33},{"not_picked":["Beam Cell","Ball Lightning"],"picked":"Turbo+1","floor":35},{"not_picked":["Beam Cell","Consume+1"],"picked":"Conserve Battery","floor":44},{"not_picked":["White Noise+1","Steam"],"picked":"Defragment+1","floor":45}],"player_experience":407076,"relics_obtained":[{"floor":6,"key":"Whetstone"},{"floor":9,"key":"Centennial Puzzle"},{"floor":11,"key":"Bronze Scales"},{"floor":26,"key":"Juzu Bracelet"},{"floor":44,"key":"Molten Egg 2"}],"event_choices":[{"damage_healed":0,"gold_gain":0,"player_choice":"Entered Light","damage_taken":15,"max_hp_gain":0,"max_hp_loss":0,"event_name":"Shining Light","floor":3,"gold_loss":0,"cards_upgraded":["Defend_B","Defend_B"]},{"damage_healed":0,"gold_gain":0,"player_choice":"Trade","damage_taken":0,"relics_obtained":["SsserpentHead"],"max_hp_gain":0,"max_hp_loss":0,"event_name":"FaceTrader","floor":4,"gold_loss":0},{"damage_healed":0,"gold_gain":0,"player_choice":"Donut","damage_taken":0,"max_hp_gain":5,"max_hp_loss":0,"event_name":"Big Fish","floor":8,"gold_loss":0},{"damage_healed":0,"gold_gain":0,"player_choice":"Copied","damage_taken":0,"max_hp_gain":0,"max_hp_loss":0,"event_name":"Duplicator","floor":19,"gold_loss":0,"cards_obtained":["Core Surge"]},{"damage_healed":0,"gold_gain":0,"player_choice":"Gave Potion","damage_taken":0,"relics_obtained":["Blue Candle"],"max_hp_gain":0,"max_hp_loss":0,"event_name":"WeMeetAgain","floor":22,"gold_loss":0},{"damage_healed":0,"gold_gain":0,"player_choice":"Shed Blood","damage_taken":20,"max_hp_gain":5,"max_hp_loss":0,"event_name":"Forgotten Altar","floor":27,"gold_loss":0},{"damage_healed":28,"gold_gain":0,"player_choice":"Heal","damage_taken":0,"max_hp_gain":0,"max_hp_loss":0,"event_name":"The Library","floor":30,"gold_loss":0},{"damage_healed":0,"gold_gain":0,"player_choice":"Ignored","damage_taken":0,"max_hp_gain":0,"max_hp_loss":0,"event_name":"Tomb of Lord Red Mask","floor":36,"gold_loss":0},{"damage_healed":0,"gold_gain":0,"player_choice":"Got Potions","damage_taken":0,"max_hp_gain":0,"max_hp_loss":0,"event_name":"Lab","floor":37,"gold_loss":0},{"damage_healed":38,"gold_gain":0,"player_choice":"Full Heal","damage_taken":0,"max_hp_gain":0,"max_hp_loss":0,"event_name":"Wheel of Change","floor":39,"gold_loss":0},{"damage_healed":0,"gold_gain":0,"player_choice":"Fight","damage_taken":0,"max_hp_gain":0,"max_hp_loss":0,"event_name":"Mysterious Sphere","floor":46,"gold_loss":0}],"is_beta":false,"boss_relics":[{"not_picked":["Coffee Dripper","Velvet Choker"],"picked":"Fusion Hammer"},{"not_picked":["Tiny House","FrozenCore"],"picked":"Empty Cage"}],"items_purged_floors":[38,41],"is_endless":false,"potions_floor_spawned":[1,5,16,21,24,45],"killed_by":"2 Orb Walkers","ascension_level":12}