{"gold_per_floor":[218,218,218,228,113,113,113,113,183,195,195,211,211,227,227,327,327,346,261,261,277,295,295,322,322],"floor_reached":25,"playtime":922,"items_purged":["Regret"],"score":211,"play_id":"77ccaa04-9e2a-404c-9d34-ae877f1cbf6f","local_time":"20181202122157","is_ascension_mode":false,"campfire_choices":[{"data":"Zap","floor":6,"key":"SMITH"},{"data":"Dualcast","floor":8,"key":"SMITH"},{"data":"Capacitor","floor":11,"key":"SMITH"},{"floor":15,"key":"RECALL"},{"data":"Coolheaded","floor":23,"key":"SMITH"}],"neow_cost":"NONE","seed_source_timestamp":248682389625494,"circlet_count":0,"master_deck":["Strike_B","Strike_B+1","Strike_B","Defend_B","Defend_B","Defend_B+1","Defend_B","Zap+1","Dualcast+1","Self Repair","Capacitor+1","FTL","Cold Snap","BootSequence","Coolheaded+1","Machine Learning","FTL+1","Stack"],"relics":["Cracked Core","Bronze Scales","Matryoshka","Orichalcum","Eternal Feather","Dodecahedron","The Courier"],"potions_floor_usage":[18],"damage_taken":[{"damage":1,"enemies":"Cultist","floor":1,"turns":3},{"damage":10,"enemies":"Small Slimes","floor":4,"turns":3},{"damage":3,"enemies":"Jaw Worm","floor":10,"turns":3},{"damage":0,"enemies":"Looter","floor":12,"turns":3},{"damage":0,"enemies":"Large Slime","floor":14,"turns":4},{"damage":30,"enemies":"Hexaghost","floor":16,"turns":10},{"damage":0,"enemies":"Chosen","floor":18,"turns":4},{"damage":12,"enemies":"2 Thieves","floor":21,"turns":4},{"damage":22,"enemies":"Snake Plant","floor":22,"turns":5},{"damage":56,"enemies":"Gremlin Leader","floor":24,"turns":13},{"damage":12,"enemies":"Shelled Parasite and Fungi","floor":25,"turns":4}],"seed_played":"519998094721169989","potions_obtained":[{"floor":1,"key":"Poison Potion"},{"floor":10,"key":"SpeedPotion"},{"floor":18,"key":"Swift Potion"},{"floor":22,"key":"Explosive Potion"}],"is_trial":false,"path_per_floor":["M","?","?","M","$","R","T","R","T","M","R","M","?","M","R","B",null,"M","?","?","M","M","R","E","M"],"character_chosen":"DEFECT","items_purchased":["FTL"],"campfire_rested":0,"item_purchase_floors":[5],"current_hp_per_floor":[74,67,67,64,64,64,64,64,64,68,68,75,60,67,67,44,75,75,75,75,63,48,57,8,0],"gold":322,"neow_bonus":"HUNDRED_GOLD","is_prod":false,"is_daily":false,"chose_seed":false,"campfire_upgraded":4,"win_rate":0,"timestamp":1543720917,"path_taken":["M","?","?","M","$","R","?","R","T","M","R","M","?","M","R","BOSS","M","?","?","?","M","R","E","M"],"build_version":"2018-11-15","purchased_purges":1,"victory":false,"max_hp_per_floor":[75,75,75,75,75,75,75,75,75,75,75,75,75,75,75,75,75,75,75,75,75,75,75,75,75],"card_choices":[{"not_picked":["Streamline","Steam"],"picked":"Self Repair","floor":1},{"not_picked":["Blizzard","Redo"],"picked":"Capacitor","floor":4},{"not_picked":["Force Field","White Noise"],"picked":"Cold Snap","floor":10},{"not_picked":["Turbo","Steam Power"],"picked":"BootSequence","floor":12},{"not_picked":["Go for the Eyes","Stack"],"picked":"Coolheaded","floor":14},{"not_picked":["Amplify","Reboot"],"picked":"Machine Learning","floor":16},{"not_picked":["Beam Cell","Hologram"],"picked":"FTL+1","floor":18},{"not_picked":["Rebound+1","Redo","Beam Cell"],"picked":"SKIP","floor":21},{"not_picked":["Gash","Steam","Barrage"],"picked":"SKIP","floor":22},{"not_picked":["Compile Driver","Rebound"],"picked":"Stack","floor":24}],"player_experience":601873,"relics_obtained":[{"floor":7,"key":"Matryoshka"},{"floor":9,"key":"Orichalcum"},{"floor":24,"key":"The Courier"}],"event_choices":[{"cards_removed":["Strike_B"],"damage_healed":0,"gold_gain":0,"player_choice":"Card Removal","damage_taken":7,"max_hp_gain":0,"max_hp_loss":0,"event_name":"Golden Wing","floor":2,"gold_loss":0},{"damage_healed":0,"gold_gain":0,"player_choice":"Box","damage_taken":0,"relics_obtained":["Bronze Scales"],"max_hp_gain":0,"max_hp_loss":0,"event_name":"Big Fish","floor":3,"gold_loss":0,"cards_obtained":["Regret"]},{"damage_healed":0,"gold_gain":0,"player_choice":"Entered Light","damage_taken":15,"max_hp_gain":0,"max_hp_loss":0,"event_name":"Shining Light","floor":13,"gold_loss":0,"cards_upgraded":["Strike_B","Defend_B"]},{"damage_healed":0,"gold_gain":0,"player_choice":"Obtained Relic","damage_taken":0,"relics_obtained":["Dodecahedron"],"max_hp_gain":0,"max_hp_loss":0,"event_name":"Addict","floor":19,"gold_loss":85},{"damage_healed":0,"gold_gain":0,"player_choice":"Ignored","damage_taken":0,"max_hp_gain":0,"max_hp_loss":0,"event_name":"N\u0027loth","floor":20,"gold_loss":0}],"is_beta":false,"boss_relics":[{"not_picked":["Runic Pyramid","Runic Dome"],"picked":"Eternal Feather"}],"items_purged_floors":[5],"is_endless":false,"potions_floor_spawned":[1,10,18,22],"killed_by":"Shelled Parasite and Fungi","ascension_level":0}