{"gold_per_floor":[117,117,42,57,77,77,77,77,77,77,99,50,68,83,83,180,180,196,196,208,220,238,238,90,101,101,101,113,113,113,128,128,233,233,243,296,154,174,174,174,190,190,258,271,286,124,124,150,150,150],"floor_reached":51,"playtime":3918,"items_purged":["Strike_B","Strike_B"],"score":613,"play_id":"4d677d2b-a722-4465-8b8d-6511c5e28a26","local_time":"20181015164916","is_ascension_mode":false,"campfire_choices":[{"data":"Zap","floor":6,"key":"SMITH"},{"data":"Dualcast","floor":8,"key":"SMITH"},{"floor":15,"key":"REST"},{"floor":23,"key":"REST"},{"floor":30,"key":"REST"},{"floor":32,"key":"REST"},{"floor":40,"key":"REST"},{"floor":42,"key":"REST"},{"floor":49,"key":"REST"}],"neow_cost":"PERCENT_DAMAGE","seed_source_timestamp":404753981385330,"circlet_count":0,"master_deck":["Strike_B","Strike_B","Defend_B","Defend_B","Defend_B","Defend_B","Zap+1","Dualcast+1","Ball Lightning+1","Cold Snap","Tempest+1","Conserve Battery+1","Glacier+1","Echo Form","Stack+1","Multi-Cast+1","Double Energy+1","Coolheaded+1","Electrodynamics","Redo+1","Go for the Eyes+1","Conserve Battery+1","Thunder Strike","Ball Lightning+1","Self Repair","Static Discharge","Hologram+1","Redo+1","Ball Lightning","Capacitor","Conserve Battery+1","Thunder Strike+1","Madness+1","Madness+1"],"relics":["Cracked Core","Pocketwatch","Shuriken","Toxic Egg 2","Letter Opener","Pantograph","Odd Mushroom","Fusion Hammer","The Courier","Spirit Poop","Runic Dome","Ice Cream","FossilizedHelix","Molten Egg 2","DollysMirror","Juzu Bracelet"],"potions_floor_usage":[50,50],"damage_taken":[{"damage":0,"enemies":"2 Louse","floor":1,"turns":2},{"damage":1,"enemies":"Jaw Worm","floor":4,"turns":2},{"damage":0,"enemies":"Cultist","floor":5,"turns":2},{"damage":12,"enemies":"The Mushroom Lair","floor":11,"turns":3},{"damage":3,"enemies":"Exordium Thugs","floor":13,"turns":3},{"damage":1,"enemies":"2 Fungi Beasts","floor":14,"turns":3},{"damage":38,"enemies":"Hexaghost","floor":16,"turns":9},{"damage":1,"enemies":"Spheric Guardian","floor":18,"turns":4},{"damage":10,"enemies":"Shell Parasite","floor":20,"turns":4},{"damage":0,"enemies":"Snake Plant","floor":21,"turns":2},{"damage":8,"enemies":"Shelled Parasite and Fungi","floor":22,"turns":5},{"damage":8,"enemies":"Cultist and Chosen","floor":25,"turns":3},{"damage":10,"enemies":"Centurion and Healer","floor":28,"turns":4},{"damage":0,"enemies":"Chosen and Byrds","floor":31,"turns":5},{"damage":31,"enemies":"Automaton","floor":33,"turns":12},{"damage":11,"enemies":"Orb Walker","floor":35,"turns":3},{"damage":8,"enemies":"Mysterious Sphere","floor":36,"turns":5},{"damage":6,"enemies":"3 Darklings","floor":38,"turns":2},{"damage":0,"enemies":"Mind Bloom Boss Battle","floor":39,"turns":5},{"damage":4,"enemies":"Spire Growth","floor":41,"turns":3},{"damage":11,"enemies":"Reptomancer","floor":44,"turns":3},{"damage":0,"enemies":"3 Darklings","floor":45,"turns":4},{"damage":73,"enemies":"Awakened One","floor":50,"turns":8}],"seed_played":"7521165481679439128","potions_obtained":[{"floor":4,"key":"FearPotion"},{"floor":13,"key":"Regen Potion"},{"floor":16,"key":"Poison Potion"},{"floor":35,"key":"Block Potion"}],"is_trial":false,"path_per_floor":["M","?","$","M","M","R","?","R","T","T","?","$","M","M","R","B",null,"M","?","M","M","M","R","$","M","T","?","M","?","R","M","R","B",null,"M","?","$","M","?","R","M","R","T","M","M","$","?","T","R","B"],"character_chosen":"DEFECT","items_purchased":["Conserve Battery+1","Electrodynamics","Static Discharge","DollysMirror"],"campfire_rested":7,"item_purchase_floors":[12,24,37,46],"current_hp_per_floor":[54,36,36,35,35,35,35,35,35,35,23,23,20,19,41,28,75,74,74,64,64,56,75,75,67,67,67,57,43,67,67,80,49,80,69,61,61,55,80,80,76,80,80,76,80,80,70,70,80,28],"gold":150,"neow_bonus":"ONE_RARE_RELIC","is_prod":false,"is_daily":false,"chose_seed":false,"campfire_upgraded":2,"win_rate":0,"timestamp":1539589756,"path_taken":["M","?","$","M","?","R","?","R","T","?","?","?","?","M","R","BOSS","M","?","?","M","M","R","$","M","T","?","M","?","R","M","R","BOSS","M","?","$","M","?","R","?","R","T","M","?","$","?","?","R","BOSS"],"build_version":"2018-10-11","purchased_purges":2,"victory":true,"max_hp_per_floor":[75,75,75,75,75,75,75,75,75,75,75,75,75,75,75,75,75,75,75,75,75,75,75,75,75,75,75,75,80,80,80,80,80,80,80,80,80,80,80,80,80,80,80,80,80,80,80,80,80,80],"card_choices":[{"not_picked":["Beam Cell","Darkness"],"picked":"Ball Lightning","floor":1},{"not_picked":["Turbo","Hello World"],"picked":"Cold Snap","floor":4},{"not_picked":["Doom and Gloom","Reinforced Body","Blizzard"],"picked":"SKIP","floor":5},{"not_picked":["Compile Driver","Blizzard"],"picked":"Tempest+1","floor":11},{"not_picked":["Recycle+1","Compile Driver","Turbo+1"],"picked":"SKIP","floor":13},{"not_picked":["Reinforced Body+1","Meteor Strike"],"picked":"Glacier+1","floor":14},{"not_picked":["Rainbow+1","Seek+1"],"picked":"Echo Form","floor":16},{"not_picked":["Heatsinks+1","Rebound"],"picked":"Stack+1","floor":18},{"not_picked":["Sunder","Sweeping Beam+1"],"picked":"Multi-Cast+1","floor":20},{"not_picked":["Steam+1","Leap+1"],"picked":"Double Energy+1","floor":21},{"not_picked":["Fusion+1","Rebound"],"picked":"Coolheaded+1","floor":22},{"not_picked":["Undo+1","Chill+1"],"picked":"Redo+1","floor":25},{"not_picked":["Glacier+1","Turbo+1"],"picked":"Go for the Eyes+1","floor":28},{"not_picked":["Cold Snap","Hologram+1"],"picked":"Conserve Battery+1","floor":31},{"not_picked":["Meteor Strike","Hyperbeam"],"picked":"Thunder Strike","floor":33},{"not_picked":["Loop","Melter+1"],"picked":"Ball Lightning+1","floor":35},{"not_picked":["Ball Lightning","Leap+1"],"picked":"Self Repair","floor":36},{"not_picked":["Recycle+1","Steam+1"],"picked":"Hologram+1","floor":38},{"not_picked":["Hologram+1","Hello World"],"picked":"Redo+1","floor":39},{"not_picked":["Barrage+1","Coolheaded+1"],"picked":"Ball Lightning","floor":41},{"not_picked":["Meteor Strike+1","Rip and Tear+1"],"picked":"Capacitor","floor":44},{"not_picked":["Compile Driver+1","Undo+1"],"picked":"Conserve Battery+1","floor":45}],"player_experience":504922,"relics_obtained":[{"floor":9,"key":"Letter Opener"},{"floor":10,"key":"Pantograph"},{"floor":11,"key":"Odd Mushroom"},{"floor":26,"key":"The Courier"},{"floor":36,"key":"Ice Cream"},{"floor":39,"key":"FossilizedHelix"},{"floor":43,"key":"Molten Egg 2"},{"floor":48,"key":"Juzu Bracelet"}],"event_choices":[{"event_name":"Scrap Ooze","player_choice":"success","floor":2,"damage_taken":18},{"event_name":"Big Fish","player_choice":"Box","floor":7,"damage_taken":0},{"event_name":"Mushrooms","player_choice":"Fought Mushrooms","floor":11,"damage_taken":0},{"event_name":"Accursed Blacksmith","player_choice":"Forge","floor":19,"damage_taken":0},{"event_name":"Bonfire Elementals","player_choice":"CURSE","floor":27,"damage_taken":0},{"event_name":"Forgotten Altar","player_choice":"Shed Blood","floor":29,"damage_taken":0},{"event_name":"Mysterious Sphere","player_choice":"Fight","floor":36,"damage_taken":0},{"event_name":"MindBloom","player_choice":"Fight","floor":39,"damage_taken":0},{"event_name":"Winding Halls","player_choice":"Embrace Madness","floor":47,"damage_taken":0}],"is_beta":true,"boss_relics":[{"not_picked":["Runic Pyramid","Snecko Eye"],"picked":"Fusion Hammer"},{"not_picked":["Velvet Choker","Tiny House"],"picked":"Runic Dome"}],"items_purged_floors":[3,37],"is_endless":false,"potions_floor_spawned":[4,13,16,18,20,35,39,44],"ascension_level":0}