{"gold_per_floor":[118,129,149,168,25,54,54,229,229,248,44,59,59,88,88,193,193,210,225,254,267,278,278,293,328,328,338,338,349,363,363,363,363],"floor_reached":33,"playtime":2925,"items_purged":[],"score":333,"play_id":"f6c78872-491e-446f-aacb-5553e0cb73d5","local_time":"20180629223226","is_ascension_mode":false,"campfire_choices":[{"floor":13.0,"key":"REST"},{"floor":15.0,"key":"REST"},{"floor":23,"key":"REST"},{"floor":28,"key":"REST"},{"floor":32,"key":"REST"}],"neow_cost":"","seed_source_timestamp":0,"circlet_count":0,"master_deck":["Strike_R","Strike_R","Strike_R","Strike_R","Strike_R+1","Defend_R","Defend_R","Defend_R","Defend_R","Bash","Iron Wave","Shrug It Off","Rage","Heavy Blade","Finesse+1","Armaments","Clothesline","Rampage","Flex","Pommel Strike","Perfected Strike","Demon Form","Anger","Sword Boomerang","Combust","Flex","Cleave","Battle Trance+1","Iron Wave","Cleave","Feel No Pain+1","Twin Strike+1","Pommel Strike","Metallicize","Twin Strike+1","Inflame+1","Dropkick"],"special_seed":0,"relics":["Burning Blood","Thread and Needle","Omamori","Ornamental Fan","Bronze Scales","Kunai","Orrery","Red Mask","Juzu Bracelet","Toolbox"],"potions_floor_usage":[21,27,33,33],"damage_taken":[{"damage":1.0,"enemies":"Jaw Worm","floor":1.0,"turns":3.0},{"damage":0.0,"enemies":"2 Louse","floor":2.0,"turns":3.0},{"damage":0.0,"enemies":"Cultist","floor":3.0,"turns":4.0},{"damage":0.0,"enemies":"3 Louse","floor":4.0,"turns":6.0},{"damage":0.0,"enemies":"3 Sentries","floor":6.0,"turns":10.0},{"damage":0.0,"enemies":"2 Fungi Beasts","floor":10.0,"turns":5.0},{"damage":0.0,"enemies":"Red Slaver","floor":12.0,"turns":3.0},{"damage":13.0,"enemies":"Lagavulin","floor":14.0,"turns":7.0},{"damage":52.0,"enemies":"The Guardian","floor":16.0,"turns":10.0},{"damage":17,"enemies":"3 Byrds","floor":18,"turns":3},{"damage":5,"enemies":"Spheric Guardian","floor":19,"turns":3},{"damage":33,"floor":20,"turns":4},{"damage":8,"enemies":"Snake Plant","floor":21,"turns":4},{"damage":20,"enemies":"3 Cultists","floor":22,"turns":4},{"damage":1,"enemies":"Snecko","floor":24,"turns":4},{"damage":48,"enemies":"Book of Stabbing","floor":25,"turns":6},{"damage":13,"enemies":"Chosen and Byrds","floor":27,"turns":7},{"damage":4,"enemies":"Centurion and Healer","floor":29,"turns":6},{"damage":6,"enemies":"Snecko","floor":30,"turns":6},{"damage":69,"enemies":"Automaton","floor":33,"turns":8}],"seed_played":"-1239571515966170068","potions_obtained":[{"floor":2.0,"key":"Ancient Potion"},{"floor":3.0,"key":"EssenceOfSteel"},{"floor":12.0,"key":"SteroidPotion"},{"floor":19,"key":"BloodPotion"},{"floor":25,"key":"Weak Potion"},{"floor":27,"key":"EssenceOfSteel"},{"floor":29,"key":"Strength Potion"}],"is_trial":false,"path_per_floor":["M","M","M","M","$","E","?","?","T","M","$","M","R","E","R","B",null,"M","M","?","M","M","R","M","E","T","M","R","M","M","?","R"],"character_chosen":"IRONCLAD","items_purchased":["Finesse","Armaments","Bronze Scales","Flex"],"campfire_rested":5,"item_purchase_floors":[],"current_hp_per_floor":[45,51,57,63,63,69,53,53,53,59,59,65,80,73,80,34,80,69,70,43,49,35,59,64,22,22,15,39,45,45,45,69,0],"gold":363,"neow_bonus":"","is_prod":false,"is_daily":false,"chose_seed":false,"campfire_upgraded":0,"win_rate":0.0,"timestamp":1530336746,"path_taken":["M","M","M","M","$","E","?","?","T","M","$","M","R","E","R","BOSS","M","M","?","M","M","R","M","E","T","M","R","M","M","?","R","BOSS"],"build_version":"2018-06-28","purchased_purges":0,"victory":false,"max_hp_per_floor":[80,80,80,80,80,80,80,80,80,80,80,80,80,80,80,80,80,80,80,80,80,80,80,80,80,80,80,80,80,80,80,80,80],"card_choices":[{"not_picked":["Cleave","Rage"],"picked":"Iron Wave","floor":1.0},{"not_picked":["Rampage","Shockwave"],"picked":"Shrug It Off","floor":2.0},{"not_picked":["Twin Strike","Ghostly Armor"],"picked":"Rage","floor":3.0},{"not_picked":["Shrug It Off","Spot Weakness"],"picked":"Heavy Blade","floor":4.0},{"not_picked":["Entrench","Rage"],"picked":"Clothesline","floor":6.0},{"not_picked":["Rage","Twin Strike"],"picked":"Rampage","floor":10.0},{"not_picked":["True Grit","Twin Strike"],"picked":"Pommel Strike","floor":12.0},{"not_picked":["Body Slam","Feed"],"picked":"Perfected Strike","floor":14.0},{"not_picked":["Dark Embrace","Fiend Fire"],"picked":"Demon Form","floor":16.0},{"not_picked":["Whirlwind","Thunderclap"],"picked":"Anger","floor":17},{"not_picked":["Armaments","Warcry"],"picked":"Sword Boomerang","floor":17},{"not_picked":["Intimidate","True Grit"],"picked":"Combust","floor":17},{"not_picked":["Feed","Clash"],"picked":"Flex","floor":17},{"not_picked":["Infernal Blade","Warcry"],"picked":"Cleave","floor":17},{"not_picked":["Clash","Hemokinesis"],"picked":"Battle Trance+1","floor":18},{"not_picked":["Clothesline","Armaments"],"picked":"Iron Wave","floor":19},{"not_picked":["Heavy Blade","Combust"],"picked":"Cleave","floor":20},{"not_picked":["Spot Weakness","Twin Strike"],"picked":"Feel No Pain+1","floor":21},{"not_picked":["Armaments","True Grit+1"],"picked":"Twin Strike+1","floor":22},{"not_picked":["Limit Break","Body Slam"],"picked":"Pommel Strike","floor":24},{"not_picked":["Pommel Strike+1","Inflame"],"picked":"Metallicize","floor":25},{"not_picked":["Sword Boomerang","Whirlwind"],"picked":"Twin Strike+1","floor":27},{"not_picked":["Shrug It Off","Flex"],"picked":"Inflame+1","floor":29},{"not_picked":["Spot Weakness","Hemokinesis"],"picked":"Dropkick","floor":30}],"player_experience":23945,"relics_obtained":[{"floor":6.0,"key":"Omamori"},{"floor":9.0,"key":"Ornamental Fan"},{"floor":14.0,"key":"Kunai"},{"floor":20,"key":"Red Mask"},{"floor":25,"key":"Juzu Bracelet"},{"floor":26,"key":"Toolbox"}],"event_choices":[{"event_name":"Shining Light","player_choice":"Entered Light","floor":7.0,"damage_taken":0.0},{"event_name":"Liars Game","player_choice":"agreed","floor":8.0,"damage_taken":0.0},{"event_name":"Masked Bandits","player_choice":"Fought over 225 gold","floor":20,"damage_taken":0},{"event_name":"N\u0027loth","player_choice":"Ignored","floor":31,"damage_taken":0}],"boss_relics":[{"not_picked":["Cursed Key","Sozu"],"picked":"Orrery"}],"items_purged_floors":[],"is_endless":false,"potions_floor_spawned":[2,3,12,18,19,25,27,29,30],"killed_by":"Automaton","ascension_level":0}