{"gold_per_floor":[110,60,70,70,70,70,82,82,107,133,133,152,152,214,214,335,335,355,355,355,137,149,149,248,282,282,23,23,54,54,69,69,166,166,176,230,30,130,149,149,164,164,191,219,219,248,248,281,281,281,281,281,10,10],"floor_reached":54,"playtime":3470,"items_purged":["Strike_R","Strike_R","Defend_R"],"score":906,"play_id":"c438f33e-11a7-41a0-a482-c67bdeffd322","local_time":"20190121121535","is_ascension_mode":true,"campfire_choices":[{"data":"Bash","floor":6.0,"key":"SMITH"},{"data":"Twin Strike","floor":8.0,"key":"SMITH"},{"floor":15.0,"key":"REST"},{"data":"Perfected Strike","floor":23.0,"key":"SMITH"},{"data":"Defend_R","floor":28.0,"key":"SMITH"},{"data":"Immolate","floor":30.0,"key":"SMITH"},{"data":"Defend_R","floor":32.0,"key":"SMITH"},{"floor":40.0,"key":"RECALL"},{"data":"Juggernaut","floor":45.0,"key":"SMITH"},{"data":"Heavy Blade","floor":49.0,"key":"SMITH"},{"data":"Evolve","floor":52,"key":"SMITH"}],"neow_cost":"NONE","seed_source_timestamp":1086345534466145,"circlet_count":0,"master_deck":["Strike_R+1","Strike_R+1","Defend_R","Defend_R+1","Defend_R+1","Bash+1","Perfected Strike+1","Ghostly Armor","Twin Strike+1","Armaments+1","Metallicize","Immolate+1","Corruption","Metallicize","Dark Embrace","Impervious+1","Evolve+1","Juggernaut+1","Flame Barrier+1","Heavy Blade+1","Body Slam+1","Disarm+1","Blood for Blood+1","Inflame+1","Trip+1","Dual Wield+1","Spot Weakness+1"],"special_seed":0,"relics":["Burning Blood","Lantern","Pen Nib","Toxic Egg 2","Bloody Idol","Snecko Eye","Whetstone","Bird Faced Urn","Gremlin Horn","Dodecahedron","Black Star","StoneCalendar","Happy Flower","Omamori","Question Card","Pantograph","Frozen Egg 2","Dream Catcher","Strawberry"],"potions_floor_usage":[50,50,54,54],"damage_taken":[{"damage":0.0,"enemies":"Small Slimes","floor":1.0,"turns":3.0},{"damage":0.0,"enemies":"2 Louse","floor":3.0,"turns":2.0},{"damage":11.0,"enemies":"Jaw Worm","floor":7.0,"turns":5.0},{"damage":25.0,"enemies":"3 Sentries","floor":10.0,"turns":5.0},{"damage":22.0,"enemies":"Exordium Wildlife","floor":12.0,"turns":4.0},{"damage":36.0,"enemies":"Hexaghost","floor":16.0,"turns":11.0},{"damage":0.0,"enemies":"Spheric Guardian","floor":18.0,"turns":4.0},{"damage":11.0,"enemies":"2 Thieves","floor":22.0,"turns":4.0},{"damage":15.0,"enemies":"Gremlin Leader","floor":25.0,"turns":5.0},{"damage":7.0,"enemies":"Book of Stabbing","floor":29.0,"turns":5.0},{"damage":0.0,"enemies":"Snecko","floor":31.0,"turns":3.0},{"damage":4.0,"enemies":"Automaton","floor":33.0,"turns":7.0},{"damage":1.0,"enemies":"3 Darklings","floor":35.0,"turns":5.0},{"damage":20.0,"enemies":"2 Orb Walkers","floor":36.0,"turns":4.0},{"damage":3.0,"enemies":"Orb Walker","floor":39.0,"turns":3.0},{"damage":14.0,"enemies":"Transient","floor":41.0,"turns":5.0},{"damage":10.0,"enemies":"Giant Head","floor":44.0,"turns":6.0},{"damage":15.0,"enemies":"Reptomancer","floor":46.0,"turns":4.0},{"damage":14.0,"enemies":"Giant Head","floor":48.0,"turns":7.0},{"damage":66,"enemies":"Time Eater","floor":50,"turns":8},{"damage":92,"enemies":"Shield and Spear","floor":54,"turns":3}],"seed_played":"-2314180728904007340","potions_obtained":[{"floor":0.0,"key":"SteroidPotion"},{"floor":0.0,"key":"Explosive Potion"},{"floor":0.0,"key":"SkillPotion"},{"floor":1.0,"key":"Strength Potion"},{"floor":10.0,"key":"GamblersBrew"},{"floor":18.0,"key":"SpeedPotion"},{"floor":22.0,"key":"SteroidPotion"},{"floor":31.0,"key":"Strength Potion"},{"floor":39.0,"key":"Poison Potion"},{"floor":44.0,"key":"GamblersBrew"},{"floor":46.0,"key":"Dexterity Potion"},{"floor":48.0,"key":"Ancient Potion"}],"is_trial":false,"path_per_floor":["M","?","M","$","?","R","M","R","T","E","?","M","?","?","R","B",null,"M","?","?","$","M","R","?","E","T","$","R","E","R","M","R","B",null,"M","?","$","?","M","R","M","?","T","E","R","E","?","E","R","B",null,"R","$","E"],"character_chosen":"IRONCLAD","items_purchased":["Whetstone","Dark Embrace","Happy Flower","Heavy Blade","Spot Weakness+1","EssenceOfSteel"],"campfire_rested":1,"item_purchase_floors":[21,27,37,37,53,53],"current_hp_per_floor":[80,80,80,80,80,80,75,75,75,56,36,20,20,20,44,14,80,80,80,80,80,80,80,80,76,76,76,76,80,80,80,80,80,80,80,71,71,76,80,80,80,80,80,80,80,80,80,84,84,37,87,87,87,0],"gold":10,"neow_bonus":"THREE_SMALL_POTIONS","is_prod":false,"is_daily":false,"chose_seed":false,"campfire_upgraded":9,"win_rate":0,"timestamp":1548090935,"path_taken":["M","?","M","$","?","R","M","R","T","E","?","M","?","?","R","BOSS","M","?","?","$","?","R","?","E","T","$","R","E","R","M","R","BOSS","M","?","$","?","?","R","M","?","T","E","R","E","?","E","R","BOSS","R","$","E"],"build_version":"2019-01-17v2","purchased_purges":3,"victory":false,"max_hp_per_floor":[80,80,80,80,80,80,80,80,80,80,80,80,80,80,80,80,80,80,80,80,80,80,80,80,80,80,80,80,80,80,80,80,80,80,80,80,80,80,80,80,80,80,80,80,80,80,80,87,87,87,87,87,87,87],"card_choices":[{"not_picked":["Blood for Blood","Sentinel"],"picked":"Perfected Strike","floor":1.0},{"not_picked":["Blood for Blood","Anger"],"picked":"Ghostly Armor","floor":3.0},{"not_picked":["Iron Wave","Carnage"],"picked":"Twin Strike","floor":7.0},{"not_picked":["Cleave","Corruption"],"picked":"Armaments","floor":10.0},{"not_picked":["Warcry+1","Ghostly Armor+1"],"picked":"Metallicize","floor":12.0},{"not_picked":["Fiend Fire","Bludgeon"],"picked":"Immolate","floor":16.0},{"not_picked":["Havoc+1","Dual Wield+1"],"picked":"Corruption","floor":18.0},{"not_picked":["Wild Strike+1","Sword Boomerang"],"picked":"Iron Wave+1","floor":22.0},{"not_picked":["Sever Soul","Thunderclap+1","Twin Strike"],"picked":"SKIP","floor":25.0},{"not_picked":["Thunderclap+1","Twin Strike"],"picked":"Impervious+1","floor":29.0},{"not_picked":["Armaments+1","Wild Strike"],"picked":"Evolve","floor":31.0},{"not_picked":["Offering+1","Fiend Fire"],"picked":"Juggernaut","floor":33.0},{"not_picked":["Flex+1","Anger+1","Evolve"],"picked":"SKIP","floor":35.0},{"not_picked":["Sword Boomerang","Combust+1"],"picked":"Flame Barrier+1","floor":36.0},{"not_picked":["Wild Strike","Ghostly Armor+1"],"picked":"Body Slam+1","floor":39.0},{"not_picked":["Pommel Strike","Clash"],"picked":"Disarm+1","floor":41.0},{"not_picked":["Clash+1","Warcry+1"],"picked":"Blood for Blood+1","floor":44.0},{"not_picked":["Warcry+1","Clash+1","Combust"],"picked":"Inflame","floor":46.0},{"not_picked":["Madness+1","PanicButton+1","Bandage Up+1"],"picked":"Trip+1","floor":47.0},{"not_picked":["Feed","Shrug It Off+1","True Grit+1"],"picked":"Dual Wield+1","floor":48.0}],"player_experience":270291,"relics_obtained":[{"floor":9.0,"key":"Pen Nib"},{"floor":10.0,"key":"Toxic Egg 2"},{"floor":25.0,"key":"Bird Faced Urn"},{"floor":26.0,"key":"Gremlin Horn"},{"floor":29.0,"key":"Dodecahedron"},{"floor":36.0,"key":"StoneCalendar"},{"floor":44.0,"key":"Omamori"},{"floor":44.0,"key":"Question Card"},{"floor":46.0,"key":"Pantograph"},{"floor":46.0,"key":"Frozen Egg 2"},{"floor":48.0,"key":"Dream Catcher"},{"floor":48.0,"key":"Strawberry"}],"event_choices":[{"cards_removed":["Strike_R"],"damage_healed":0.0,"max_hp_gain":0.0,"max_hp_loss":0.0,"gold_gain":0.0,"event_name":"The Cleric","player_choice":"Card Removal","floor":2.0,"gold_loss":50.0,"damage_taken":0.0},{"damage_healed":0.0,"max_hp_gain":0.0,"max_hp_loss":0.0,"gold_gain":0.0,"event_name":"Big Fish","player_choice":"Box","floor":5.0,"gold_loss":0.0,"damage_taken":0.0,"relics_obtained":["Lantern"],"cards_obtained":["Regret"]},{"damage_healed":0.0,"max_hp_gain":0.0,"max_hp_loss":0.0,"gold_gain":0.0,"event_name":"Golden Idol","player_choice":"Take Damage","floor":11.0,"gold_loss":0.0,"damage_taken":20.0,"relics_obtained":["Golden Idol"]},{"cards_removed":["Regret"],"damage_healed":0.0,"max_hp_gain":0.0,"max_hp_loss":0.0,"gold_gain":0.0,"event_name":"Living Wall","player_choice":"Forget","floor":13.0,"gold_loss":0.0,"damage_taken":0.0},{"damage_healed":0.0,"max_hp_gain":0.0,"max_hp_loss":0.0,"gold_gain":62.0,"event_name":"Golden Wing","player_choice":"Gained Gold","floor":14.0,"gold_loss":0.0,"damage_taken":0.0},{"damage_healed":0.0,"max_hp_gain":0.0,"max_hp_loss":0.0,"gold_gain":0.0,"event_name":"Forgotten Altar","player_choice":"Gave Idol","floor":19.0,"relics_lost":["Golden Idol"],"gold_loss":0.0,"damage_taken":0.0,"relics_obtained":["Bloody Idol"]},{"damage_healed":0.0,"max_hp_gain":0.0,"max_hp_loss":0.0,"gold_gain":0.0,"event_name":"Duplicator","player_choice":"Copied","floor":20.0,"gold_loss":0.0,"damage_taken":0.0,"cards_obtained":["Metallicize"]},{"damage_healed":0.0,"max_hp_gain":0.0,"max_hp_loss":0.0,"gold_gain":99.0,"event_name":"Nest","player_choice":"Stole From Cult","floor":24.0,"gold_loss":0.0,"damage_taken":0.0},{"damage_healed":0.0,"max_hp_gain":0.0,"max_hp_loss":0.0,"gold_gain":0.0,"event_name":"Mysterious Sphere","player_choice":"Fight","floor":36.0,"gold_loss":0.0,"damage_taken":0.0},{"damage_healed":0.0,"max_hp_gain":0.0,"max_hp_loss":0.0,"gold_gain":100.0,"event_name":"Golden Shrine","player_choice":"Pray","floor":38.0,"gold_loss":0.0,"damage_taken":0.0},{"cards_removed":["Iron Wave"],"damage_healed":0.0,"max_hp_gain":0.0,"max_hp_loss":0.0,"gold_gain":0.0,"event_name":"Falling","player_choice":"Removed Attack","floor":42.0,"gold_loss":0.0,"damage_taken":0.0},{"damage_healed":0.0,"max_hp_gain":0.0,"max_hp_loss":0.0,"gold_gain":0.0,"event_name":"SensoryStone","player_choice":"Memory 1","floor":47.0,"gold_loss":0.0,"damage_taken":0.0}],"is_beta":false,"boss_relics":[{"not_picked":["Pandora\u0027s Box","Tiny House"],"picked":"Snecko Eye"},{"not_picked":["Eternal Feather","Runic Cube"],"picked":"Black Star"}],"items_purged_floors":[21,27,53],"is_endless":false,"potions_floor_spawned":[1,7,10,18,22,31,39,44,46,48],"killed_by":"Shield and Spear","ascension_level":4}