{"gold_per_floor":[164,184,198,214,83,116,116,145,145,145,164,164,180,193,193,193],"floor_reached":16,"playtime":638,"items_purged":[],"score":228,"play_id":"fa0e18ca-fe34-4bc5-8267-d31b47147dea","local_time":"20190127175725","is_ascension_mode":true,"campfire_choices":[{"data":"Neutralize","floor":7.0,"key":"SMITH"},{"floor":10.0,"key":"REST"},{"data":"Footwork","floor":15,"key":"SMITH"}],"neow_cost":"NONE","seed_source_timestamp":176463179673100,"circlet_count":0,"master_deck":["AscendersBane","Defend_G","Defend_G","Defend_G+1","Defend_G","Defend_G","Strike_G","Strike_G","Strike_G","Strike_G","Strike_G","Survivor","Neutralize+1","Blade Dance","Dagger Throw","Dagger Spray","Sucker Punch","Footwork+1","Malaise","Poisoned Stab","Cloak And Dagger","Dodge and Roll","Catalyst","Escape Plan","Cloak And Dagger"],"special_seed":0,"relics":["Tiny House","Boot","Oddly Smooth Stone","Molten Egg 2"],"potions_floor_usage":[],"damage_taken":[{"damage":3.0,"enemies":"Cultist","floor":1.0,"turns":4.0},{"damage":4.0,"enemies":"Jaw Worm","floor":2.0,"turns":4.0},{"damage":0.0,"enemies":"2 Louse","floor":3.0,"turns":3.0},{"damage":5.0,"enemies":"Blue Slaver","floor":4.0,"turns":5.0},{"damage":7.0,"enemies":"Lagavulin","floor":6.0,"turns":8.0},{"damage":44.0,"enemies":"Gremlin Nob","floor":8.0,"turns":5.0},{"damage":0.0,"enemies":"3 Louse","floor":11.0,"turns":4.0},{"damage":2,"enemies":"Exordium Thugs","floor":13,"turns":4},{"damage":0,"enemies":"Blue Slaver","floor":14,"turns":4},{"damage":24,"enemies":"Hexaghost","floor":16,"turns":14}],"seed_played":"7071979582998820686","potions_obtained":[{"floor":0.0,"key":"Strength Potion"},{"floor":3.0,"key":"Block Potion"},{"floor":6.0,"key":"SkillPotion"}],"is_trial":false,"path_per_floor":["M","M","M","M","$","E","R","E","T","R","M","?","M","M","R","B"],"character_chosen":"THE_SILENT","items_purchased":["Malaise","Poisoned Stab"],"campfire_rested":1,"item_purchase_floors":[5,5],"current_hp_per_floor":[61,57,57,52,52,45,45,1,1,22,22,22,20,20,20,0],"gold":193,"neow_bonus":"BOSS_RELIC","is_prod":false,"is_daily":false,"chose_seed":false,"campfire_upgraded":2,"win_rate":0,"timestamp":1548629845,"path_taken":["M","?","M","M","$","E","R","E","T","R","M","?","M","M","R","BOSS"],"build_version":"2019-01-23","purchased_purges":0,"victory":false,"max_hp_per_floor":[71,71,71,71,71,71,71,71,71,71,71,71,71,71,71,71],"card_choices":[{"not_picked":["Accuracy","Bane"],"picked":"Blade Dance","floor":0.0},{"not_picked":["Flying Knee","Flechettes"],"picked":"Dagger Throw","floor":1.0},{"not_picked":["Bouncing Flask","PiercingWail"],"picked":"Dagger Spray","floor":2.0},{"not_picked":["Endless Agony","Acrobatics"],"picked":"Sucker Punch","floor":3.0},{"not_picked":["Bane","Outmaneuver"],"picked":"Footwork","floor":4.0},{"not_picked":["Dagger Spray","Blade Dance"],"picked":"Cloak And Dagger","floor":6.0},{"not_picked":["Endless Agony","Slice"],"picked":"Dodge and Roll","floor":8.0},{"not_picked":["Acrobatics","Venomology"],"picked":"Catalyst","floor":11.0},{"not_picked":["Quick Slash+1","Underhanded Strike+1"],"picked":"Escape Plan","floor":13},{"not_picked":["Dodge and Roll","Sucker Punch+1"],"picked":"Cloak And Dagger","floor":14}],"player_experience":1954351,"relics_obtained":[{"floor":6.0,"key":"Boot"},{"floor":8.0,"key":"Oddly Smooth Stone"},{"floor":9.0,"key":"Molten Egg 2"}],"event_choices":[{"damage_healed":0.0,"max_hp_gain":0.0,"max_hp_loss":0.0,"gold_gain":0.0,"event_name":"Liars Game","player_choice":"Ignored","floor":12.0,"gold_loss":0.0,"damage_taken":0.0}],"is_beta":true,"boss_relics":[],"items_purged_floors":[],"is_endless":false,"potions_floor_spawned":[3,4,6],"killed_by":"Hexaghost","ascension_level":20}