{"gold_per_floor":[112,130,142,67,67,67,101,118,118,135,135,153,53,70,70,70],"floor_reached":16,"playtime":679,"items_purged":["Strike_R","Strike_R"],"score":104,"play_id":"e21aa665-ad07-4372-8d27-b5a704c7afc2","local_time":"20181218142015","is_ascension_mode":false,"campfire_choices":[{"data":"Bash","floor":6,"key":"SMITH"},{"data":"Armaments","floor":11,"key":"SMITH"},{"floor":15,"key":"RECALL"}],"neow_cost":"PERCENT_DAMAGE","seed_source_timestamp":76605068483706,"circlet_count":0,"master_deck":["Strike_R","Strike_R","Defend_R","Defend_R","Defend_R","Bash+1","Shrug It Off","Inflame","Discovery","Iron Wave","Armaments+1","Flex","Flex"],"relics":["Burning Blood","Boot"],"potions_floor_usage":[7,16,16],"damage_taken":[{"damage":4,"enemies":"Small Slimes","floor":1,"turns":4},{"damage":2,"enemies":"Cultist","floor":2,"turns":4},{"damage":8,"enemies":"2 Louse","floor":3,"turns":4},{"damage":36,"enemies":"Gremlin Nob","floor":7,"turns":4},{"damage":1,"enemies":"Exordium Thugs","floor":8,"turns":4},{"damage":6,"enemies":"Large Slime","floor":10,"turns":8},{"damage":4,"enemies":"Exordium Wildlife","floor":12,"turns":5},{"damage":2,"enemies":"Blue Slaver","floor":14,"turns":3},{"damage":49,"enemies":"Slime Boss","floor":16,"turns":10}],"seed_played":"4453866684186809301","potions_obtained":[{"floor":2,"key":"LiquidBronze"},{"floor":7,"key":"LiquidBronze"},{"floor":8,"key":"Swift Potion"},{"floor":10,"key":"EssenceOfSteel"}],"is_trial":false,"path_per_floor":["M","M","M","$","?","R","E","M","T","M","R","M","$","M","R","B"],"character_chosen":"IRONCLAD","items_purchased":[],"campfire_rested":0,"item_purchase_floors":[],"current_hp_per_floor":[58,62,60,60,60,60,30,35,35,35,35,37,37,41,41,0],"gold":70,"neow_bonus":"REMOVE_TWO","is_prod":false,"is_daily":false,"chose_seed":false,"campfire_upgraded":2,"win_rate":0,"timestamp":1545110415,"path_taken":["M","M","M","$","?","R","E","M","T","M","R","?","$","M","R","BOSS"],"build_version":"2018-12-13","purchased_purges":2,"victory":false,"max_hp_per_floor":[80,80,80,80,80,80,80,80,80,80,80,80,80,80,80,80],"card_choices":[{"not_picked":["True Grit","Anger"],"picked":"Shrug It Off","floor":1},{"not_picked":["Body Slam","Clash","Pommel Strike"],"picked":"SKIP","floor":2},{"not_picked":["True Grit","Body Slam"],"picked":"Inflame","floor":3},{"not_picked":["Hemokinesis","Rupture"],"picked":"Iron Wave","floor":7},{"not_picked":["Rage","Second Wind"],"picked":"Armaments","floor":8},{"not_picked":["Anger","Pummel"],"picked":"Flex","floor":10},{"not_picked":["Infernal Blade","Rupture","Body Slam"],"picked":"SKIP","floor":12},{"not_picked":["Burning Pact","Havoc"],"picked":"Flex","floor":14}],"player_experience":643367,"relics_obtained":[{"floor":7,"key":"Boot"}],"event_choices":[{"damage_healed":0,"gold_gain":0,"player_choice":"1 cards matched","damage_taken":0,"max_hp_gain":0,"max_hp_loss":0,"event_name":"Match and Keep!","floor":5,"gold_loss":0,"cards_obtained":["Discovery"]}],"is_beta":false,"boss_relics":[],"items_purged_floors":[4,13],"is_endless":false,"potions_floor_spawned":[2,7,8,10,12],"killed_by":"Slime Boss","ascension_level":0}