{"gold_per_floor":[111,111,128,182,197,197,214,231,279,204,204,204,223,237,237,366,366,357,357,373,396,411,432,177,177,177,52,67,67,100,113,113,113],"floor_reached":33,"playtime":1389,"items_purged":["Strike_R","Strike_R","Strike_R"],"score":263,"play_id":"0e6423a0-0ea7-41b0-88f6-5fd73dff6cc3","local_time":"20190208194847","is_ascension_mode":false,"campfire_choices":[{"data":"Anger","floor":6,"key":"SMITH"},{"data":"Anger","floor":15,"key":"SMITH"},{"floor":25,"key":"REST"},{"data":"True Grit","floor":29,"key":"SMITH"},{"floor":32,"key":"REST"}],"neow_cost":"NONE","seed_source_timestamp":1385692940578300,"circlet_count":0,"master_deck":["Strike_R","Defend_R","Defend_R","Defend_R","Defend_R","Bash","Purity","Metallicize","Anger+1","Anger+1","Metallicize","Feel No Pain","True Grit+1","True Grit+1","Havoc+1","Burning Pact","True Grit+1","Dual Wield","Inflame"],"relics":["Black Blood","Anchor","Bronze Scales","Golden Idol","Happy Flower","Blood Vial"],"potions_floor_usage":[16,16,16,16,16,16,30,33],"damage_taken":[{"damage":5,"enemies":"Jaw Worm","floor":1,"turns":5},{"damage":3,"enemies":"2 Louse","floor":3,"turns":4},{"damage":0,"enemies":"Small Slimes","floor":5,"turns":4},{"damage":12,"enemies":"Gremlin Gang","floor":7,"turns":6},{"damage":2,"enemies":"Looter","floor":8,"turns":3},{"damage":0,"enemies":"3 Louse","floor":13,"turns":4},{"damage":0,"enemies":"Exordium Wildlife","floor":14,"turns":4},{"damage":20,"enemies":"The Guardian","floor":16,"turns":8},{"damage":17,"enemies":"2 Thieves","floor":18,"turns":4},{"damage":14,"enemies":"Spheric Guardian","floor":20,"turns":7},{"damage":18,"enemies":"Centurion and Healer","floor":21,"turns":9},{"damage":36,"enemies":"3 Cultists","floor":22,"turns":7},{"damage":0,"enemies":"Snake Plant","floor":23,"turns":6},{"damage":16,"enemies":"Shelled Parasite and Fungi","floor":28,"turns":6},{"damage":54,"enemies":"Slavers","floor":30,"turns":6},{"damage":5,"enemies":"Centurion and Healer","floor":31,"turns":9},{"damage":65,"enemies":"Collector","floor":33,"turns":7}],"seed_played":"8335260525294084121","potions_obtained":[{"floor":3,"key":"Strength Potion"},{"floor":5,"key":"EntropicBrew"},{"floor":7,"key":"PowerPotion"},{"floor":18,"key":"SpeedPotion"},{"floor":22,"key":"LiquidBronze"},{"floor":23,"key":"SteroidPotion"},{"floor":30,"key":"AttackPotion"}],"is_trial":false,"path_per_floor":["M","?","M","T","M","R","M","M","T","$","?","?","M","M","R","B",null,"M","?","M","M","M","M","$","R","T","$","M","R","E","M","R","B"],"character_chosen":"IRONCLAD","items_purchased":["True Grit","Dual Wield","Inflame"],"campfire_rested":2,"item_purchase_floors":[24,24,24],"current_hp_per_floor":[80,73,76,76,80,80,74,78,78,78,83,62,68,74,74,60,85,78,70,66,58,32,42,42,67,67,67,61,61,17,24,49,0],"gold":113,"neow_bonus":"RANDOM_COLORLESS","is_prod":false,"is_daily":false,"chose_seed":false,"campfire_upgraded":3,"win_rate":0,"timestamp":1549684127,"path_taken":["M","?","M","?","M","R","M","M","T","$","?","?","M","M","R","BOSS","M","?","M","M","?","M","$","R","T","$","M","R","E","?","R","BOSS"],"build_version":"2019-01-23","purchased_purges":3,"victory":false,"max_hp_per_floor":[80,80,80,80,80,80,80,80,80,80,85,85,85,85,85,85,85,85,85,85,85,85,85,85,85,85,85,85,85,85,85,85,85],"card_choices":[{"not_picked":["Carnage","Disarm"],"picked":"Metallicize","floor":1},{"not_picked":["Disarm","Warcry"],"picked":"Anger","floor":3},{"not_picked":["Pommel Strike","Flex"],"picked":"Anger","floor":5},{"not_picked":["Wild Strike","Armaments"],"picked":"Metallicize","floor":7},{"not_picked":["Disarm","Entrench"],"picked":"Feel No Pain","floor":8},{"not_picked":["Warcry","Body Slam","Pommel Strike"],"picked":"SKIP","floor":13},{"not_picked":["Wild Strike","Evolve","Searing Blow"],"picked":"SKIP","floor":14},{"not_picked":["Pummel+1","Corruption"],"picked":"True Grit+1","floor":18},{"not_picked":["Clothesline","Battle Trance"],"picked":"True Grit+1","floor":20},{"not_picked":["Hemokinesis","Body Slam"],"picked":"Havoc+1","floor":21},{"not_picked":["Clash","Shrug It Off","Rampage+1"],"picked":"SKIP","floor":22},{"not_picked":["Dual Wield+1","Twin Strike"],"picked":"Burning Pact","floor":23},{"not_picked":["Thunderclap","Evolve","Perfected Strike"],"picked":"SKIP","floor":28},{"not_picked":["Clash","Intimidate","Blood for Blood"],"picked":"SKIP","floor":30},{"not_picked":["Inflame","Warcry","Body Slam"],"picked":"SKIP","floor":31}],"player_experience":105526,"relics_obtained":[{"floor":4,"key":"Anchor"},{"floor":9,"key":"Bronze Scales"},{"floor":26,"key":"Happy Flower"},{"floor":30,"key":"Blood Vial"}],"event_choices":[{"cards_removed":["Strike_R"],"damage_healed":0,"gold_gain":0,"player_choice":"Card Removal","damage_taken":7,"max_hp_gain":0,"max_hp_loss":0,"event_name":"Golden Wing","floor":2,"gold_loss":0},{"damage_healed":0,"gold_gain":0,"player_choice":"Donut","damage_taken":0,"max_hp_gain":5,"max_hp_loss":0,"event_name":"Big Fish","floor":11,"gold_loss":0},{"damage_healed":0,"gold_gain":0,"player_choice":"Take Damage","damage_taken":21,"relics_obtained":["Golden Idol"],"max_hp_gain":0,"max_hp_loss":0,"event_name":"Golden Idol","floor":12,"gold_loss":0},{"damage_healed":0,"gold_gain":0,"player_choice":"Damaged","damage_taken":8,"max_hp_gain":0,"max_hp_loss":0,"event_name":"Wheel of Change","floor":19,"gold_loss":0}],"is_beta":false,"boss_relics":[{"not_picked":["Ectoplasm","White Beast Statue"],"picked":"Black Blood"}],"items_purged_floors":[10,24,27],"is_endless":false,"potions_floor_spawned":[3,5,7,8,18,22,23,28,30],"killed_by":"Collector","ascension_level":0}