{"gold_per_floor":[369,294,304,304,320,320,340,350,350,350,373,384,384,217,217,217],"floor_reached":16,"playtime":2306,"items_purged":["Clumsy","Strike_B"],"score":92,"play_id":"80c29264-e268-45b7-985b-55845d0fd273","local_time":"20190107173642","is_ascension_mode":false,"campfire_choices":[{"data":"Defragment","floor":6,"key":"SMITH"},{"data":"Zap","floor":10,"key":"SMITH"},{"data":"Consume","floor":13,"key":"SMITH"},{"data":"Hologram","floor":15,"key":"SMITH"}],"neow_cost":"CURSE","seed_source_timestamp":1814396804507041,"circlet_count":0,"master_deck":["Strike_B","Strike_B","Defend_B","Defend_B","Defend_B","Defend_B","Zap+1","Dualcast","Consume+1","Defragment+1","Cold Snap","Hologram+1","Rainbow","Self Repair"],"relics":["Cracked Core","Gremlin Horn","Odd Mushroom"],"potions_floor_usage":[],"damage_taken":[{"damage":2,"enemies":"2 Louse","floor":1,"turns":2},{"damage":1,"enemies":"Jaw Worm","floor":3,"turns":3},{"damage":1,"enemies":"Cultist","floor":5,"turns":3},{"damage":15,"enemies":"3 Louse","floor":7,"turns":3},{"damage":8,"enemies":"Red Slaver","floor":8,"turns":3},{"damage":18,"enemies":"The Mushroom Lair","floor":11,"turns":4},{"damage":8,"enemies":"Blue Slaver","floor":12,"turns":3},{"damage":25,"enemies":"Slime Boss","floor":16,"turns":3}],"seed_played":"7470137789498495015","potions_obtained":[{"floor":1,"key":"FearPotion"},{"floor":5,"key":"GamblersBrew"},{"floor":8,"key":"Energy Potion"},{"floor":11,"key":"FocusPotion"}],"is_trial":false,"path_per_floor":["M","$","M","?","M","R","M","M","T","R","?","M","R","$","R","B"],"character_chosen":"DEFECT","items_purchased":["Self Repair"],"campfire_rested":0,"item_purchase_floors":[14],"current_hp_per_floor":[73,73,72,72,71,71,56,48,48,48,30,22,22,22,22,0],"gold":217,"neow_bonus":"TWO_FIFTY_GOLD","is_prod":false,"is_daily":false,"chose_seed":false,"campfire_upgraded":4,"win_rate":0,"timestamp":1546850202,"path_taken":["M","$","M","?","M","R","M","M","T","R","?","M","R","?","R","BOSS"],"build_version":"2019-01-03v4","purchased_purges":2,"victory":false,"max_hp_per_floor":[75,75,75,75,75,75,75,75,75,75,75,75,75,75,75,75],"card_choices":[{"not_picked":["Cold Snap","Barrage"],"picked":"Consume","floor":1},{"not_picked":["Streamline","Steam Power","Sweeping Beam"],"picked":"SKIP","floor":3},{"not_picked":["Leap","Redo"],"picked":"Cold Snap","floor":5},{"not_picked":["Compile Driver","Sweeping Beam","Stack"],"picked":"SKIP","floor":7},{"not_picked":["Streamline","Skim"],"picked":"Hologram","floor":8},{"not_picked":["Beam Cell","Redo"],"picked":"Rainbow","floor":11},{"not_picked":["Hologram","Barrage","Beam Cell"],"picked":"SKIP","floor":12}],"player_experience":788921,"relics_obtained":[{"floor":9,"key":"Gremlin Horn"},{"floor":11,"key":"Odd Mushroom"}],"event_choices":[{"damage_healed":0,"gold_gain":0,"cards_transformed":["Strike_B"],"player_choice":"Change","damage_taken":0,"max_hp_gain":0,"max_hp_loss":0,"event_name":"Living Wall","floor":4,"gold_loss":0,"cards_obtained":["Defragment"]},{"damage_healed":0,"gold_gain":0,"player_choice":"Fought Mushrooms","damage_taken":0,"max_hp_gain":0,"max_hp_loss":0,"event_name":"Mushrooms","floor":11,"gold_loss":0}],"is_beta":false,"boss_relics":[],"items_purged_floors":[2,14],"is_endless":false,"potions_floor_spawned":[1,5,8,11],"killed_by":"Slime Boss","ascension_level":0}