{"gold_per_floor":[364,364,146,157,157,157,122,149,149,149,174,194,222,237,237,314,314,333,55,55,65,83,111,33,33,33,45,91,103,148,180,192,281,293,321,333,245,245,265,265,276,311,392,392,406,439,453,187,187,187,187,187,8,42,42],"floor_reached":55,"playtime":2567,"items_purged":["Strike_B","Strike_B","Strike_B"],"score":1399,"play_id":"906c4df7-5ef0-48d7-9daf-f302a5c0288e","local_time":"20181229215659","is_ascension_mode":true,"campfire_choices":[{"floor":6,"key":"REST"},{"data":"Ball Lightning","floor":10,"key":"SMITH"},{"data":"Recycle","floor":15,"key":"SMITH"},{"floor":25,"key":"REST"},{"floor":27,"key":"REST"},{"data":"Defragment","floor":32,"key":"SMITH"},{"data":"Defragment","floor":40,"key":"SMITH"},{"floor":49,"key":"RECALL"},{"floor":52,"key":"REST"}],"neow_cost":"PERCENT_DAMAGE","seed_source_timestamp":185856523103017,"circlet_count":0,"master_deck":["AscendersBane","Strike_B","Defend_B","Defend_B","Defend_B+1","Defend_B","Zap+1","Dualcast","Recycle+1","Ball Lightning+1","Coolheaded","Thunder Strike","Defragment+1","Leap","White Noise","Electrodynamics","Conserve Battery","Defragment+1","Thunder Strike","Redo","Self Repair","Chill","Amplify","Glacier+1","Core Surge","Defragment","Ball Lightning","Ball Lightning+1","Hologram+1","Biased Cognition","Core Surge","Ball Lightning","Redo"],"relics":["Cracked Core","PreservedInsect","Anchor","Boot","Matryoshka","Cables","Odd Mushroom","Sozu","OrangePellets","Bird Faced Urn","MawBank","Letter Opener","Blood Vial","Bottled Tornado","Runic Pyramid","Gremlin Horn","Potion Belt","War Paint","Shuriken"],"potions_floor_usage":[16,23],"damage_taken":[{"damage":0,"enemies":"Small Slimes","floor":1,"turns":3},{"damage":12,"enemies":"2 Louse","floor":4,"turns":3},{"damage":18,"enemies":"Gremlin Nob","floor":8,"turns":3},{"damage":19,"enemies":"Lagavulin","floor":11,"turns":5},{"damage":2,"enemies":"Jaw Worm","floor":12,"turns":2},{"damage":19,"enemies":"The Mushroom Lair","floor":13,"turns":3},{"damage":0,"enemies":"2 Fungi Beasts","floor":14,"turns":2},{"damage":2,"enemies":"Hexaghost","floor":16,"turns":9},{"damage":0,"enemies":"2 Thieves","floor":18,"turns":2},{"damage":2,"enemies":"Spheric Guardian","floor":21,"turns":3},{"damage":18,"enemies":"Snecko","floor":22,"turns":3},{"damage":33,"enemies":"Slavers","floor":23,"turns":5},{"damage":32,"enemies":"Book of Stabbing","floor":28,"turns":5},{"damage":4,"enemies":"Gremlin Leader","floor":30,"turns":6},{"damage":0,"enemies":"Cultist and Chosen","floor":31,"turns":8},{"damage":66,"enemies":"Champ","floor":33,"turns":13},{"damage":5,"enemies":"3 Shapes","floor":35,"turns":3},{"damage":1,"enemies":"Orb Walker","floor":39,"turns":2},{"damage":0,"enemies":"3 Darklings","floor":41,"turns":6},{"damage":49,"enemies":"Nemesis","floor":42,"turns":7},{"damage":20,"enemies":"Jaw Worm Horde","floor":45,"turns":3},{"damage":28,"enemies":"Giant Head","floor":46,"turns":8},{"damage":20,"enemies":"Writhing Mass","floor":47,"turns":5},{"damage":53,"enemies":"Awakened One","floor":50,"turns":12},{"damage":29,"enemies":"Shield and Spear","floor":54,"turns":4},{"damage":56,"enemies":"The Heart","floor":55,"turns":5}],"seed_played":"4460324832668393641","potions_obtained":[{"floor":1,"key":"FocusPotion"},{"floor":8,"key":"Block Potion"}],"is_trial":false,"path_per_floor":["M","?","$","M","?","R","?","E","T","R","E","M","?","M","R","B",null,"M","$","?","M","M","E","$","R","T","R","E","$","E","M","R","B",null,"M","?","$","?","M","R","M","E","T","?","M","E","M","$","R","B",null,"R","$","E","B"],"character_chosen":"DEFECT","items_purchased":["PreservedInsect","OrangePellets","Defragment","Self Repair","Biased Cognition","Core Surge","Ball Lightning","Redo"],"campfire_rested":4,"item_purchase_floors":[3,19,19,24,48,53,53,53],"current_hp_per_floor":[46,46,46,34,29,50,67,49,49,49,30,28,9,9,9,7,55,55,55,55,53,35,2,2,23,23,44,29,29,44,63,63,16,57,60,60,60,60,65,65,71,41,41,41,40,42,41,41,41,15,57,71,71,46,0],"gold":42,"neow_bonus":"TWO_FIFTY_GOLD","is_prod":false,"is_daily":false,"chose_seed":false,"campfire_upgraded":4,"win_rate":0,"timestamp":1546138619,"path_taken":["M","?","$","M","?","R","?","E","T","R","E","M","?","?","R","BOSS","M","$","?","M","M","E","$","R","T","R","E","?","E","M","R","BOSS","M","?","$","?","M","R","M","E","T","?","M","E","M","$","R","BOSS","R","$","E","BOSS"],"build_version":"2018-12-20","purchased_purges":3,"victory":false,"max_hp_per_floor":[71,71,71,71,71,71,71,71,71,71,71,71,71,71,71,71,71,71,71,71,71,71,71,71,71,71,71,71,71,71,71,71,71,71,71,71,71,71,71,71,71,71,71,71,71,71,71,71,71,71,71,71,71,71,71],"card_choices":[{"not_picked":["Lockon","Turbo"],"picked":"Recycle","floor":1},{"not_picked":["Chaos","Leap"],"picked":"Ball Lightning","floor":4},{"not_picked":["Capacitor","Aggregate"],"picked":"Coolheaded","floor":8},{"not_picked":["Glacier","Skim"],"picked":"Thunder Strike","floor":11},{"not_picked":["Heatsinks","Doom and Gloom"],"picked":"Defragment","floor":12},{"not_picked":["Compile Driver","Stack"],"picked":"Leap","floor":13},{"not_picked":["Steam","Cold Snap"],"picked":"White Noise","floor":14},{"not_picked":["Echo Form","Core Surge"],"picked":"Electrodynamics","floor":16},{"not_picked":["Heatsinks","Steam"],"picked":"Conserve Battery","floor":18},{"not_picked":["Beam Cell","Sweeping Beam"],"picked":"Redo","floor":21},{"not_picked":["Force Field","Steam Power","Blizzard"],"picked":"SKIP","floor":22},{"not_picked":["Barrage","Meteor Strike","Static Discharge"],"picked":"SKIP","floor":23},{"not_picked":["Ball Lightning","Rebound"],"picked":"Chill","floor":28},{"not_picked":["Conserve Battery","Tempest"],"picked":"Amplify","floor":30},{"not_picked":["Aggregate","FTL"],"picked":"Glacier","floor":31},{"not_picked":["Biased Cognition","Hyperbeam"],"picked":"Core Surge","floor":33},{"not_picked":["Sunder","Tempest+1","Hello World"],"picked":"SKIP","floor":35},{"not_picked":["Hello World+1","Static Discharge"],"picked":"Defragment","floor":39},{"not_picked":["Hologram","Coolheaded"],"picked":"Ball Lightning","floor":41},{"not_picked":["Leap","Barrage","Streamline+1"],"picked":"SKIP","floor":42},{"not_picked":["Lockon","Steam"],"picked":"Ball Lightning+1","floor":45},{"not_picked":["Aggregate+1","Reprogram+1"],"picked":"Hologram+1","floor":46},{"not_picked":["Doom and Gloom+1","Streamline","Conserve Battery"],"picked":"SKIP","floor":47},{"not_picked":["Blizzard","Reboot","Leap"],"picked":"SKIP","floor":54}],"player_experience":439207,"relics_obtained":[{"floor":8,"key":"Boot"},{"floor":9,"key":"Matryoshka"},{"floor":11,"key":"Cables"},{"floor":13,"key":"Odd Mushroom"},{"floor":23,"key":"Bird Faced Urn"},{"floor":26,"key":"MawBank"},{"floor":26,"key":"Letter Opener"},{"floor":28,"key":"Blood Vial"},{"floor":30,"key":"Bottled Tornado"},{"floor":42,"key":"Gremlin Horn"},{"floor":43,"key":"Potion Belt"},{"floor":46,"key":"War Paint"},{"floor":54,"key":"Shuriken"}],"event_choices":[{"damage_healed":0,"gold_gain":0,"player_choice":"Grow","damage_taken":0,"max_hp_gain":0,"max_hp_loss":0,"event_name":"Living Wall","floor":2,"gold_loss":0,"cards_upgraded":["Zap"]},{"damage_healed":0,"gold_gain":0,"player_choice":"Success","damage_taken":5,"relics_obtained":["Anchor"],"max_hp_gain":0,"max_hp_loss":0,"event_name":"Scrap Ooze","floor":5,"gold_loss":0},{"damage_healed":17,"gold_gain":0,"player_choice":"Healed","damage_taken":0,"max_hp_gain":0,"max_hp_loss":0,"event_name":"The Cleric","floor":7,"gold_loss":35},{"damage_healed":0,"gold_gain":0,"player_choice":"Fought Mushrooms","damage_taken":0,"max_hp_gain":0,"max_hp_loss":0,"event_name":"Mushrooms","floor":13,"gold_loss":0},{"damage_healed":0,"gold_gain":0,"player_choice":"Copied","damage_taken":0,"max_hp_gain":0,"max_hp_loss":0,"event_name":"Duplicator","floor":20,"gold_loss":0,"cards_obtained":["Thunder Strike"]},{"damage_healed":0,"gold_gain":0,"player_choice":"Memory 1","damage_taken":0,"max_hp_gain":0,"max_hp_loss":0,"event_name":"SensoryStone","floor":36,"gold_loss":0},{"damage_healed":0,"gold_gain":0,"player_choice":"Ignored","damage_taken":0,"max_hp_gain":0,"max_hp_loss":0,"event_name":"Tomb of Lord Red Mask","floor":38,"gold_loss":0},{"damage_healed":0,"gold_gain":0,"player_choice":"0 cards matched","damage_taken":0,"max_hp_gain":0,"max_hp_loss":0,"event_name":"Match and Keep!","floor":44,"gold_loss":0,"cards_obtained":[]}],"is_beta":false,"boss_relics":[{"not_picked":["Eternal Feather","Pandora\u0027s Box"],"picked":"Sozu"},{"not_picked":["Astrolabe","FrozenCore"],"picked":"Runic Pyramid"}],"items_purged_floors":[3,37,48],"is_endless":false,"potions_floor_spawned":[1,8,11,13,14,21,22,30,45,47],"killed_by":"The Heart","ascension_level":15}