{"path_per_floor":["M","M","M","M","?","E","R","M","T","E","M","R","M","M","R","B",null,"M","M","$","?","M","R","M","R","T","R","$","M","$","?","R"],"character_chosen":"DEFECT","items_purchased":["Amplify"],"gold_per_floor":[20,30,40,50,50,79,79,96,119,153,164,164,184,196,196,296,296,315,326,251,251,267,267,287,287,314,314,135,147,22,22,22,22],"floor_reached":33,"campfire_rested":2,"playtime":2833,"item_purchase_floors":[28],"current_hp_per_floor":[74,72,69,62,62,47,47,42,42,28,28,28,25,25,25,7,75,75,63,63,63,42,42,21,21,21,43,43,21,21,21,43,0],"items_purged":["Defend_B","Writhe","Strike_B"],"gold":22,"score":286,"play_id":"bda7a7eb-b131-45dc-a5c8-37e38443bab4","local_time":"20180521190528","is_prod":false,"is_daily":false,"chose_seed":false,"is_ascension_mode":false,"campfire_upgraded":5,"timestamp":1526897128,"campfire_choices":[{"data":"Loop","floor":7,"key":"SMITH"},{"data":"Zap","floor":12,"key":"SMITH"},{"data":"Dualcast","floor":15,"key":"SMITH"},{"data":"Fission","floor":23,"key":"SMITH"},{"data":"Defragment","floor":25,"key":"SMITH"},{"floor":27,"key":"REST"},{"floor":32,"key":"REST"}],"path_taken":["M","?","M","M","?","E","R","M","T","E","M","R","M","M","R","BOSS","M","M","$","?","?","R","M","R","T","R","?","M","$","?","R","BOSS"],"build_version":"2018-05-18","seed_source_timestamp":26135000792375,"purchased_purges":3,"victory":false,"master_deck":["Strike_B","Defend_B","Defend_B","Zap+1","Dualcast+1","Loop+1","White Noise","Melter","Capacitor","Doom and Gloom","Defragment+1","Auto Shields","Biased Cognition","Fission+1","Reprogram","Capacitor+1","Ball Lightning","Auto Shields","Axe Kick","Amplify","Turbo"],"max_hp_per_floor":[75,75,75,75,75,75,75,75,75,75,75,75,75,75,75,75,75,75,75,75,75,75,75,75,75,75,75,75,75,75,75,75,75],"relics":["Cracked Core","Anchor","Dream Catcher","Cursed Key","Omamori","Nloth\u0027s Gift"],"card_choices":[{"not_picked":["Streamline","Turbo"],"picked":"Loop","floor":1},{"not_picked":["Tempest","Coolheaded"],"picked":"White Noise","floor":2},{"not_picked":["Beam Cell","Cold Snap"],"picked":"Melter","floor":3},{"not_picked":["Sweeping Beam","Streamline","Lockon"],"picked":"SKIP","floor":4},{"not_picked":["Beam Cell","Conserve Battery","Hologram"],"picked":"SKIP","floor":6},{"not_picked":["Cold Snap","Turbo"],"picked":"Capacitor","floor":8},{"not_picked":["Axe Kick","Ball Lightning"],"picked":"Doom and Gloom","floor":10},{"not_picked":["Capacitor","Heatsinks"],"picked":"Defragment","floor":11},{"not_picked":["Hologram","Skim"],"picked":"Auto Shields","floor":13},{"not_picked":["Melter","Steam"],"picked":"Biased Cognition","floor":14},{"not_picked":["Reboot","Multi-Cast"],"picked":"Fission","floor":16},{"not_picked":["Force Field","Leap"],"picked":"Reprogram","floor":18},{"not_picked":["Cold Snap","Streamline"],"picked":"Capacitor+1","floor":19},{"not_picked":["BootSequence","Axe Kick"],"picked":"Ball Lightning","floor":22},{"not_picked":["Leap","Doom and Gloom"],"picked":"Auto Shields","floor":24},{"not_picked":["Go for the Eyes","Skim"],"picked":"Axe Kick","floor":27},{"not_picked":["Barrage","Reinforced Body+1","Coolheaded"],"picked":"SKIP","floor":29},{"not_picked":["White Noise","Axe Kick"],"picked":"Turbo","floor":32}],"player_experience":159319,"potions_floor_usage":[10,11,33],"damage_taken":[{"damage":1,"enemies":"Cultist","floor":1,"turns":3},{"damage":2,"enemies":"Small Slimes","floor":2,"turns":4},{"damage":3,"enemies":"Jaw Worm","floor":3,"turns":3},{"damage":7,"enemies":"Looter","floor":4,"turns":4},{"damage":15,"enemies":"3 Sentries","floor":6,"turns":7},{"damage":5,"enemies":"3 Louse","floor":8,"turns":3},{"damage":14,"enemies":"Gremlin Nob","floor":10,"turns":4},{"damage":0,"enemies":"Lots of Slimes","floor":11,"turns":2},{"damage":3,"enemies":"Red Slaver","floor":13,"turns":3},{"damage":0,"enemies":"Exordium Wildlife","floor":14,"turns":4},{"damage":18,"enemies":"The Guardian","floor":16,"turns":5},{"damage":0,"enemies":"Spheric Guardian","floor":18,"turns":3},{"damage":12,"enemies":"Shell Parasite","floor":19,"turns":5},{"damage":21,"enemies":"Cultist and Chosen","floor":22,"turns":5},{"damage":21,"enemies":"Snake Plant","floor":24,"turns":3},{"damage":22,"enemies":"3 Cultists","floor":29,"turns":6},{"damage":45,"enemies":"Collector","floor":33,"turns":3}],"relics_obtained":[{"floor":6,"key":"Happy Flower"},{"floor":9,"key":"Anchor"},{"floor":10,"key":"Dream Catcher"},{"floor":26,"key":"Omamori"}],"event_choices":[{"event_name":"Match and Keep!","player_choice":"0 cards matched","floor":5,"damage_taken":0},{"event_name":"Back to Basics","player_choice":"Elegance","floor":21,"damage_taken":0},{"event_name":"N\u0027loth","player_choice":"Traded a Happy Flower","floor":31,"damage_taken":0}],"boss_relics":[{"not_picked":["Snecko Eye","Velvet Choker"],"picked":"Cursed Key"}],"items_purged_floors":[20,28,30],"potions_floor_spawned":[2,4,6,11,13,18],"seed_played":"5490969677656457173","killed_by":"Collector","ascension_level":0,"potions_obtained":[{"floor":2,"key":"Explosive Potion"},{"floor":4,"key":"Dexterity Potion"},{"floor":6,"key":"Fire Potion"},{"floor":11,"key":"AttackPotion"},{"floor":13,"key":"Explosive Potion"}],"is_trial":false}