{"gold_per_floor":[212,212,225,245,83,83,106,150,205,205,205,223,266,291,291,291],"floor_reached":16,"playtime":1125,"items_purged":["Strike_R"],"score":224,"play_id":"97155c87-44d7-4afe-8132-924aef7841a6","local_time":"20190203215104","is_ascension_mode":true,"campfire_choices":[{"data":"Bash","floor":6,"key":"SMITH"},{"floor":11,"key":"REST"},{"data":"True Grit","floor":15,"key":"SMITH"}],"neow_cost":"NONE","seed_source_timestamp":1926456191244745,"circlet_count":0,"master_deck":["AscendersBane","Strike_R","Strike_R","Strike_R","Strike_R","Defend_R","Defend_R","Defend_R","Defend_R","Bash+1","Anger","Sword Boomerang","Perfected Strike","Corruption","Uppercut","Sentinel","Shockwave","True Grit+1"],"special_seed":0,"relics":["Burning Blood","Golden Idol","Ornamental Fan","Vajra","Regal Pillow"],"potions_floor_usage":[8,13,16],"damage_taken":[{"damage":4,"enemies":"2 Louse","floor":1,"turns":4},{"damage":14,"enemies":"Small Slimes","floor":3,"turns":4},{"damage":1,"enemies":"Cultist","floor":4,"turns":3},{"damage":21,"enemies":"Exordium Thugs","floor":7,"turns":5},{"damage":35,"enemies":"3 Sentries","floor":8,"turns":8},{"damage":0,"enemies":"3 Louse","floor":12,"turns":2},{"damage":8,"enemies":"Gremlin Nob","floor":13,"turns":3},{"damage":2,"enemies":"Looter","floor":14,"turns":2},{"damage":61,"enemies":"Slime Boss","floor":16,"turns":7}],"seed_played":"8852514066883425499","potions_obtained":[{"floor":1,"key":"Fire Potion"},{"floor":10,"key":"AttackPotion"},{"floor":10,"key":"Poison Potion"},{"floor":14,"key":"FairyPotion"}],"is_trial":false,"path_per_floor":["M","?","M","M","$","R","M","E","T","?","R","M","E","M","R","B"],"character_chosen":"IRONCLAD","items_purchased":["Corruption"],"campfire_rested":1,"item_purchase_floors":[5],"current_hp_per_floor":[70,68,60,65,65,65,50,21,21,21,41,47,45,49,49,0],"gold":291,"neow_bonus":"HUNDRED_GOLD","is_prod":false,"is_daily":false,"chose_seed":false,"campfire_upgraded":2,"win_rate":0,"timestamp":1549191064,"path_taken":["M","?","M","M","$","R","M","E","T","?","R","M","E","?","R","BOSS"],"build_version":"2019-01-23","purchased_purges":1,"victory":false,"max_hp_per_floor":[75,68,68,68,68,68,68,68,68,68,68,68,68,68,68,68],"card_choices":[{"not_picked":["Pummel","Body Slam"],"picked":"Anger","floor":1},{"not_picked":["Rupture","Wild Strike"],"picked":"Sword Boomerang","floor":3},{"not_picked":["Clash","Carnage"],"picked":"Perfected Strike","floor":4},{"not_picked":["Pummel","Anger"],"picked":"Uppercut","floor":7},{"not_picked":["Double Tap","Infernal Blade"],"picked":"Sentinel","floor":8},{"not_picked":["Shrug It Off","Clothesline"],"picked":"Shockwave","floor":12},{"not_picked":["Twin Strike","Headbutt"],"picked":"True Grit","floor":13},{"not_picked":["Heavy Blade","Thunderclap","Perfected Strike"],"picked":"SKIP","floor":14}],"player_experience":714235,"relics_obtained":[{"floor":8,"key":"Ornamental Fan"},{"floor":9,"key":"Vajra"},{"floor":13,"key":"Regal Pillow"}],"event_choices":[{"damage_healed":0,"gold_gain":0,"player_choice":"Lose Max HP","damage_taken":0,"relics_obtained":["Golden Idol"],"max_hp_gain":0,"max_hp_loss":7,"event_name":"Golden Idol","floor":2,"gold_loss":0},{"damage_healed":0,"gold_gain":0,"player_choice":"Got Potions","damage_taken":0,"max_hp_gain":0,"max_hp_loss":0,"event_name":"Lab","floor":10,"gold_loss":0}],"is_beta":false,"boss_relics":[],"items_purged_floors":[5],"is_endless":false,"potions_floor_spawned":[1,12,14],"killed_by":"Slime Boss","ascension_level":20}