{"gold_per_floor":[118,118,118,138,162,162,162,198,198,198,241,241,265,279,279,377,377,398,414,414,414,414],"floor_reached":22,"playtime":957,"items_purged":[],"score":388,"play_id":"da811aed-5190-45dd-ae08-0eb12816a29f","local_time":"20181103010534","is_ascension_mode":true,"campfire_choices":[{"data":"Adrenaline","floor":6.0,"key":"SMITH"},{"floor":12.0,"key":"REST"},{"data":"Deadly Poison","floor":15.0,"key":"SMITH"}],"neow_cost":"NONE","seed_source_timestamp":109398652552300,"circlet_count":0,"master_deck":["AscendersBane","Defend_G","Defend_G","Defend_G","Defend_G","Defend_G","Strike_G","Strike_G+1","Strike_G","Strike_G","Survivor+1","Neutralize+1","Quick Slash","Dagger Throw","Adrenaline+1","Leg Sweep","Infinite Blades","Dodge and Roll","Deadly Poison+1","Dash","Night Terror","Backflip"],"special_seed":0,"relics":["Cursed Key","Bloody Idol","Oddly Smooth Stone","Velvet Choker"],"potions_floor_usage":[22,22],"damage_taken":[{"damage":4.0,"enemies":"Small Slimes","floor":1.0,"turns":5.0},{"damage":1.0,"enemies":"2 Louse","floor":4.0,"turns":3.0},{"damage":0.0,"enemies":"Cultist","floor":5.0,"turns":3.0},{"damage":24.0,"enemies":"Gremlin Nob","floor":8.0,"turns":4.0},{"damage":6.0,"enemies":"Lagavulin","floor":11.0,"turns":8.0},{"damage":0.0,"enemies":"Exordium Thugs","floor":13.0,"turns":5.0},{"damage":0.0,"enemies":"Large Slime","floor":14.0,"turns":5.0},{"damage":12.0,"enemies":"Hexaghost","floor":16.0,"turns":10.0},{"damage":14,"enemies":"2 Thieves","floor":18,"turns":5},{"damage":28,"enemies":"Spheric Guardian","floor":19,"turns":6},{"damage":23,"enemies":"Cultist and Chosen","floor":22,"turns":9}],"seed_played":"5092157272083328674","potions_obtained":[{"floor":4.0,"key":"Poison Potion"},{"floor":11.0,"key":"Weak Potion"},{"floor":13.0,"key":"Poison Potion"},{"floor":16.0,"key":"SpeedPotion"}],"is_trial":false,"path_per_floor":["M","?","?","M","M","R","?","E","T","?","E","R","M","M","R","B",null,"M","M","?","?","M"],"character_chosen":"THE_SILENT","items_purchased":[],"campfire_rested":1,"item_purchase_floors":[],"current_hp_per_floor":[55,55,55,54,54,54,36,12,12,12,6,24,24,24,24,12,48,34,6,6,18,0],"gold":414,"neow_bonus":"BOSS_RELIC","is_prod":false,"is_daily":false,"chose_seed":false,"campfire_upgraded":2,"win_rate":0,"timestamp":1541221534,"path_taken":["M","?","?","M","M","R","?","E","T","?","E","R","M","M","R","BOSS","M","?","?","?","M"],"build_version":"2018-11-01","purchased_purges":0,"victory":false,"max_hp_per_floor":[66,66,60,60,60,60,60,60,60,60,60,60,60,60,60,60,60,60,60,60,60,60],"card_choices":[{"not_picked":["Prepared","Acrobatics"],"picked":"Quick Slash","floor":1.0},{"not_picked":["Concentrate","Outmaneuver"],"picked":"Dagger Throw","floor":4.0},{"not_picked":["Slice","Prepared"],"picked":"Adrenaline","floor":5.0},{"not_picked":["Poisoned Stab","Accuracy"],"picked":"Leg Sweep","floor":8.0},{"not_picked":["Flying Knee","Tools of the Trade"],"picked":"Dodge and Roll","floor":11.0},{"not_picked":["Prepared","Slice"],"picked":"Deadly Poison","floor":13.0},{"not_picked":["Deflect","Sucker Punch"],"picked":"Dash","floor":14.0},{"not_picked":["Bullet Time","Phantasmal Killer"],"picked":"Night Terror","floor":16.0},{"not_picked":["Deadly Poison","Dagger Spray"],"picked":"Backflip","floor":18},{"not_picked":["Poisoned Stab+1","Distraction","Underhanded Strike+1"],"picked":"SKIP","floor":19}],"player_experience":1603888,"relics_obtained":[{"floor":11.0,"key":"Oddly Smooth Stone"}],"event_choices":[{"damage_healed":0.0,"max_hp_gain":0.0,"max_hp_loss":0.0,"gold_gain":0.0,"event_name":"Living Wall","player_choice":"Grow","floor":2.0,"gold_loss":0.0,"damage_taken":0.0,"cards_upgraded":["Neutralize"]},{"damage_healed":0.0,"max_hp_gain":0.0,"max_hp_loss":6.0,"gold_gain":0.0,"event_name":"Golden Idol","player_choice":"Lose Max HP","floor":3.0,"gold_loss":0.0,"damage_taken":0.0,"relics_obtained":["Golden Idol"]},{"damage_healed":0.0,"max_hp_gain":0.0,"max_hp_loss":0.0,"gold_gain":0.0,"event_name":"Shining Light","player_choice":"Entered Light","floor":7.0,"gold_loss":0.0,"damage_taken":18.0,"cards_upgraded":["Strike_G","Survivor"]},{"damage_healed":0.0,"max_hp_gain":0.0,"max_hp_loss":0.0,"gold_gain":0.0,"cards_transformed":["Strike_G"],"event_name":"Transmorgrifier","player_choice":"Transformed","floor":10.0,"gold_loss":0.0,"damage_taken":0.0,"cards_obtained":["Infinite Blades"]},{"damage_healed":0,"gold_gain":0,"player_choice":"Gave Idol","damage_taken":0,"relics_obtained":["Bloody Idol"],"max_hp_gain":0,"max_hp_loss":0,"event_name":"Forgotten Altar","floor":20,"relics_lost":["Golden Idol"],"gold_loss":0},{"damage_healed":12,"gold_gain":0,"player_choice":"Heal","damage_taken":0,"max_hp_gain":0,"max_hp_loss":0,"event_name":"The Library","floor":21,"gold_loss":0}],"is_beta":true,"boss_relics":[{"not_picked":["Ectoplasm","Tiny House"],"picked":"Velvet Choker"}],"items_purged_floors":[],"is_endless":false,"potions_floor_spawned":[4,11,13,16,18],"killed_by":"Cultist and Chosen","ascension_level":20}