{"gold_per_floor":[110,23,23,36,36,36,62,62,62,39,71,71,95,111,111,111],"floor_reached":16,"playtime":1021,"items_purged":[],"score":106,"play_id":"b9b40a30-c2ce-452b-be77-eab167c80e46","local_time":"20190127163738","is_ascension_mode":false,"campfire_choices":[{"floor":6,"key":"REST"},{"floor":8,"key":"REST"},{"floor":15,"key":"REST"}],"neow_cost":"NONE","seed_source_timestamp":1613106176159659,"circlet_count":0,"master_deck":["Strike_R","Strike_R+1","Strike_R+1","Strike_R","Strike_R","Defend_R","Defend_R","Defend_R","Bash","Deep Breath","Twin Strike","Searing Blow","Shrug It Off","Metallicize","Body Slam","Seeing Red","Inflame","Injury","Clash"],"relics":["Burning Blood","Pocketwatch","Boot","Anchor","Golden Idol","Potion Belt"],"potions_floor_usage":[],"damage_taken":[{"damage":11,"enemies":"Jaw Worm","floor":1,"turns":5},{"damage":1,"enemies":"Cultist","floor":4,"turns":4},{"damage":44,"enemies":"Lagavulin","floor":7,"turns":10},{"damage":14,"enemies":"Gremlin Nob","floor":11,"turns":4},{"damage":2,"enemies":"Small Slimes","floor":14,"turns":3},{"damage":88,"enemies":"Hexaghost","floor":16,"turns":14}],"seed_played":"-2687520197170760507","potions_obtained":[{"floor":1,"key":"Explosive Potion"},{"floor":4,"key":"EssenceOfSteel"}],"is_trial":false,"path_per_floor":["M","$","?","M","?","R","E","R","T","?","E","?","T","M","R","B"],"character_chosen":"IRONCLAD","items_purchased":["Searing Blow","Shrug It Off"],"campfire_rested":3,"item_purchase_floors":[2,2],"current_hp_per_floor":[75,75,75,80,64,80,42,66,66,66,58,58,58,62,80,0],"gold":111,"neow_bonus":"RANDOM_COLORLESS","is_prod":false,"is_daily":false,"chose_seed":false,"campfire_upgraded":0,"win_rate":0.0,"timestamp":1548643058,"path_taken":["M","$","?","?","?","R","E","R","T","?","E","?","?","M","R","BOSS"],"build_version":"2019-01-23","purchased_purges":0,"victory":false,"max_hp_per_floor":[80,80,80,80,80,80,80,80,80,80,80,80,80,80,80,80],"card_choices":[{"not_picked":["Battle Trance","Flex"],"picked":"Twin Strike","floor":1},{"not_picked":["Feel No Pain","Flex"],"picked":"Body Slam","floor":4},{"not_picked":["Warcry","Juggernaut"],"picked":"Seeing Red","floor":7},{"not_picked":["Carnage","Searing Blow"],"picked":"Inflame","floor":11},{"not_picked":["Sword Boomerang","Searing Blow"],"picked":"Clash","floor":14}],"player_experience":8186,"relics_obtained":[{"floor":7,"key":"Pocketwatch"},{"floor":9,"key":"Boot"},{"floor":11,"key":"Anchor"},{"floor":13,"key":"Potion Belt"}],"event_choices":[{"damage_healed":0,"gold_gain":0,"cards_transformed":["Defend_R"],"player_choice":"Transformed","damage_taken":0,"max_hp_gain":0,"max_hp_loss":0,"event_name":"Transmorgrifier","floor":3,"gold_loss":0,"cards_obtained":["Metallicize"]},{"damage_healed":0,"gold_gain":0,"player_choice":"Entered Light","damage_taken":16,"max_hp_gain":0,"max_hp_loss":0,"event_name":"Shining Light","floor":5,"gold_loss":0,"cards_upgraded":["Strike_R","Strike_R"]},{"damage_healed":0,"gold_gain":0,"player_choice":"Left Gold","damage_taken":0,"max_hp_gain":0,"max_hp_loss":0,"event_name":"World of Goop","floor":10,"gold_loss":23},{"damage_healed":0,"gold_gain":0,"player_choice":"Take Wound","damage_taken":0,"relics_obtained":["Golden Idol"],"max_hp_gain":0,"max_hp_loss":0,"event_name":"Golden Idol","floor":12,"gold_loss":0,"cards_obtained":["Injury"]}],"is_beta":false,"boss_relics":[],"items_purged_floors":[],"is_endless":false,"potions_floor_spawned":[1,4],"killed_by":"Hexaghost","ascension_level":0}