{"gold_per_floor":[111,126,138,153,153,153,153,153,153,170,170,202,213,233,233,333,333,350,360,373,225,225,225,225],"floor_reached":24,"playtime":1878,"items_purged":[],"score":200,"play_id":"0e11ed4e-5111-45d7-a63b-02f895a99278","local_time":"20181226150803","is_ascension_mode":false,"campfire_choices":[{"floor":6,"key":"REST"},{"data":"Feel No Pain","floor":8,"key":"SMITH"},{"floor":11,"key":"REST"},{"floor":15,"key":"REST"},{"data":"Body Slam","floor":23,"key":"SMITH"}],"neow_cost":"TEN_PERCENT_HP_LOSS","seed_source_timestamp":18240762940785,"circlet_count":0,"master_deck":["Strike_R+1","Strike_R+1","Strike_R+1","Strike_R+1","Defend_R+1","Defend_R+1","Defend_R+1","Defend_R+1","Bash","Purity","Purity","Body Slam+1","Clothesline","Blood for Blood","Feel No Pain+1","Warcry","Headbutt+1","Body Slam+1","Iron Wave+1","Feel No Pain+1","Demon Form+1","Whirlwind+1","Iron Wave+1"],"relics":["Burning Blood","Molten Egg 2","Frozen Egg 2","Gremlin Horn","Runic Pyramid","Happy Flower"],"potions_floor_usage":[],"damage_taken":[{"damage":0,"enemies":"2 Louse","floor":1,"turns":3},{"damage":14,"enemies":"Small Slimes","floor":2,"turns":4},{"damage":9,"enemies":"Cultist","floor":3,"turns":5},{"damage":15,"enemies":"Looter","floor":4,"turns":3},{"damage":17,"enemies":"Large Slime","floor":10,"turns":7},{"damage":26,"enemies":"Lagavulin","floor":12,"turns":7},{"damage":2,"enemies":"Blue Slaver","floor":13,"turns":4},{"damage":15,"enemies":"Exordium Wildlife","floor":14,"turns":4},{"damage":12,"enemies":"Hexaghost","floor":16,"turns":8},{"damage":41,"enemies":"2 Thieves","floor":18,"turns":4},{"damage":0,"enemies":"Chosen","floor":19,"turns":5},{"damage":24,"enemies":"Snake Plant","floor":20,"turns":5},{"damage":27,"enemies":"3 Cultists","floor":24,"turns":4}],"seed_played":"3654467615889331747","potions_obtained":[{"floor":1,"key":"GamblersBrew"},{"floor":4,"key":"Ancient Potion"},{"floor":10,"key":"SteroidPotion"}],"is_trial":false,"path_per_floor":["M","M","M","M","?","R","?","R","T","M","R","E","M","M","R","B",null,"M","M","M","$","?","R","M"],"character_chosen":"IRONCLAD","items_purchased":["Happy Flower"],"campfire_rested":3,"item_purchase_floors":[21],"current_hp_per_floor":[72,64,61,52,10,31,31,31,31,20,41,21,25,16,37,31,72,37,43,25,25,25,25,0],"gold":225,"neow_bonus":"RANDOM_COLORLESS_2","is_prod":false,"is_daily":false,"chose_seed":false,"campfire_upgraded":2,"win_rate":0.0,"timestamp":1545833283,"path_taken":["M","M","M","M","?","R","?","R","T","M","R","E","M","M","R","BOSS","M","M","M","$","?","R","M"],"build_version":"2018-12-20","purchased_purges":0,"victory":false,"max_hp_per_floor":[72,72,72,72,72,72,72,72,72,72,72,72,72,72,72,72,72,72,72,72,72,72,72,72],"card_choices":[{"not_picked":["Warcry","True Grit"],"picked":"Body Slam","floor":1},{"not_picked":["Carnage","Wild Strike"],"picked":"Clothesline","floor":2},{"not_picked":["Twin Strike","Body Slam"],"picked":"Blood for Blood","floor":3},{"not_picked":["Anger","Heavy Blade"],"picked":"Feel No Pain","floor":4},{"not_picked":["Dual Wield","Shockwave"],"picked":"Headbutt+1","floor":10},{"not_picked":["Dual Wield","Warcry"],"picked":"Body Slam+1","floor":12},{"not_picked":["Second Wind","Shrug It Off"],"picked":"Iron Wave+1","floor":13},{"not_picked":["Brutality+1","Wild Strike+1"],"picked":"Feel No Pain+1","floor":14},{"not_picked":["Brutality+1","Barricade+1"],"picked":"Demon Form+1","floor":16},{"not_picked":["Sword Boomerang+1","Shrug It Off","Spot Weakness"],"picked":"SKIP","floor":18},{"not_picked":["Twin Strike+1","Pommel Strike+1"],"picked":"Whirlwind+1","floor":19},{"not_picked":["Twin Strike+1","Warcry"],"picked":"Iron Wave+1","floor":20}],"player_experience":54505,"relics_obtained":[{"floor":9,"key":"Frozen Egg 2"},{"floor":12,"key":"Gremlin Horn"}],"event_choices":[{"damage_healed":0,"gold_gain":0,"player_choice":"Success","damage_taken":42,"relics_obtained":["Molten Egg 2"],"max_hp_gain":0,"max_hp_loss":0,"event_name":"Scrap Ooze","floor":5,"gold_loss":0},{"damage_healed":0,"gold_gain":0,"cards_transformed":["Strike_R"],"player_choice":"Change","damage_taken":0,"max_hp_gain":0,"max_hp_loss":0,"event_name":"Living Wall","floor":7,"gold_loss":0,"cards_obtained":["Warcry"]},{"damage_healed":0,"gold_gain":0,"player_choice":"Simplicity","damage_taken":0,"max_hp_gain":0,"max_hp_loss":0,"event_name":"Back to Basics","floor":22,"gold_loss":0,"cards_upgraded":["Strike_R","Strike_R","Strike_R","Strike_R","Defend_R","Defend_R","Defend_R","Defend_R"]}],"is_beta":false,"boss_relics":[{"not_picked":["Calling Bell","Orrery"],"picked":"Runic Pyramid"}],"items_purged_floors":[],"is_endless":false,"potions_floor_spawned":[1,4,10,16,20],"killed_by":"3 Cultists","ascension_level":0}