{"gold_per_floor":[110,185,185,185,198,198,232,251,251,251],"floor_reached":10,"playtime":437,"items_purged":[],"score":66,"play_id":"82b04d1c-16f4-41c4-8335-da94de56c0b3","local_time":"20190104164457","is_ascension_mode":false,"campfire_choices":[{"data":"Shrug It Off","floor":6,"key":"SMITH"}],"neow_cost":"CURSE","seed_source_timestamp":307592441660186,"circlet_count":0,"master_deck":["Strike_R","Strike_R","Strike_R","Defend_R","Defend_R","Defend_R","Defend_R","Bash","Shame","Sentinel","Seeing Red","Shrug It Off+1","Feed","Dropkick"],"relics":["Burning Blood","Question Card","Paper Frog","Bottled Lightning"],"potions_floor_usage":[],"damage_taken":[{"damage":0,"enemies":"2 Louse","floor":1,"turns":4},{"damage":2,"enemies":"Cultist","floor":5,"turns":5},{"damage":50,"enemies":"Gremlin Nob","floor":7,"turns":6},{"damage":13,"enemies":"Jaw Worm","floor":8,"turns":6},{"damage":12,"enemies":"Red Slaver","floor":10,"turns":3}],"seed_played":"1415156505210818922","potions_obtained":[{"floor":4,"key":"Poison Potion"},{"floor":4,"key":"Strength Potion"},{"floor":4,"key":"Strength Potion"}],"is_trial":false,"path_per_floor":["M","?","?","?","M","R","E","M","T","M"],"character_chosen":"IRONCLAD","items_purchased":[],"campfire_rested":0,"item_purchase_floors":[],"current_hp_per_floor":[80,69,57,57,61,61,17,10,10,0],"gold":251,"neow_bonus":"TRANSFORM_TWO_CARDS","is_prod":false,"is_daily":false,"chose_seed":false,"campfire_upgraded":1,"win_rate":0.0,"timestamp":1546616697,"path_taken":["M","?","?","?","?","R","E","M","T","?"],"build_version":"2019-01-03v3","purchased_purges":0,"victory":false,"max_hp_per_floor":[80,80,80,80,80,80,80,80,80,80],"card_choices":[{"not_picked":["Warcry","Havoc","Armaments"],"picked":"SKIP","floor":1},{"not_picked":["Perfected Strike","Twin Strike","Clothesline"],"picked":"Shrug It Off","floor":5},{"not_picked":["Anger","Thunderclap","Second Wind"],"picked":"Feed","floor":7},{"not_picked":["True Grit","Searing Blow","Perfected Strike"],"picked":"Dropkick","floor":8}],"player_experience":93280,"relics_obtained":[{"floor":7,"key":"Paper Frog"},{"floor":9,"key":"Bottled Lightning"}],"event_choices":[{"damage_healed":0,"gold_gain":75,"player_choice":"Gather Gold","damage_taken":11,"max_hp_gain":0,"max_hp_loss":0,"event_name":"World of Goop","floor":2,"gold_loss":0},{"damage_healed":0,"gold_gain":0,"player_choice":"Success","damage_taken":12,"relics_obtained":["Question Card"],"max_hp_gain":0,"max_hp_loss":0,"event_name":"Scrap Ooze","floor":3,"gold_loss":0},{"damage_healed":0,"gold_gain":0,"player_choice":"Got Potions","damage_taken":0,"max_hp_gain":0,"max_hp_loss":0,"event_name":"Lab","floor":4,"gold_loss":0}],"is_beta":false,"boss_relics":[],"items_purged_floors":[],"is_endless":false,"potions_floor_spawned":[],"killed_by":"Red Slaver","ascension_level":0}