{"gold_per_floor":[119,119,119,5,17,17,42,52,52,52,65,92,103,3,3,106,106,125,125,37,37,57,57],"floor_reached":23,"playtime":654,"items_purged":["Strike_B","Strike_B"],"score":336,"play_id":"a328ab10-0ae6-4cb8-98db-187ea2afb46f","local_time":"20181217095025","is_ascension_mode":true,"campfire_choices":[{"data":"Zap","floor":6,"key":"SMITH"},{"data":"Blizzard","floor":10,"key":"SMITH"},{"data":"Rip and Tear","floor":15,"key":"SMITH"}],"neow_cost":"NONE","seed_source_timestamp":240394328759225,"circlet_count":0,"master_deck":["AscendersBane","Strike_B","Defend_B","Defend_B+1","Defend_B","Defend_B+1","Zap+1","Dualcast","Defragment+1","Chill","Compile Driver","Blizzard+1","Rip and Tear+1","Cold Snap","Coolheaded","Streamline","Machine Learning","White Noise","Recycle","Loop","Cold Snap","Conserve Battery+1"],"relics":["Cracked Core","NeowsBlessing","Bottled Flame","Oddly Smooth Stone","Calipers","Snecko Eye"],"potions_floor_usage":[16,23],"damage_taken":[{"damage":0,"enemies":"2 Louse","floor":1,"turns":1},{"damage":0,"enemies":"Jaw Worm","floor":5,"turns":1},{"damage":0,"enemies":"Lagavulin","floor":7,"turns":1},{"damage":1,"enemies":"Small Slimes","floor":8,"turns":3},{"damage":2,"enemies":"Exordium Thugs","floor":11,"turns":4},{"damage":2,"enemies":"3 Sentries","floor":12,"turns":6},{"damage":4,"enemies":"Red Slaver","floor":13,"turns":3},{"damage":19,"enemies":"Slime Boss","floor":16,"turns":9},{"damage":0,"enemies":"Spheric Guardian","floor":18,"turns":4},{"damage":19,"enemies":"2 Thieves","floor":22,"turns":5},{"damage":49,"enemies":"Slavers","floor":23,"turns":3}],"seed_played":"-7857643369707460371","potions_obtained":[{"floor":1,"key":"Dexterity Potion"},{"floor":7,"key":"Strength Potion"},{"floor":13,"key":"Weak Potion"},{"floor":16,"key":"Swift Potion"}],"is_trial":false,"path_per_floor":["M","?","?","$","M","R","E","M","T","R","M","E","M","$","R","B",null,"M","?","$","$","M","E"],"character_chosen":"DEFECT","items_purchased":["Chill","Loop","Cold Snap"],"campfire_rested":0,"item_purchase_floors":[4,20,20],"current_hp_per_floor":[68,53,53,53,53,53,53,52,52,52,50,48,44,44,44,25,63,63,63,63,63,44,0],"gold":57,"neow_bonus":"THREE_ENEMY_KILL","is_prod":false,"is_daily":false,"chose_seed":false,"campfire_upgraded":3,"win_rate":0,"timestamp":1545058225,"path_taken":["M","?","?","$","M","R","E","M","T","R","M","E","M","$","R","BOSS","M","?","?","$","?","E"],"build_version":"2018-12-13","purchased_purges":2,"victory":false,"max_hp_per_floor":[75,75,75,75,75,75,75,75,75,75,75,75,75,75,75,75,75,75,75,75,75,75,75],"card_choices":[{"not_picked":["Compile Driver","Rebound"],"picked":"Defragment","floor":1},{"not_picked":["Leap","Go for the Eyes"],"picked":"Compile Driver","floor":5},{"not_picked":["Reprogram","Heatsinks"],"picked":"Blizzard","floor":7},{"not_picked":["Redo","Compile Driver"],"picked":"Rip and Tear","floor":8},{"not_picked":["Coolheaded","Machine Learning"],"picked":"Cold Snap","floor":11},{"not_picked":["BootSequence","Redo"],"picked":"Coolheaded","floor":12},{"not_picked":["Gash","Beam Cell"],"picked":"Streamline","floor":13},{"not_picked":["All For One","Reboot"],"picked":"Machine Learning","floor":16},{"not_picked":["Redo","Streamline+1"],"picked":"White Noise","floor":18},{"not_picked":["Streamline+1","Static Discharge+1"],"picked":"Conserve Battery+1","floor":22}],"player_experience":354798,"relics_obtained":[{"floor":7,"key":"Bottled Flame"},{"floor":9,"key":"Oddly Smooth Stone"},{"floor":12,"key":"Calipers"}],"event_choices":[{"damage_healed":0,"gold_gain":0,"player_choice":"Entered Light","damage_taken":15,"max_hp_gain":0,"max_hp_loss":0,"event_name":"Shining Light","floor":2,"gold_loss":0,"cards_upgraded":["Defend_B","Defend_B"]},{"damage_healed":0,"gold_gain":0,"player_choice":"Grow","damage_taken":0,"max_hp_gain":0,"max_hp_loss":0,"event_name":"Living Wall","floor":3,"gold_loss":0,"cards_upgraded":["Defragment"]},{"damage_healed":0,"gold_gain":0,"cards_transformed":["Strike_B"],"player_choice":"Transformed","damage_taken":0,"max_hp_gain":0,"max_hp_loss":0,"event_name":"Transmorgrifier","floor":19,"gold_loss":0,"cards_obtained":["Recycle"]}],"is_beta":false,"boss_relics":[{"not_picked":["Astrolabe","Lizard Tail"],"picked":"Snecko Eye"}],"items_purged_floors":[4,14],"is_endless":false,"potions_floor_spawned":[1,7,13,16,18],"killed_by":"Slavers","ascension_level":10}