{"gold_per_floor":[110,121,121,121,46,46,81,81,105,105,116,116,129,144,144,216,216,231,247,97,97,110,110,127,142,142,142,142,175,191,203,203,276,276,293,307,319,334,347,377,377,412,412,412,439,439,453,469,469,469,469,469,469,28,56,56],"floor_reached":56,"playtime":6787,"items_purged":["Strike_R","Strike_R"],"score":1926,"play_id":"e8662b50-3ab8-452b-b3dd-ff0bf8f154d7","local_time":"20190201195619","is_ascension_mode":true,"campfire_choices":[{"data":"Uppercut","floor":6.0,"key":"SMITH"},{"data":"Bash","floor":8.0,"key":"SMITH"},{"floor":10.0,"key":"REST"},{"data":"Heavy Blade","floor":15.0,"key":"SMITH"},{"data":"Impervious","floor":23.0,"key":"SMITH"},{"data":"Spot Weakness","floor":28.0,"key":"SMITH"},{"floor":32.0,"key":"REST"},{"data":"Demon Form","floor":44.0,"key":"SMITH"},{"floor":49.0,"key":"RECALL"},{"data":"Disarm","floor":53.0,"key":"SMITH"}],"neow_cost":"NONE","seed_source_timestamp":0,"circlet_count":0,"master_deck":["AscendersBane","Strike_R+1","Defend_R","Defend_R","Defend_R","Defend_R+1","Bash+1","Uppercut+1","Iron Wave","Feel No Pain+1","Pommel Strike","Corruption","Twin Strike","Heavy Blade+1","Impervious+1","Shrug It Off+1","Whirlwind","Headbutt+1","Demon Form+1","Heavy Blade+1","Sentinel","Exhume","Disarm+1","Transmutation","Dark Embrace"],"special_seed":0,"relics":["Burning Blood","Calipers","Vajra","Red Skull","Philosopher\u0027s Stone","Happy Flower","Mercury Hourglass","Snecko Eye","Pantograph","Regal Pillow","StoneCalendar","Pen Nib"],"potions_floor_usage":[56,56],"damage_taken":[{"damage":3.0,"enemies":"2 Louse","floor":1.0,"turns":4.0},{"damage":0.0,"enemies":"Cultist","floor":2.0,"turns":3.0},{"damage":31.0,"enemies":"Lagavulin","floor":7.0,"turns":7.0},{"damage":4.0,"enemies":"Small Slimes","floor":11.0,"turns":3.0},{"damage":14.0,"enemies":"Gremlin Gang","floor":13.0,"turns":7.0},{"damage":12.0,"enemies":"Blue Slaver","floor":14.0,"turns":3.0},{"damage":28.0,"enemies":"Slime Boss","floor":16.0,"turns":7.0},{"damage":4.0,"enemies":"Chosen","floor":18.0,"turns":3.0},{"damage":0.0,"enemies":"Spheric Guardian","floor":19.0,"turns":4.0},{"damage":12.0,"enemies":"Cultist and Chosen","floor":22.0,"turns":6.0},{"damage":0.0,"enemies":"Centurion and Healer","floor":24.0,"turns":4.0},{"damage":12.0,"enemies":"Chosen and Byrds","floor":25.0,"turns":7.0},{"damage":45.0,"enemies":"Slavers","floor":29.0,"turns":7.0},{"damage":0.0,"enemies":"Sentry and Sphere","floor":30.0,"turns":3.0},{"damage":0.0,"enemies":"Shelled Parasite and Fungi","floor":31.0,"turns":2.0},{"damage":23.0,"enemies":"Collector","floor":33.0,"turns":6.0},{"damage":0.0,"enemies":"3 Shapes","floor":35.0,"turns":4.0},{"damage":0.0,"enemies":"Orb Walker","floor":36.0,"turns":3.0},{"damage":0.0,"enemies":"4 Shapes","floor":37.0,"turns":5.0},{"damage":0.0,"enemies":"Maw","floor":38.0,"turns":5.0},{"damage":13.0,"enemies":"3 Darklings","floor":39.0,"turns":4.0},{"damage":4.0,"enemies":"Giant Head","floor":40.0,"turns":6.0},{"damage":29.0,"enemies":"Nemesis","floor":42.0,"turns":7.0},{"damage":1.0,"enemies":"Giant Head","floor":45.0,"turns":4.0},{"damage":8.0,"enemies":"Jaw Worm Horde","floor":47.0,"turns":3.0},{"damage":13.0,"enemies":"Transient","floor":48.0,"turns":6.0},{"damage":28.0,"enemies":"Awakened One","floor":50.0,"turns":7.0},{"damage":66.0,"enemies":"Donu and Deca","floor":51.0,"turns":7.0},{"damage":32.0,"enemies":"Shield and Spear","floor":55.0,"turns":5.0},{"damage":63,"enemies":"The Heart","floor":56,"turns":6}],"seed_played":"3249203779166387993","potions_obtained":[{"floor":2.0,"key":"Strength Potion"},{"floor":11.0,"key":"SpeedPotion"},{"floor":14.0,"key":"Swift Potion"},{"floor":19.0,"key":"AttackPotion"},{"floor":29.0,"key":"Fruit Juice"},{"floor":30.0,"key":"GamblersBrew"},{"floor":31.0,"key":"SteroidPotion"},{"floor":36.0,"key":"Swift Potion"},{"floor":37.0,"key":"Block Potion"},{"floor":48.0,"key":"Explosive Potion"},{"floor":55.0,"key":"Explosive Potion"}],"is_trial":false,"path_per_floor":["M","M","?","?","$","R","E","R","T","R","M","?","M","M","R","B",null,"M","M","$","?","M","R","M","M","T","?","R","E","M","M","R","B",null,"M","M","M","M","M","E","?","E","T","R","E","?","M","M","R","B","B",null,"R","$","E","B"],"character_chosen":"IRONCLAD","items_purchased":["Feel No Pain","Whirlwind","Dexterity Potion","Transmutation","GamblersBrew"],"campfire_rested":2,"item_purchase_floors":[5,20,54,54,54],"current_hp_per_floor":[71,75,52,52,52,52,27,27,27,49,51,51,43,37,37,15,60,62,68,68,68,62,62,68,62,62,48,48,14,20,26,50,33,68,74,80,80,80,73,75,75,52,52,52,57,57,55,48,48,51,16,64,64,64,38,0],"gold":56,"neow_bonus":"REMOVE_CARD","is_prod":false,"is_daily":false,"chose_seed":false,"campfire_upgraded":7,"win_rate":0,"timestamp":1549011379,"path_taken":["M","M","?","?","$","R","E","R","T","R","?","?","M","?","R","BOSS","M","M","$","?","M","R","?","M","T","?","R","E","?","M","R","BOSS","M","M","M","M","M","E","?","E","T","R","E","?","M","M","R","BOSS","BOSS","R","$","E","BOSS"],"build_version":"2019-01-23","purchased_purges":2,"victory":false,"max_hp_per_floor":[75,75,75,75,75,75,75,75,75,75,75,75,75,75,75,75,75,75,75,75,75,75,75,75,75,75,75,75,80,80,80,80,80,80,80,80,80,80,80,80,80,80,80,80,80,80,80,80,80,80,80,80,80,80,80,80],"card_choices":[{"not_picked":["Clash","Shockwave"],"picked":"Uppercut","floor":1.0},{"not_picked":["Entrench","Uppercut"],"picked":"Iron Wave","floor":2.0},{"not_picked":["Sentinel","Intimidate"],"picked":"Pommel Strike","floor":7.0},{"not_picked":["Reckless Charge","Iron Wave"],"picked":"Corruption","floor":11.0},{"not_picked":["Flex","Metallicize"],"picked":"Twin Strike","floor":13.0},{"not_picked":["Burning Pact","True Grit"],"picked":"Heavy Blade","floor":14.0},{"not_picked":["Double Tap","Barricade"],"picked":"Impervious","floor":16.0},{"not_picked":["Twin Strike","Sever Soul+1","Seeing Red"],"picked":"SKIP","floor":18.0},{"not_picked":["Searing Blow","Armaments"],"picked":"Shrug It Off+1","floor":19.0},{"not_picked":["Pommel Strike","Clothesline"],"picked":"Spot Weakness","floor":22.0},{"not_picked":["Clash","Wild Strike","Combust"],"picked":"SKIP","floor":24.0},{"not_picked":["Clash","Anger","Heavy Blade"],"picked":"SKIP","floor":25.0},{"not_picked":["Pommel Strike","Heavy Blade","Bloodletting+1"],"picked":"SKIP","floor":29.0},{"not_picked":["True Grit","Cleave"],"picked":"Headbutt+1","floor":30.0},{"not_picked":["Iron Wave","Searing Blow","Whirlwind"],"picked":"SKIP","floor":31.0},{"not_picked":["Exhume","Bludgeon"],"picked":"Demon Form","floor":33.0},{"not_picked":["Pommel Strike+1","Wild Strike","Headbutt"],"picked":"SKIP","floor":35.0},{"not_picked":["Fire Breathing+1","Flex+1","Sword Boomerang"],"picked":"SKIP","floor":36.0},{"not_picked":["Iron Wave","Pommel Strike","Armaments"],"picked":"SKIP","floor":37.0},{"not_picked":["Hemokinesis","Twin Strike","Power Through"],"picked":"SKIP","floor":38.0},{"not_picked":["Clash","Anger"],"picked":"Heavy Blade+1","floor":39.0},{"not_picked":["Intimidate","Perfected Strike"],"picked":"Sentinel","floor":40.0},{"not_picked":["Ghostly Armor+1","Rampage","Body Slam"],"picked":"SKIP","floor":42.0},{"not_picked":["Perfected Strike+1","Whirlwind"],"picked":"Exhume","floor":45.0},{"not_picked":["Anger","Blood for Blood","Twin Strike"],"picked":"SKIP","floor":47.0},{"not_picked":["Iron Wave","Twin Strike"],"picked":"Disarm","floor":48.0},{"not_picked":["Rupture","Clothesline"],"picked":"Dark Embrace","floor":55.0}],"player_experience":676578,"relics_obtained":[{"floor":7.0,"key":"Vajra"},{"floor":9.0,"key":"Red Skull"},{"floor":26.0,"key":"Happy Flower"},{"floor":29.0,"key":"Mercury Hourglass"},{"floor":40.0,"key":"Pantograph"},{"floor":42.0,"key":"Regal Pillow"},{"floor":45.0,"key":"StoneCalendar"},{"floor":55.0,"key":"Pen Nib"}],"event_choices":[{"damage_healed":0.0,"max_hp_gain":0.0,"max_hp_loss":0.0,"gold_gain":0.0,"event_name":"Shining Light","player_choice":"Entered Light","floor":3.0,"gold_loss":0.0,"damage_taken":23.0,"cards_upgraded":["Defend_R","Strike_R"]},{"damage_healed":0.0,"max_hp_gain":0.0,"max_hp_loss":0.0,"gold_gain":0.0,"event_name":"WeMeetAgain","player_choice":"Gave Potion","floor":4.0,"gold_loss":0.0,"damage_taken":0.0,"relics_obtained":["Calipers"]},{"damage_healed":0.0,"max_hp_gain":0.0,"max_hp_loss":0.0,"gold_gain":0.0,"event_name":"Upgrade Shrine","player_choice":"Upgraded","floor":12.0,"gold_loss":0.0,"damage_taken":0.0,"cards_upgraded":["Feel No Pain"]},{"cards_removed":["Strike_R"],"damage_healed":0.0,"max_hp_gain":0.0,"max_hp_loss":0.0,"gold_gain":0.0,"event_name":"Bonfire Elementals","player_choice":"Offered Basic","floor":21.0,"gold_loss":0.0,"damage_taken":0.0},{"damage_healed":0.0,"max_hp_gain":0.0,"max_hp_loss":0.0,"gold_gain":0.0,"event_name":"Knowing Skull","player_choice":"POTION ","floor":27.0,"potions_obtained":["AttackPotion"],"gold_loss":0.0,"damage_taken":14.0,"cards_obtained":[]},{"damage_healed":0.0,"max_hp_gain":0.0,"max_hp_loss":0.0,"gold_gain":0.0,"event_name":"Knowing Skull","player_choice":"POTION ","floor":27.0,"potions_obtained":["AttackPotion"],"gold_loss":0.0,"damage_taken":14.0,"cards_obtained":[]},{"damage_healed":0.0,"max_hp_gain":0.0,"max_hp_loss":0.0,"gold_gain":0.0,"event_name":"Knowing Skull","player_choice":"POTION ","floor":27.0,"potions_obtained":["AttackPotion"],"gold_loss":0.0,"damage_taken":14.0,"cards_obtained":[]},{"cards_removed":["Spot Weakness"],"damage_healed":0.0,"max_hp_gain":0.0,"max_hp_loss":0.0,"gold_gain":0.0,"event_name":"Falling","player_choice":"Removed Skill","floor":41.0,"gold_loss":0.0,"damage_taken":0.0},{"damage_healed":0.0,"max_hp_gain":0.0,"max_hp_loss":0.0,"gold_gain":0.0,"event_name":"Tomb of Lord Red Mask","player_choice":"Ignored","floor":46.0,"gold_loss":0.0,"damage_taken":0.0}],"is_beta":false,"boss_relics":[{"not_picked":["Lizard Tail","Empty Cage"],"picked":"Philosopher\u0027s Stone"},{"not_picked":["Black Star","White Beast Statue"],"picked":"Snecko Eye"}],"items_purged_floors":[20,54],"is_endless":false,"potions_floor_spawned":[2,11,14,19,29,30,31,36,37,38,48,55],"killed_by":"The Heart","ascension_level":20}