{"gold_per_floor":[114,134,47,59,24,59,59,209,209,209,268,281,309,269,269,343,343,343,343,233,233,233,233,233,233,233,233,233,233,233,233,233,233],"floor_reached":33,"playtime":2200,"items_purged":[],"score":510,"play_id":"2e1783a2-b22b-4a07-af58-4ea523c1ae3c","local_time":"20181125202748","is_ascension_mode":true,"campfire_choices":[{"data":"Neutralize","floor":7,"key":"SMITH"},{"floor":10,"key":"REST"},{"floor":15,"key":"REST"},{"floor":23,"key":"REST"},{"floor":25,"key":"REST"},{"floor":32,"key":"REST"}],"neow_cost":"NONE","seed_source_timestamp":225471153736800,"circlet_count":0,"master_deck":["AscendersBane","Defend_G+1","Defend_G+1","Defend_G+1","Defend_G+1","Defend_G+1","Strike_G+1","Strike_G+1","Strike_G+1","Strike_G+1","Strike_G+1","Survivor","Neutralize+1","Flying Knee","Flying Knee","Dash+1","Cloak And Dagger","After Image","Cloak And Dagger","Well Laid Plans","Finisher","Bouncing Flask+1","Writhe","Leg Sweep","Blur","Deadly Poison+1","Quick Slash","Dodge and Roll+1"],"relics":["Lizard Tail","Darkstone Periapt","Kunai","Juzu Bracelet","Ectoplasm","Bag of Preparation","MawBank"],"potions_floor_usage":[13,13,24,28,33],"damage_taken":[{"damage":4,"enemies":"Jaw Worm","floor":1,"turns":6},{"damage":19,"enemies":"Small Slimes","floor":2,"turns":4},{"damage":2,"enemies":"2 Louse","floor":4,"turns":3},{"damage":64,"enemies":"Lagavulin","floor":6,"turns":10},{"damage":11,"enemies":"Exordium Thugs","floor":12,"turns":7},{"damage":26,"enemies":"Gremlin Nob","floor":13,"turns":5},{"damage":2,"enemies":"Looter","floor":14,"turns":4},{"damage":12,"enemies":"The Guardian","floor":16,"turns":19},{"damage":26,"enemies":"3 Byrds","floor":18,"turns":9},{"damage":8,"enemies":"Spheric Guardian","floor":21,"turns":6},{"damage":18,"enemies":"Snake Plant","floor":22,"turns":5},{"damage":24,"enemies":"Cultist and Chosen","floor":24,"turns":9},{"damage":2,"enemies":"Snecko","floor":27,"turns":5},{"damage":30,"enemies":"3 Cultists","floor":28,"turns":9},{"damage":48,"enemies":"Collector","floor":33,"turns":8}],"seed_played":"-6574695467750063777","potions_obtained":[{"floor":2,"key":"Energy Potion"},{"floor":6,"key":"AttackPotion"},{"floor":12,"key":"LiquidBronze"},{"floor":21,"key":"AttackPotion"},{"floor":27,"key":"FearPotion"},{"floor":28,"key":"SpeedPotion"}],"is_trial":false,"path_per_floor":["M","M","$","M","?","E","R","?","T","R","?","M","E","M","R","B",null,"M","?","?","M","M","R","M","R","T","M","M","?","?","?","R","B"],"character_chosen":"THE_SILENT","items_purchased":["Dash"],"campfire_rested":5,"item_purchase_floors":[3],"current_hp_per_floor":[55,36,36,34,50,24,24,30,30,51,51,40,14,12,33,21,59,33,39,39,31,13,36,12,35,35,33,3,19,19,19,42,0],"gold":233,"neow_bonus":"BOSS_RELIC","is_prod":false,"is_daily":false,"chose_seed":false,"campfire_upgraded":1,"win_rate":0,"timestamp":1543195668,"path_taken":["M","M","$","M","?","E","R","?","T","R","?","?","E","M","R","BOSS","M","?","?","M","M","R","M","R","T","M","M","?","?","?","R","BOSS"],"build_version":"2018-11-15","purchased_purges":0,"victory":false,"max_hp_per_floor":[66,66,66,66,66,66,66,72,72,72,72,72,72,72,72,72,72,72,78,78,78,78,78,78,78,78,78,78,78,78,78,78,78],"card_choices":[{"not_picked":["Deflect","Dagger Throw"],"picked":"Flying Knee","floor":1},{"not_picked":["Dodge and Roll","Distraction"],"picked":"Flying Knee","floor":2},{"not_picked":["Crippling Poison","Underhanded Strike"],"picked":"Cloak And Dagger","floor":4},{"not_picked":["Leg Sweep","Caltrops"],"picked":"After Image","floor":6},{"not_picked":["Catalyst","Heel Hook"],"picked":"Cloak And Dagger","floor":12},{"not_picked":["Endless Agony","Sucker Punch"],"picked":"Well Laid Plans","floor":13},{"not_picked":["Blade Dance","Flying Knee"],"picked":"Finisher","floor":14},{"not_picked":["Crippling Poison","Deadly Poison"],"picked":"Bouncing Flask+1","floor":18},{"not_picked":["Footwork","Prepared"],"picked":"Leg Sweep","floor":21},{"not_picked":["Slice","Setup+1"],"picked":"Blur","floor":22},{"not_picked":["Setup","Poisoned Stab"],"picked":"Deadly Poison+1","floor":24},{"not_picked":["Skewer","Setup"],"picked":"Quick Slash","floor":27},{"not_picked":["Acrobatics","Caltrops"],"picked":"Dodge and Roll+1","floor":28}],"player_experience":1682029,"relics_obtained":[{"floor":6,"key":"Darkstone Periapt"},{"floor":9,"key":"Kunai"},{"floor":13,"key":"Juzu Bracelet"},{"floor":26,"key":"MawBank"}],"event_choices":[{"damage_healed":16,"gold_gain":0,"player_choice":"Healed","damage_taken":0,"max_hp_gain":0,"max_hp_loss":0,"event_name":"The Cleric","floor":5,"gold_loss":35},{"damage_healed":0,"gold_gain":150,"player_choice":"AGREE","damage_taken":0,"max_hp_gain":0,"max_hp_loss":0,"event_name":"Liars Game","floor":8,"gold_loss":0,"cards_obtained":["Doubt"]},{"damage_healed":0,"gold_gain":59,"player_choice":"Gained Gold","damage_taken":0,"max_hp_gain":0,"max_hp_loss":0,"event_name":"Golden Wing","floor":11,"gold_loss":0},{"damage_healed":0,"gold_gain":0,"player_choice":"Opened","damage_taken":0,"relics_obtained":["Bag of Preparation"],"max_hp_gain":0,"max_hp_loss":0,"event_name":"The Mausoleum","floor":19,"gold_loss":0,"cards_obtained":["Writhe"]},{"cards_removed":["Doubt"],"damage_healed":0,"gold_gain":0,"player_choice":"Upgrade and Remove","damage_taken":0,"max_hp_gain":0,"max_hp_loss":0,"event_name":"Designer","floor":20,"gold_loss":110,"cards_upgraded":["Dash"]},{"damage_healed":16,"gold_gain":0,"player_choice":"Heal","damage_taken":0,"max_hp_gain":0,"max_hp_loss":0,"event_name":"The Library","floor":29,"gold_loss":0},{"damage_healed":0,"gold_gain":0,"player_choice":"Simplicity","damage_taken":0,"max_hp_gain":0,"max_hp_loss":0,"event_name":"Back to Basics","floor":30,"gold_loss":0,"cards_upgraded":["Defend_G","Defend_G","Defend_G","Defend_G","Defend_G","Strike_G","Strike_G","Strike_G","Strike_G","Strike_G"]},{"damage_healed":0,"gold_gain":50,"player_choice":"Stole From Cult","damage_taken":0,"max_hp_gain":0,"max_hp_loss":0,"event_name":"Nest","floor":31,"gold_loss":0}],"is_beta":true,"boss_relics":[{"not_picked":["White Beast Statue","Orrery"],"picked":"Ectoplasm"}],"items_purged_floors":[],"is_endless":false,"potions_floor_spawned":[2,6,12,21,27,28],"killed_by":"Collector","ascension_level":20}