{"gold_per_floor":[217,217,167,167,185,216,243,271,307,332,358,385,408,433,445,556,568,590,527,539,564,596,608,620,632,644,153,179,79,97,97,97,193,193,207,207,207,17,28,0,33,33],"floor_reached":42,"playtime":2686,"items_purged":["Blizzard","Strike_B"],"score":475,"play_id":"e8a1f05c-ae3f-40af-b7e9-a6a282999c33","local_time":"20181114182216","is_ascension_mode":false,"campfire_choices":[{"floor":15,"key":"REST"},{"data":"Hello World","floor":23,"key":"SMITH"},{"data":"Capacitor","floor":25,"key":"SMITH"},{"floor":32,"key":"REST"}],"neow_cost":"NONE","seed_source_timestamp":5971368598718,"circlet_count":0,"master_deck":["Strike_B","Strike_B+1","Defend_B+1","Defend_B","Defend_B","Defend_B","Zap+1","Sweeping Beam+1","Steam","Capacitor+1","Redo","Defragment","Coolheaded","Genetic Algorithm","Hello World+1","Auto Shields","Electrodynamics","Rebound","Discovery","Skim","Consume","Apotheosis","Pain","Thunder Strike","Leap+1","Swift Strike","Loop","Gash+1"],"relics":["Cracked Core","MawBank","Strawberry","Busted Crown","Nloth\u0027s Gift","Letter Opener","Bottled Tornado","Whetstone","WarpedTongs","Snecko Eye","Mercury Hourglass","Red Mask","Juzu Bracelet"],"potions_floor_usage":[13,28,33,33,41,42,42],"damage_taken":[{"damage":10,"enemies":"Cultist","floor":1,"turns":4},{"damage":1,"enemies":"Jaw Worm","floor":5,"turns":3},{"damage":27,"enemies":"Gremlin Nob","floor":6,"turns":5},{"damage":0,"enemies":"2 Louse","floor":7,"turns":2},{"damage":10,"enemies":"Exordium Thugs","floor":8,"turns":4},{"damage":12,"enemies":"2 Fungi Beasts","floor":10,"turns":3},{"damage":0,"enemies":"Large Slime","floor":11,"turns":4},{"damage":0,"enemies":"Red Slaver","floor":12,"turns":5},{"damage":7,"enemies":"2 Fungi Beasts","floor":13,"turns":4},{"damage":4,"enemies":"Exordium Wildlife","floor":14,"turns":4},{"damage":15,"enemies":"Hexaghost","floor":16,"turns":10},{"damage":5,"enemies":"3 Byrds","floor":18,"turns":2},{"damage":7,"enemies":"Shell Parasite","floor":21,"turns":7},{"damage":24,"enemies":"Snake Plant","floor":22,"turns":5},{"damage":18,"enemies":"Gremlin Leader","floor":28,"turns":5},{"damage":0,"enemies":"Chosen and Byrds","floor":30,"turns":5},{"damage":34,"enemies":"Collector","floor":33,"turns":8},{"damage":10,"enemies":"3 Darklings","floor":35,"turns":4},{"damage":31,"enemies":"Orb Walker","floor":39,"turns":3},{"damage":27,"enemies":"Reptomancer","floor":41,"turns":5},{"damage":21,"enemies":"2 Orb Walkers","floor":42,"turns":2}],"seed_played":"-2128539614271330221","potions_obtained":[{"floor":7,"key":"FocusPotion"},{"floor":11,"key":"Strength Potion"},{"floor":12,"key":"Regen Potion"},{"floor":13,"key":"FearPotion"},{"floor":14,"key":"Regen Potion"},{"floor":28,"key":"EssenceOfSteel"},{"floor":41,"key":"SpeedPotion"}],"is_trial":false,"path_per_floor":["M","?","?","?","M","E","M","M","T","M","M","M","M","M","R","B",null,"M","?","?","M","M","R","?","R","T","$","E","$","M","?","R","B",null,"M","T","?","$","M","?","E","?"],"character_chosen":"DEFECT","items_purchased":["Apotheosis","Bottled Tornado","Loop","Block Potion","Swift Potion","Weak Potion"],"campfire_rested":2,"item_purchase_floors":[27,27,38,38,38,38],"current_hp_per_floor":[65,62,62,47,46,19,19,9,16,4,4,4,9,5,44,29,82,77,77,61,54,30,30,30,30,30,30,12,12,12,12,36,17,82,72,72,72,72,41,41,14,0],"gold":33,"neow_bonus":"HUNDRED_GOLD","is_prod":false,"is_daily":false,"chose_seed":false,"campfire_upgraded":2,"win_rate":0.0,"timestamp":1542237736,"path_taken":["M","?","?","?","M","E","M","M","T","M","M","?","?","M","R","BOSS","M","?","?","M","?","R","?","R","T","?","E","$","M","?","R","BOSS","M","?","?","$","M","?","E","?"],"build_version":"2018-11-08","purchased_purges":2,"victory":false,"max_hp_per_floor":[75,75,75,75,75,75,75,75,82,82,82,82,82,82,82,82,82,82,82,82,82,82,82,82,82,82,82,82,82,82,82,82,82,82,82,82,82,82,82,82,82,82],"card_choices":[{"not_picked":["Barrage","Stack"],"picked":"Sweeping Beam","floor":1},{"not_picked":["Leap","Sweeping Beam"],"picked":"Steam","floor":5},{"not_picked":["Steam Power","Gash"],"picked":"Capacitor","floor":6},{"not_picked":["Barrage","Chaos"],"picked":"Redo","floor":7},{"not_picked":["Conserve Battery","Compile Driver"],"picked":"Defragment","floor":8},{"not_picked":["All For One","Compile Driver"],"picked":"Coolheaded","floor":10},{"not_picked":["Cold Snap","Go for the Eyes"],"picked":"Genetic Algorithm","floor":11},{"not_picked":["Stack","Chill"],"picked":"Blizzard","floor":12},{"not_picked":["Compile Driver","Stack"],"picked":"Hello World","floor":13},{"not_picked":["Streamline","Beam Cell"],"picked":"Auto Shields","floor":14},{"not_picked":["Thunder Strike","Creative AI"],"picked":"Electrodynamics","floor":16},{"not_picked":[],"picked":"Rebound","floor":18},{"not_picked":[],"picked":"Skim","floor":21},{"not_picked":[],"picked":"Consume","floor":22},{"not_picked":["Streamline"],"picked":"SKIP","floor":28},{"not_picked":["Barrage+1"],"picked":"SKIP","floor":30},{"not_picked":[],"picked":"Thunder Strike","floor":33},{"not_picked":[],"picked":"Leap+1","floor":35},{"not_picked":[],"picked":"Swift Strike","floor":37},{"not_picked":["Rebound+1"],"picked":"SKIP","floor":39},{"not_picked":[],"picked":"Gash+1","floor":41}],"player_experience":83556,"relics_obtained":[{"floor":6,"key":"MawBank"},{"floor":9,"key":"Strawberry"},{"floor":26,"key":"Letter Opener"},{"floor":28,"key":"Whetstone"},{"floor":36,"key":"Mercury Hourglass"},{"floor":41,"key":"Juzu Bracelet"}],"event_choices":[{"damage_healed":0,"gold_gain":0,"player_choice":"Success","damage_taken":3,"relics_obtained":["Regal Pillow"],"max_hp_gain":0,"max_hp_loss":0,"event_name":"Scrap Ooze","floor":2,"gold_loss":0},{"cards_removed":["Strike_B"],"damage_healed":0,"gold_gain":0,"player_choice":"Card Removal","damage_taken":0,"max_hp_gain":0,"max_hp_loss":0,"event_name":"The Cleric","floor":3,"gold_loss":50},{"damage_healed":0,"gold_gain":0,"player_choice":"Entered Light","damage_taken":15,"max_hp_gain":0,"max_hp_loss":0,"event_name":"Shining Light","floor":4,"gold_loss":0,"cards_upgraded":["Defend_B","Zap"]},{"cards_removed":["Dualcast"],"damage_healed":0,"gold_gain":0,"player_choice":"Gave Gold","damage_taken":0,"max_hp_gain":0,"max_hp_loss":0,"event_name":"Beggar","floor":19,"gold_loss":75},{"damage_healed":0,"gold_gain":0,"player_choice":"CARD ","damage_taken":16,"max_hp_gain":0,"max_hp_loss":0,"event_name":"Knowing Skull","floor":20,"potions_obtained":[],"gold_loss":0,"cards_obtained":["Discovery"]},{"damage_healed":0,"gold_gain":0,"player_choice":"Traded Relic","damage_taken":0,"relics_obtained":["Nloth\u0027s Gift"],"max_hp_gain":0,"max_hp_loss":0,"event_name":"N\u0027loth","floor":24,"relics_lost":["Regal Pillow"],"gold_loss":0},{"damage_healed":0,"gold_gain":0,"player_choice":"Rummage","damage_taken":0,"relics_obtained":["WarpedTongs"],"max_hp_gain":0,"max_hp_loss":0,"event_name":"Accursed Blacksmith","floor":31,"gold_loss":0,"cards_obtained":["Pain"]},{"damage_healed":0,"gold_gain":0,"player_choice":"Memory 1","damage_taken":0,"max_hp_gain":0,"max_hp_loss":0,"event_name":"SensoryStone","floor":37,"gold_loss":0},{"damage_healed":0,"gold_gain":0,"player_choice":"Paid","damage_taken":0,"relics_obtained":["Red Mask"],"max_hp_gain":0,"max_hp_loss":0,"event_name":"Tomb of Lord Red Mask","floor":40,"gold_loss":28},{"damage_healed":0,"gold_gain":0,"player_choice":"Fight","damage_taken":0,"max_hp_gain":0,"max_hp_loss":0,"event_name":"Mysterious Sphere","floor":42,"gold_loss":0}],"is_beta":false,"boss_relics":[{"not_picked":["Eternal Feather","Philosopher\u0027s Stone"],"picked":"Busted Crown"},{"not_picked":["Orrery","Fusion Hammer"],"picked":"Snecko Eye"}],"items_purged_floors":[27,29],"is_endless":false,"potions_floor_spawned":[7,11,12,13,14,16,22,28,30,41],"killed_by":"2 Orb Walkers","ascension_level":0}