{"gold_per_floor":[116,116,134,134,134,154,154,169,245,261,261,286,297,314,314,417,417,428,217,234,234,249,249,284,284,284,299,299,330,330,430,430,430],"floor_reached":33,"playtime":1256,"items_purged":[],"score":312,"play_id":"2f460e0a-108c-4168-866e-1ff67f74aa74","local_time":"20190209173724","is_ascension_mode":false,"campfire_choices":[{"floor":15,"key":"REST"},{"floor":23,"key":"REST"},{"floor":28,"key":"REST"},{"floor":30,"key":"REST"},{"floor":32,"key":"REST"}],"neow_cost":"NONE","seed_source_timestamp":1464345454941600,"circlet_count":0,"master_deck":["Defend_B","Defend_B","Defend_B","Defend_B","Zap+1","Dualcast","Leap","Steam","Darkness","BootSequence","Leap","Redo","All For One+1","Reprogram","Redo","Bite+1","Bite+1","Bite+1","Bite+1","Bite+1"],"relics":["Cracked Core","NeowsBlessing","Molten Egg 2","Strawberry","Busted Crown","Membership Card","Bottled Lightning","Mummified Hand","Lantern"],"potions_floor_usage":[16,16,33,33],"damage_taken":[{"damage":0,"enemies":"Cultist","floor":1,"turns":1},{"damage":0,"enemies":"Small Slimes","floor":3,"turns":1},{"damage":0,"enemies":"2 Louse","floor":6,"turns":1},{"damage":11,"enemies":"Lots of Slimes","floor":8,"turns":4},{"damage":6,"enemies":"Looter","floor":10,"turns":4},{"damage":23,"enemies":"Gremlin Nob","floor":12,"turns":4},{"damage":3,"enemies":"Red Slaver","floor":13,"turns":4},{"damage":5,"enemies":"Large Slime","floor":14,"turns":7},{"damage":11,"enemies":"The Guardian","floor":16,"turns":11},{"damage":0,"enemies":"Shell Parasite","floor":18,"turns":6},{"damage":15,"enemies":"Spheric Guardian","floor":20,"turns":4},{"damage":31,"enemies":"Snake Plant","floor":22,"turns":7},{"damage":53,"enemies":"Book of Stabbing","floor":24,"turns":7},{"damage":30,"enemies":"Cultist and Chosen","floor":27,"turns":6},{"damage":79,"enemies":"Gremlin Leader","floor":29,"turns":10},{"damage":95,"enemies":"Automaton","floor":33,"turns":10}],"seed_played":"6530889409539871625","potions_obtained":[{"floor":3,"key":"FearPotion"},{"floor":8,"key":"SpeedPotion"},{"floor":12,"key":"Poison Potion"},{"floor":22,"key":"Ancient Potion"},{"floor":29,"key":"Explosive Potion"}],"is_trial":false,"path_per_floor":["M","?","M","?","?","M","?","M","T","M","?","E","M","M","R","B",null,"M","$","M","?","M","R","E","?","T","M","R","E","R","?","R","B"],"character_chosen":"DEFECT","items_purchased":["Membership Card","Redo"],"campfire_rested":5,"item_purchase_floors":[19,19],"current_hp_per_floor":[75,68,68,73,78,78,78,67,67,61,61,45,42,37,63,52,87,87,87,72,60,45,60,22,60,60,39,57,10,28,28,46,0],"gold":430,"neow_bonus":"THREE_ENEMY_KILL","is_prod":false,"is_daily":false,"chose_seed":false,"campfire_upgraded":0,"win_rate":0.0,"timestamp":1549762644,"path_taken":["M","?","M","?","?","?","?","M","T","?","?","E","M","M","R","BOSS","M","$","M","?","M","R","E","?","T","?","R","E","R","?","R","BOSS"],"build_version":"2019-01-23","purchased_purges":0,"victory":false,"max_hp_per_floor":[75,75,75,80,80,80,80,80,80,80,80,87,87,87,87,87,87,87,87,87,60,60,60,60,60,60,60,60,60,60,60,60,60],"card_choices":[{"not_picked":["Streamline","Compile Driver"],"picked":"Beam Cell","floor":1},{"not_picked":["Double Energy","White Noise"],"picked":"Leap","floor":3},{"not_picked":["Streamline","Heatsinks"],"picked":"Steam","floor":6},{"not_picked":["Redo","Sunder"],"picked":"Darkness","floor":8},{"not_picked":["Cold Snap+1","Compile Driver+1","Tempest"],"picked":"SKIP","floor":10},{"not_picked":["Meteor Strike+1","Redo"],"picked":"BootSequence","floor":12},{"not_picked":["Hologram","Compile Driver+1"],"picked":"Leap","floor":13},{"not_picked":["Ball Lightning+1","Hologram"],"picked":"Redo","floor":14},{"not_picked":["Thunder Strike+1","Echo Form"],"picked":"All For One+1","floor":16},{"not_picked":[],"picked":"Reprogram","floor":18},{"not_picked":["Hologram"],"picked":"SKIP","floor":20},{"not_picked":["Cold Snap+1"],"picked":"SKIP","floor":22},{"not_picked":["Redo"],"picked":"SKIP","floor":24},{"not_picked":["Stack"],"picked":"SKIP","floor":27},{"not_picked":["Streamline+1"],"picked":"SKIP","floor":29}],"player_experience":106915,"relics_obtained":[{"floor":9,"key":"Molten Egg 2"},{"floor":12,"key":"Strawberry"},{"floor":24,"key":"Bottled Lightning"},{"floor":26,"key":"Mummified Hand"},{"floor":29,"key":"Lantern"}],"event_choices":[{"cards_removed":["Strike_B"],"damage_healed":0,"gold_gain":0,"player_choice":"Card Removal","damage_taken":7,"max_hp_gain":0,"max_hp_loss":0,"event_name":"Golden Wing","floor":2,"gold_loss":0},{"damage_healed":0,"gold_gain":0,"player_choice":"Donut","damage_taken":0,"max_hp_gain":5,"max_hp_loss":0,"event_name":"Big Fish","floor":4,"gold_loss":0},{"cards_removed":["Beam Cell"],"damage_healed":5,"gold_gain":0,"player_choice":"Offered Common","damage_taken":0,"max_hp_gain":0,"max_hp_loss":0,"event_name":"Bonfire Elementals","floor":5,"gold_loss":0},{"cards_removed":["Beam Cell"],"damage_healed":5,"gold_gain":0,"player_choice":"Offered Special","damage_taken":0,"max_hp_gain":0,"max_hp_loss":0,"event_name":"Bonfire Elementals","floor":5,"gold_loss":0},{"damage_healed":0,"gold_gain":0,"player_choice":"Upgraded","damage_taken":0,"max_hp_gain":0,"max_hp_loss":0,"event_name":"Upgrade Shrine","floor":7,"gold_loss":0,"cards_upgraded":["Zap"]},{"damage_healed":0,"gold_gain":0,"player_choice":"Ignored","damage_taken":0,"max_hp_gain":0,"max_hp_loss":0,"event_name":"Shining Light","floor":11,"gold_loss":0},{"damage_healed":0,"gold_gain":0,"player_choice":"Became a vampire","damage_taken":0,"max_hp_gain":0,"max_hp_loss":27,"event_name":"Vampires","floor":21,"gold_loss":0,"cards_obtained":["Bite","Bite","Bite","Bite","Bite"]},{"damage_healed":38,"gold_gain":0,"player_choice":"Full Heal","damage_taken":0,"max_hp_gain":0,"max_hp_loss":0,"event_name":"Wheel of Change","floor":25,"gold_loss":0},{"damage_healed":0,"gold_gain":100,"player_choice":"Pray","damage_taken":0,"max_hp_gain":0,"max_hp_loss":0,"event_name":"Golden Shrine","floor":31,"gold_loss":0}],"is_beta":false,"boss_relics":[{"not_picked":["Eternal Feather","Empty Cage"],"picked":"Busted Crown"}],"items_purged_floors":[],"is_endless":false,"potions_floor_spawned":[3,8,12,13,14,22,29],"killed_by":"Automaton","ascension_level":0}