{"gold_per_floor":[116,126,59,59,59,59,59,59,59,77,90,90,142,65,65,186,186,200,221,110,160,184,184,197,97,97,117,131,146,71,71,71,167,167,187,187,204,216,147,147,147,167,191,191,202,133,144,172,172,172],"floor_reached":51,"playtime":2378,"items_purged":["Doubt","Injury"],"score":794,"play_id":"2040df53-41ec-46fc-b141-034906d9d95d","local_time":"20181115234631","daily_mods":["SealedDeck"],"is_ascension_mode":false,"campfire_choices":[{"data":"Double Energy","floor":6,"key":"SMITH"},{"data":"Self Repair","floor":8,"key":"SMITH"},{"data":"Capacitor","floor":15,"key":"SMITH"},{"data":"Rainbow","floor":23,"key":"SMITH"},{"data":"1","floor":32,"key":"LIFT"},{"data":"2","floor":40,"key":"LIFT"},{"data":"3","floor":44,"key":"LIFT"},{"data":"Barrage","floor":49,"key":"SMITH"}],"neow_cost":"","seed_source_timestamp":7748646882417,"circlet_count":0,"master_deck":["Cold Snap","Cold Snap","Turbo","Barrage+1","Leap","Leap","Double Energy+1","Glacier","Defragment+1","Conserve Battery","Glacier","Self Repair+1","Self Repair","Capacitor+1","Rainbow+1","Core Surge","Conserve Battery+1","Self Repair","Conserve Battery+1","Consume+1","White Noise","Biased Cognition","Double Energy+1","Capacitor","Madness","Madness","Capacitor"],"relics":["Cracked Core","Bloody Idol","Darkstone Periapt","Blood Vial","Calling Bell","Strawberry","Meat on the Bone","Girya","Ancient Tea Set","Runic Dome","Orichalcum","Question Card"],"potions_floor_usage":[50],"damage_taken":[{"damage":0,"enemies":"Cultist","floor":1,"turns":3},{"damage":0,"enemies":"Jaw Worm","floor":2,"turns":2},{"damage":0,"enemies":"Small Slimes","floor":10,"turns":3},{"damage":6,"enemies":"Gremlin Gang","floor":11,"turns":7},{"damage":18,"enemies":"Slime Boss","floor":16,"turns":11},{"damage":4,"enemies":"Chosen","floor":18,"turns":7},{"damage":12,"enemies":"Spheric Guardian","floor":19,"turns":6},{"damage":10,"enemies":"Snake Plant","floor":22,"turns":8},{"damage":2,"enemies":"Centurion and Healer","floor":24,"turns":13},{"damage":0,"enemies":"3 Cultists","floor":27,"turns":6},{"damage":12,"enemies":"Snake Plant","floor":28,"turns":7},{"damage":5,"enemies":"Sentry and Sphere","floor":29,"turns":6},{"damage":0,"enemies":"Automaton","floor":33,"turns":14},{"damage":7,"enemies":"Orb Walker","floor":35,"turns":4},{"damage":7,"enemies":"3 Shapes","floor":37,"turns":4},{"damage":0,"enemies":"3 Darklings","floor":38,"turns":6},{"damage":31,"enemies":"Jaw Worm Horde","floor":42,"turns":8},{"damage":19,"enemies":"Spire Growth","floor":45,"turns":7},{"damage":33,"enemies":"3 Darklings","floor":47,"turns":8},{"damage":30,"enemies":"Nemesis","floor":48,"turns":9},{"damage":1,"enemies":"Donu and Deca","floor":50,"turns":11}],"seed_played":"-4995393468305999169","potions_obtained":[{"floor":11,"key":"Fire Potion"},{"floor":16,"key":"FearPotion"},{"floor":22,"key":"Energy Potion"},{"floor":33,"key":"PowerPotion"},{"floor":47,"key":"Swift Potion"}],"is_trial":true,"path_per_floor":["M","M","$","?","?","R","$","R","T","M","M","?","T","$","R","B",null,"M","M","$","?","M","R","M","$","T","M","M","M","?","?","R","B",null,"M","?","M","M","$","R","?","M","T","R","M","$","M","E","R","B",null],"character_chosen":"DEFECT","items_purchased":["Self Repair","Capacitor","Self Repair","Capacitor","Capacitor"],"campfire_rested":0,"item_purchase_floors":[3,14,20,39,46],"current_hp_per_floor":[75,75,75,57,57,57,57,57,57,67,75,75,75,75,75,74,100,100,100,100,100,100,100,100,100,100,100,100,100,100,100,100,100,100,98,98,100,100,100,100,87,87,92,92,97,97,88,89,89,100],"gold":172,"neow_bonus":"","is_prod":false,"is_daily":false,"chose_seed":false,"campfire_upgraded":5,"win_rate":0,"timestamp":1542293191,"path_taken":["M","?","?","?","?","R","$","R","T","?","M","?","?","?","R","BOSS","M","M","$","?","M","R","M","$","T","M","M","?","?","?","R","BOSS","M","?","M","M","$","R","?","M","T","R","M","?","M","E","R","BOSS"],"build_version":"2018-11-08","purchased_purges":2,"victory":true,"max_hp_per_floor":[75,75,75,75,75,75,75,75,75,75,75,75,75,75,75,75,100,100,100,100,100,100,100,100,100,100,100,100,100,100,100,100,100,100,100,100,100,100,100,100,100,100,100,100,100,100,100,100,100,100],"card_choices":[{"not_picked":["Barrage","Static Discharge"],"picked":"Conserve Battery","floor":1},{"not_picked":["Gash","Hologram"],"picked":"Glacier","floor":2},{"not_picked":["Streamline","Leap"],"picked":"Self Repair","floor":10},{"not_picked":["Leap","Barrage","Gash"],"picked":"SKIP","floor":11},{"not_picked":["Thunder Strike","Buffer"],"picked":"Rainbow","floor":16},{"not_picked":["Streamline+1","Scrape+1"],"picked":"Core Surge","floor":18},{"not_picked":["FTL","Streamline+1"],"picked":"Conserve Battery+1","floor":19},{"not_picked":["Coolheaded+1","Aggregate"],"picked":"Conserve Battery+1","floor":22},{"not_picked":["Reprogram+1","Redo"],"picked":"Consume+1","floor":24},{"not_picked":["Streamline+1","Turbo","Aggregate"],"picked":"SKIP","floor":27},{"not_picked":["BootSequence","Rip and Tear+1","Chaos+1"],"picked":"SKIP","floor":28},{"not_picked":["Steam","Ball Lightning"],"picked":"White Noise","floor":29},{"not_picked":["Electrodynamics","Meteor Strike"],"picked":"Biased Cognition","floor":33},{"not_picked":["Go for the Eyes+1","Melter+1"],"picked":"Double Energy+1","floor":35},{"not_picked":["Chaos","Tempest","BootSequence"],"picked":"SKIP","floor":37},{"not_picked":["Stack+1","Static Discharge","Rebound"],"picked":"SKIP","floor":38},{"not_picked":["Beam Cell+1","Scrape","Tempest+1"],"picked":"SKIP","floor":42},{"not_picked":["Sweeping Beam+1","Turbo+1","Ball Lightning+1"],"picked":"SKIP","floor":45},{"not_picked":["Reinforced Body+1","Beam Cell+1","Rebound+1"],"picked":"SKIP","floor":47},{"not_picked":["Go for the Eyes+1","Redo+1","Auto Shields"],"picked":"SKIP","floor":48}],"player_experience":568775,"relics_obtained":[{"floor":9,"key":"Darkstone Periapt"},{"floor":13,"key":"Blood Vial"},{"floor":17,"key":"Strawberry"},{"floor":17,"key":"Meat on the Bone"},{"floor":17,"key":"Girya"},{"floor":26,"key":"Ancient Tea Set"},{"floor":43,"key":"Orichalcum"},{"floor":48,"key":"Question Card"}],"event_choices":[{"damage_healed":0,"gold_gain":0,"player_choice":"Take Damage","damage_taken":18,"relics_obtained":["Golden Idol"],"max_hp_gain":0,"max_hp_loss":0,"event_name":"Golden Idol","floor":4,"gold_loss":0},{"damage_healed":0,"gold_gain":0,"player_choice":"Forge","damage_taken":0,"max_hp_gain":0,"max_hp_loss":0,"event_name":"Accursed Blacksmith","floor":5,"gold_loss":0,"cards_upgraded":["Defragment"]},{"damage_healed":0,"gold_gain":0,"player_choice":"Ignored","damage_taken":0,"max_hp_gain":0,"max_hp_loss":0,"event_name":"Golden Wing","floor":12,"gold_loss":0},{"damage_healed":0,"gold_gain":100,"player_choice":"Bet on Murderer","damage_taken":0,"max_hp_gain":0,"max_hp_loss":0,"event_name":"The Joust","floor":21,"gold_loss":50},{"cards_removed":["Clumsy"],"damage_healed":0,"gold_gain":0,"player_choice":"Gave Gold","damage_taken":0,"max_hp_gain":0,"max_hp_loss":0,"event_name":"Beggar","floor":30,"gold_loss":75},{"damage_healed":0,"gold_gain":0,"player_choice":"Gave Idol","damage_taken":0,"relics_obtained":["Bloody Idol"],"max_hp_gain":0,"max_hp_loss":0,"event_name":"Forgotten Altar","floor":31,"relics_lost":["Golden Idol"],"gold_loss":0},{"cards_removed":["Ball Lightning"],"damage_healed":0,"gold_gain":0,"player_choice":"Removed Attack","damage_taken":0,"max_hp_gain":0,"max_hp_loss":0,"event_name":"Falling","floor":36,"gold_loss":0},{"damage_healed":0,"gold_gain":0,"player_choice":"Embrace Madness","damage_taken":13,"max_hp_gain":0,"max_hp_loss":0,"event_name":"Winding Halls","floor":41,"gold_loss":0,"cards_obtained":["Madness","Madness"]}],"is_beta":false,"boss_relics":[{"not_picked":["Coffee Dripper","Nuclear Battery"],"picked":"Calling Bell"},{"not_picked":["Empty Cage","Eternal Feather"],"picked":"Runic Dome"}],"items_purged_floors":[20,25],"is_endless":false,"potions_floor_spawned":[11,16,22,24,29,33,45,47,48],"ascension_level":0}