{"gold_per_floor":[115,129,129,146,50,50,81,81,127,158,175,207,223,233,233,305,305,320,333,344,44,61,88,88,123,123,123,123,158,170,186,186,264,264,283,334,349,349,349,371,383,408,420,432,123,123,155,9,9,9,9,9,9,9,40,40],"floor_reached":57,"playtime":5151,"items_purged":["Strike_R","Doubt"],"score":2799,"play_id":"cd1d3585-e607-4055-b93c-25f1f2e8645e","local_time":"20190209204215","is_ascension_mode":true,"campfire_choices":[{"data":"Immolate","floor":6.0,"key":"SMITH"},{"data":"Fiend Fire","floor":8.0,"key":"SMITH"},{"data":"Uppercut","floor":15.0,"key":"SMITH"},{"data":"True Grit","floor":24.0,"key":"SMITH"},{"data":"Juggernaut","floor":27.0,"key":"SMITH"},{"floor":32.0,"key":"REST"},{"data":"True Grit","floor":41.0,"key":"SMITH"},{"floor":44.0,"key":"RECALL"},{"data":"Feel No Pain","floor":46.0,"key":"SMITH"},{"data":"Burning Pact","floor":49.0,"key":"SMITH"},{"data":"Exhume","floor":53.0,"key":"SMITH"}],"neow_cost":"NONE","seed_source_timestamp":0,"circlet_count":0,"master_deck":["AscendersBane","Strike_R","Strike_R","Strike_R","Defend_R","Defend_R","Defend_R","Defend_R","Bash","Immolate+1","Clothesline","Shrug It Off","Metallicize","Fiend Fire+1","Feel No Pain+1","Body Slam","Uppercut+1","Metallicize","Juggernaut+1","Burning Pact+1","Power Through","True Grit+1","Offering","Power Through","Seeing Red","Warcry+1","Impervious","Body Slam","Feel No Pain+1","True Grit+1","Exhume+1","Power Through+1","Second Wind","Havoc","Dark Embrace"],"special_seed":0,"relics":["Burning Blood","Dream Catcher","Centennial Puzzle","Lantern","Bag of Preparation","Cursed Key","Happy Flower","Blood Vial","Letter Opener","Potion Belt","Pear","Coffee Dripper","Charon\u0027s Ashes","MawBank","Ornamental Fan","Anchor"],"potions_floor_usage":[],"damage_taken":[{"damage":1.0,"enemies":"Small Slimes","floor":1.0,"turns":2.0},{"damage":3.0,"enemies":"2 Louse","floor":2.0,"turns":2.0},{"damage":4.0,"enemies":"Cultist","floor":4.0,"turns":4.0},{"damage":6.0,"enemies":"3 Sentries","floor":7.0,"turns":6.0},{"damage":0.0,"enemies":"Lagavulin","floor":10.0,"turns":3.0},{"damage":1.0,"enemies":"Looter","floor":11.0,"turns":2.0},{"damage":20.0,"enemies":"Gremlin Nob","floor":12.0,"turns":4.0},{"damage":0.0,"enemies":"Exordium Wildlife","floor":13.0,"turns":1.0},{"damage":1.0,"enemies":"Large Slime","floor":14.0,"turns":2.0},{"damage":43.0,"enemies":"Hexaghost","floor":16.0,"turns":9.0},{"damage":0.0,"enemies":"Chosen","floor":18.0,"turns":2.0},{"damage":3.0,"enemies":"Shell Parasite","floor":19.0,"turns":5.0},{"damage":15.0,"enemies":"Snake Plant","floor":20.0,"turns":3.0},{"damage":0.0,"enemies":"Cultist and Chosen","floor":22.0,"turns":3.0},{"damage":10.0,"enemies":"Book of Stabbing","floor":23.0,"turns":3.0},{"damage":20.0,"enemies":"Gremlin Leader","floor":25.0,"turns":2.0},{"damage":18.0,"enemies":"Slavers","floor":29.0,"turns":5.0},{"damage":9.0,"enemies":"Centurion and Healer","floor":30.0,"turns":3.0},{"damage":6.0,"enemies":"Snake Plant","floor":31.0,"turns":2.0},{"damage":35.0,"enemies":"Collector","floor":33.0,"turns":8.0},{"damage":3.0,"enemies":"3 Shapes","floor":35.0,"turns":3.0},{"damage":6.0,"enemies":"2 Orb Walkers","floor":36.0,"turns":4.0},{"damage":1.0,"enemies":"3 Darklings","floor":37.0,"turns":2.0},{"damage":6.0,"enemies":"Writhing Mass","floor":40.0,"turns":2.0},{"damage":3.0,"enemies":"4 Shapes","floor":42.0,"turns":3.0},{"damage":6.0,"enemies":"Giant Head","floor":47.0,"turns":5.0},{"damage":41.0,"enemies":"Time Eater","floor":50.0,"turns":9.0},{"damage":34.0,"enemies":"Awakened One","floor":51.0,"turns":12.0},{"damage":8.0,"enemies":"Shield and Spear","floor":55.0,"turns":6.0},{"damage":14,"enemies":"The Heart","floor":56,"turns":7}],"seed_played":"2584289480588126216","potions_obtained":[{"floor":4.0,"key":"SkillPotion"},{"floor":7.0,"key":"Swift Potion"},{"floor":13.0,"key":"SneckoOil"},{"floor":14.0,"key":"Regen Potion"},{"floor":18.0,"key":"SkillPotion"},{"floor":20.0,"key":"Block Potion"},{"floor":22.0,"key":"PowerPotion"},{"floor":29.0,"key":"Block Potion"},{"floor":31.0,"key":"PowerPotion"},{"floor":35.0,"key":"BloodPotion"},{"floor":36.0,"key":"FearPotion"},{"floor":47.0,"key":"Swift Potion"}],"is_trial":false,"path_per_floor":["M","M","?","M","$","R","E","R","T","E","M","E","M","M","R","B",null,"M","M","M","$","M","E","R","E","T","R","?","E","M","M","R","B",null,"M","?","M","?","?","M","R","M","T","R","$","R","E","$","R","B","B",null,"R","$","E","B",null],"character_chosen":"IRONCLAD","items_purchased":["Metallicize","Energy Potion","Happy Flower","True Grit","Block Potion","Exhume","Second Wind","Havoc"],"campfire_rested":1,"item_purchase_floors":[5,5,21,21,45,45,48,48],"current_hp_per_floor":[73,75,68,70,70,70,70,70,70,75,75,61,67,72,72,48,68,74,75,66,66,72,68,68,56,56,56,56,56,55,57,82,55,78,83,85,85,85,85,85,85,85,85,85,85,85,85,85,85,50,24,70,70,70,70,64],"gold":40,"neow_bonus":"ONE_RANDOM_RARE_CARD","is_prod":false,"is_daily":false,"chose_seed":false,"campfire_upgraded":9,"win_rate":0,"timestamp":1549762935,"path_taken":["M","M","?","M","$","R","E","R","T","E","M","E","M","M","R","BOSS","M","M","M","$","M","E","R","E","T","R","?","E","?","M","R","BOSS","M","?","M","?","?","M","R","M","T","R","$","R","E","$","R","BOSS","BOSS","R","$","E","BOSS"],"build_version":"2019-01-23","purchased_purges":2,"victory":true,"max_hp_per_floor":[75,75,75,75,75,75,75,75,75,75,75,75,75,75,75,75,75,75,75,75,75,75,75,75,75,75,75,75,85,85,85,85,85,85,85,85,85,85,85,85,85,85,85,85,85,85,85,85,85,85,85,85,85,85,85,85],"card_choices":[{"not_picked":["Headbutt","Inflame"],"picked":"Clothesline","floor":1.0},{"not_picked":["Clash","Thunderclap"],"picked":"Shrug It Off","floor":2.0},{"not_picked":["Wild Strike","Heavy Blade"],"picked":"Pommel Strike","floor":4.0},{"not_picked":["Sword Boomerang","Body Slam"],"picked":"Fiend Fire","floor":7.0},{"not_picked":["Limit Break","Body Slam"],"picked":"Feel No Pain","floor":10.0},{"not_picked":["Twin Strike","Thunderclap"],"picked":"Body Slam","floor":11.0},{"not_picked":["Carnage","Pommel Strike","Dual Wield"],"picked":"SKIP","floor":12.0},{"not_picked":["Thunderclap","Reckless Charge"],"picked":"Uppercut","floor":13.0},{"not_picked":["Sword Boomerang","Pummel"],"picked":"Metallicize","floor":14.0},{"not_picked":["Limit Break","Bludgeon"],"picked":"Juggernaut","floor":16.0},{"not_picked":["Body Slam+1","Thunderclap"],"picked":"Burning Pact","floor":18.0},{"not_picked":["Fire Breathing+1","Whirlwind","Flex"],"picked":"SKIP","floor":19.0},{"not_picked":["Thunderclap","Havoc"],"picked":"Power Through","floor":20.0},{"not_picked":["True Grit","Warcry","Dropkick+1"],"picked":"SKIP","floor":22.0},{"not_picked":["Anger","Blood for Blood"],"picked":"Offering","floor":23.0},{"not_picked":["Twin Strike+1","Searing Blow","Sword Boomerang+1"],"picked":"SKIP","floor":25.0},{"not_picked":["Flex+1","Body Slam","Cleave"],"picked":"SKIP","floor":29.0},{"not_picked":["Warcry","Flame Barrier"],"picked":"Power Through","floor":30.0},{"not_picked":["Body Slam","Shockwave"],"picked":"Seeing Red","floor":31.0},{"not_picked":["Twin Strike+1","Dual Wield+1"],"picked":"Warcry+1","floor":32.0},{"not_picked":["Immolate","Bludgeon"],"picked":"Impervious","floor":33.0},{"not_picked":["Headbutt+1","Shockwave"],"picked":"Body Slam","floor":35.0},{"not_picked":["Thunderclap","Armaments"],"picked":"Feel No Pain+1","floor":36.0},{"not_picked":["Thunderclap+1","Anger"],"picked":"True Grit","floor":37.0},{"not_picked":["Sentinel","Anger","Reckless Charge"],"picked":"SKIP","floor":40.0},{"not_picked":["Hemokinesis","Clothesline","Thunderclap+1"],"picked":"SKIP","floor":42.0},{"not_picked":["Havoc","Armaments"],"picked":"Power Through+1","floor":47.0},{"not_picked":["Barricade","Spot Weakness"],"picked":"Dark Embrace","floor":55.0}],"player_experience":551214,"relics_obtained":[{"floor":7.0,"key":"Dream Catcher"},{"floor":9.0,"key":"Centennial Puzzle"},{"floor":10.0,"key":"Lantern"},{"floor":12.0,"key":"Bag of Preparation"},{"floor":23.0,"key":"Blood Vial"},{"floor":25.0,"key":"Letter Opener"},{"floor":28.0,"key":"Potion Belt"},{"floor":29.0,"key":"Pear"},{"floor":36.0,"key":"Charon\u0027s Ashes"},{"floor":47.0,"key":"Ornamental Fan"},{"floor":55.0,"key":"Anchor"}],"event_choices":[{"cards_removed":["Strike_R"],"damage_healed":0.0,"max_hp_gain":0.0,"max_hp_loss":0.0,"gold_gain":0.0,"event_name":"Golden Wing","player_choice":"Card Removal","floor":3.0,"gold_loss":0.0,"damage_taken":7.0},{"damage_healed":0.0,"max_hp_gain":0.0,"max_hp_loss":0.0,"gold_gain":0.0,"event_name":"Wheel of Change","player_choice":"Relic","floor":28.0,"gold_loss":0.0,"damage_taken":0.0},{"damage_healed":0.0,"max_hp_gain":0.0,"max_hp_loss":0.0,"gold_gain":0.0,"event_name":"Mysterious Sphere","player_choice":"Fight","floor":36.0,"gold_loss":0.0,"damage_taken":0.0},{"damage_healed":0.0,"max_hp_gain":0.0,"max_hp_loss":0.0,"gold_gain":0.0,"event_name":"Tomb of Lord Red Mask","player_choice":"Ignored","floor":38.0,"gold_loss":0.0,"damage_taken":0.0},{"cards_removed":["Pommel Strike"],"damage_healed":0.0,"max_hp_gain":0.0,"max_hp_loss":0.0,"gold_gain":0.0,"event_name":"WeMeetAgain","player_choice":"Gave Card","floor":39.0,"gold_loss":0.0,"damage_taken":0.0,"relics_obtained":["MawBank"]}],"is_beta":false,"boss_relics":[{"not_picked":["Astrolabe","Fusion Hammer"],"picked":"Cursed Key"},{"not_picked":["Tiny House","Philosopher\u0027s Stone"],"picked":"Coffee Dripper"}],"items_purged_floors":[21,45],"is_endless":false,"potions_floor_spawned":[4,7,13,14,18,20,22,29,31,35,36,47],"ascension_level":20}