{"gold_per_floor":[116,127,145,100,117,117,137,151,151,151,151,76,76,76,76,181,181,199,99,198,198,180,180,197,209,289,289,320,320,339,359,359,458,458,476,489,364,364,376,376],"floor_reached":40,"playtime":1870,"items_purged":["Defend_G","Riddle With Holes","Blur"],"score":475,"play_id":"0d16ae36-6867-4137-a3fa-dce61143179c","local_time":"20190206004247","is_ascension_mode":false,"campfire_choices":[{"data":"Neutralize","floor":6,"key":"SMITH"},{"data":"Cloak And Dagger","floor":13,"key":"SMITH"},{"data":"Survivor","floor":15,"key":"SMITH"},{"data":"Well Laid Plans","floor":23,"key":"SMITH"},{"data":"Terror","floor":27,"key":"SMITH"},{"data":"Backflip","floor":29,"key":"SMITH"},{"data":"Infinite Blades","floor":32,"key":"SMITH"}],"neow_cost":"NONE","seed_source_timestamp":632923640733,"circlet_count":0,"master_deck":["Survivor+1","Cloak And Dagger+1","Grand Finale+1","Infinite Blades+1","Well Laid Plans+1","Leg Sweep","Unload+1","Terror+1","Backflip+1","Outmaneuver"],"relics":["Ring of the Snake","Ornamental Fan","Pandora\u0027s Box","Pantograph","Whetstone","Sozu"],"potions_floor_usage":[16,16,30],"damage_taken":[{"damage":1,"enemies":"Cultist","floor":1,"turns":4},{"damage":0,"enemies":"2 Louse","floor":2,"turns":3},{"damage":0,"enemies":"Small Slimes","floor":3,"turns":4},{"damage":0,"enemies":"Looter","floor":4,"turns":5},{"damage":0,"enemies":"3 Louse","floor":5,"turns":4},{"damage":0,"enemies":"Red Slaver","floor":7,"turns":4},{"damage":7,"enemies":"Looter","floor":8,"turns":4},{"damage":52,"enemies":"Slime Boss","floor":16,"turns":15},{"damage":4,"enemies":"Spheric Guardian","floor":18,"turns":5},{"damage":1,"enemies":"2 Thieves","floor":22,"turns":5},{"damage":0,"enemies":"3 Cultists","floor":24,"turns":3},{"damage":12,"enemies":"Centurion and Healer","floor":25,"turns":5},{"damage":0,"enemies":"Book of Stabbing","floor":28,"turns":5},{"damage":11,"enemies":"Snecko","floor":30,"turns":4},{"damage":0,"enemies":"Snake Plant","floor":31,"turns":3},{"damage":0,"enemies":"Automaton","floor":33,"turns":6},{"damage":0,"enemies":"Orb Walker","floor":35,"turns":3},{"damage":37,"enemies":"3 Shapes","floor":36,"turns":6},{"damage":15,"enemies":"Jaw Worm Horde","floor":39,"turns":3},{"damage":33,"enemies":"Nemesis","floor":40,"turns":3}],"seed_played":"-1248932799201347368","potions_obtained":[{"floor":2,"key":"PowerPotion"},{"floor":3,"key":"Weak Potion"},{"floor":8,"key":"Weak Potion"},{"floor":16,"key":"GhostInAJar"},{"floor":18,"key":"Energy Potion"},{"floor":28,"key":"Regen Potion"},{"floor":31,"key":"SpeedPotion"}],"is_trial":false,"path_per_floor":["M","M","M","M","M","R","M","M","T","?","?","$","R","$","R","B",null,"M","$","?","?","M","R","M","M","T","R","E","R","M","M","R","B",null,"M","M","$","?","M","E"],"character_chosen":"THE_SILENT","items_purchased":[],"campfire_rested":0,"item_purchase_floors":[],"current_hp_per_floor":[69,69,69,69,69,69,69,62,62,62,67,67,67,67,67,15,75,71,71,71,71,70,70,70,58,58,58,58,58,59,59,59,75,75,75,38,38,38,23,0],"gold":376,"neow_bonus":"TRANSFORM_CARD","is_prod":false,"is_daily":false,"chose_seed":false,"campfire_upgraded":7,"win_rate":0,"timestamp":1549431767,"path_taken":["M","M","M","?","M","R","M","M","T","?","?","$","R","$","R","BOSS","M","$","?","?","M","R","?","M","T","R","E","R","M","M","R","BOSS","M","M","$","?","M","E"],"build_version":"2019-01-23","purchased_purges":3,"victory":false,"max_hp_per_floor":[70,70,70,70,70,70,70,70,70,70,75,75,75,75,75,75,75,75,75,75,75,75,75,75,75,75,75,75,75,75,75,75,75,75,75,75,75,75,75,75],"card_choices":[{"not_picked":["Dagger Throw","Cloak And Dagger","Well Laid Plans"],"picked":"SKIP","floor":1},{"not_picked":["Prepared","Quick Slash","Footwork"],"picked":"SKIP","floor":2},{"not_picked":["Dagger Spray","Masterful Stab","PiercingWail"],"picked":"SKIP","floor":3},{"not_picked":["Dodge and Roll","Slice","Blade Dance"],"picked":"SKIP","floor":4},{"not_picked":["PiercingWail","Storm of Steel","Choke"],"picked":"SKIP","floor":5},{"not_picked":["Well Laid Plans","Infinite Blades","PiercingWail"],"picked":"SKIP","floor":7},{"not_picked":["Setup","Cloak And Dagger","Prepared"],"picked":"SKIP","floor":8},{"not_picked":["A Thousand Cuts","Storm of Steel"],"picked":"Grand Finale","floor":16},{"not_picked":["Backstab","Underhanded Strike"],"picked":"Backflip","floor":18},{"not_picked":["Poisoned Stab","Tactician","Flying Knee"],"picked":"SKIP","floor":22},{"not_picked":["Sucker Punch","Acrobatics","Backflip"],"picked":"SKIP","floor":24},{"not_picked":["Backstab","Eviscerate","Flechettes"],"picked":"SKIP","floor":25},{"not_picked":["Well Laid Plans","Night Terror","Infinite Blades"],"picked":"SKIP","floor":28},{"not_picked":["Cloak And Dagger","Sucker Punch","Noxious Fumes"],"picked":"SKIP","floor":30},{"not_picked":["Deflect+1","Leg Sweep","Dash"],"picked":"SKIP","floor":31},{"not_picked":["Flying Knee+1","Finisher+1"],"picked":"Outmaneuver","floor":35},{"not_picked":["Bane+1","Dodge and Roll","PiercingWail+1"],"picked":"SKIP","floor":36},{"not_picked":["Prepared+1","Tactician+1","Deflect"],"picked":"SKIP","floor":39}],"player_experience":459608,"relics_obtained":[{"floor":9,"key":"Ornamental Fan"},{"floor":26,"key":"Pantograph"},{"floor":28,"key":"Whetstone"}],"event_choices":[{"cards_removed":["Strike_G"],"damage_healed":0,"gold_gain":0,"player_choice":"Forget","damage_taken":0,"max_hp_gain":0,"max_hp_loss":0,"event_name":"Living Wall","floor":10,"gold_loss":0},{"damage_healed":0,"gold_gain":0,"player_choice":"Donut","damage_taken":0,"max_hp_gain":5,"max_hp_loss":0,"event_name":"Big Fish","floor":11,"gold_loss":0},{"damage_healed":0,"gold_gain":99,"player_choice":"Stole From Cult","damage_taken":0,"max_hp_gain":0,"max_hp_loss":0,"event_name":"Nest","floor":20,"gold_loss":0},{"damage_healed":0,"gold_gain":0,"cards_transformed":["Underhanded Strike"],"player_choice":"Transformed","damage_taken":0,"max_hp_gain":0,"max_hp_loss":0,"event_name":"Transmorgrifier","floor":21,"gold_loss":0,"cards_obtained":["Blur"]},{"cards_removed":["Neutralize"],"damage_healed":0,"gold_gain":0,"player_choice":"Removed Attack","damage_taken":0,"max_hp_gain":0,"max_hp_loss":0,"event_name":"Falling","floor":38,"gold_loss":0}],"is_beta":false,"boss_relics":[{"not_picked":["Astrolabe","HoveringKite"],"picked":"Pandora\u0027s Box"},{"not_picked":["Coffee Dripper","Runic Dome"],"picked":"Sozu"}],"items_purged_floors":[12,19,37],"is_endless":false,"potions_floor_spawned":[2,3,8,16,18,25,28,31,39],"killed_by":"Nemesis","ascension_level":0}