{"gold_per_floor":[117,292,302,302,317,317,345,345,345,371,382,393,393],"floor_reached":13,"playtime":690,"items_purged":[],"score":119,"play_id":"c00a85cc-f3d0-4f9f-98e4-f3bf058e7ea8","local_time":"20190122195339","is_ascension_mode":true,"campfire_choices":[{"data":"Zap","floor":6,"key":"SMITH"},{"floor":8,"key":"REST"}],"neow_cost":"NONE","seed_source_timestamp":1203216535995598,"circlet_count":0,"master_deck":["Strike_B","Strike_B","Strike_B","Strike_B","Defend_B","Defend_B","Defend_B","Defend_B","Zap+1","Dualcast","Loop+1","Doubt","Barrage","Sweeping Beam","Glacier","Coolheaded","Compile Driver"],"relics":["Cracked Core","Question Card","Blue Candle","Bottled Lightning"],"potions_floor_usage":[7,13,13],"damage_taken":[{"damage":9,"enemies":"Jaw Worm","floor":1,"turns":3},{"damage":11,"enemies":"Small Slimes","floor":3,"turns":4},{"damage":3,"enemies":"2 Louse","floor":5,"turns":3},{"damage":40,"enemies":"3 Sentries","floor":7,"turns":6},{"damage":37,"enemies":"Gremlin Nob","floor":10,"turns":4},{"damage":1,"enemies":"Large Slime","floor":11,"turns":5},{"damage":0,"enemies":"Looter","floor":12,"turns":4},{"damage":11,"enemies":"Lagavulin","floor":13,"turns":2}],"seed_played":"3362559258532133708","potions_obtained":[{"floor":1,"key":"LiquidBronze"},{"floor":10,"key":"AttackPotion"},{"floor":12,"key":"LiquidBronze"}],"is_trial":false,"path_per_floor":["M","?","M","?","M","R","E","R","T","E","M","M","E"],"character_chosen":"DEFECT","items_purchased":[],"campfire_rested":1,"item_purchase_floors":[],"current_hp_per_floor":[73,73,62,62,59,59,19,43,43,6,5,5,0],"gold":393,"neow_bonus":"TEN_PERCENT_HP_BONUS","is_prod":false,"is_daily":false,"chose_seed":false,"campfire_upgraded":1,"win_rate":0,"timestamp":1548204819,"path_taken":["M","?","M","?","M","R","E","R","T","E","?","M","E"],"build_version":"2019-01-17v2","purchased_purges":0,"victory":false,"max_hp_per_floor":[82,82,82,82,82,82,82,82,82,82,82,82,82],"card_choices":[{"not_picked":["Chaos","Hologram"],"picked":"Loop","floor":1},{"not_picked":["Streamline","Force Field"],"picked":"Barrage","floor":3},{"not_picked":["Reprogram","Gash","Multi-Cast"],"picked":"SKIP","floor":5},{"not_picked":["Streamline","Conserve Battery"],"picked":"Sweeping Beam","floor":7},{"not_picked":["Chaos","Beam Cell","Barrage"],"picked":"Glacier","floor":10},{"not_picked":["Sweeping Beam","Heatsinks","Beam Cell"],"picked":"Coolheaded","floor":11},{"not_picked":["Streamline","Melter","Rebound"],"picked":"Compile Driver","floor":12}],"player_experience":277396,"relics_obtained":[{"floor":7,"key":"Question Card"},{"floor":9,"key":"Blue Candle"},{"floor":10,"key":"Bottled Lightning"}],"event_choices":[{"damage_healed":0,"gold_gain":175,"player_choice":"AGREE","damage_taken":0,"max_hp_gain":0,"max_hp_loss":0,"event_name":"Liars Game","floor":2,"gold_loss":0,"cards_obtained":["Doubt"]},{"damage_healed":0,"gold_gain":0,"player_choice":"Grow","damage_taken":0,"max_hp_gain":0,"max_hp_loss":0,"event_name":"Living Wall","floor":4,"gold_loss":0,"cards_upgraded":["Loop"]}],"is_beta":false,"boss_relics":[],"items_purged_floors":[],"is_endless":false,"potions_floor_spawned":[1,10,12],"killed_by":"Lagavulin","ascension_level":5}