{"gold_per_floor":[114,114,114,39,54,69,99,114,139,189,189,219,249,264,264,364,364,379,379,13,28,43,73,88,103,153,168,198,198,198,213,213,313,313,328,343,93,93,93,93,108,123,123,153,168,168,198,223,223,223],"floor_reached":51,"playtime":4235,"items_purged":[],"score":1244,"play_id":"79a1f54c-02e2-4a9f-a1e9-1ccad9befbc0","local_time":"20190106172644","daily_mods":["Cursed Run","Hoarder","DeadlyEvents"],"is_ascension_mode":false,"campfire_choices":[{"data":"Go for the Eyes","floor":11.0,"key":"SMITH"},{"floor":15.0,"key":"REST"},{"floor":32.0,"key":"REST"},{"data":"Creative AI","floor":40.0,"key":"SMITH"},{"floor":46,"key":"REST"},{"data":"Buffer","floor":49,"key":"SMITH"}],"neow_cost":"","seed_source_timestamp":0,"circlet_count":0,"master_deck":["Strike_B","Strike_B","Strike_B","Defend_B","Defend_B","Defend_B","Defend_B","Zap","Dualcast","Aggregate","Aggregate","Aggregate","Compile Driver","Compile Driver","Compile Driver","Cold Snap","Cold Snap","Cold Snap","Seek","Seek","Seek","Go for the Eyes","Go for the Eyes+1","Go for the Eyes","Shame","Shame","Shame","Injury","Injury","Injury","Ball Lightning","Ball Lightning","Ball Lightning","Static Discharge","Static Discharge","Static Discharge","Defragment","Defragment","Defragment","Normality","Normality","Normality","Creative AI+1","Creative AI","Creative AI","Stack","Stack","Stack","Amplify","Amplify","Amplify","Coolheaded","Coolheaded","Coolheaded","Coolheaded","Coolheaded","Hologram","Hologram","Hologram","Ball Lightning","Ball Lightning","Ball Lightning","Sunder","Sunder","Sunder","Heatsinks","Heatsinks","Heatsinks","Consume","Consume","Consume","Tempest+1","Tempest+1","Tempest+1","Self Repair","Self Repair","Self Repair","Conserve Battery","Conserve Battery","Conserve Battery","Chaos+1","Chaos+1","Chaos+1","Shame","Shame","Shame","Compile Driver+1","Compile Driver+1","Compile Driver+1","Cold Snap","Cold Snap","Cold Snap","Injury","Injury","Injury","Buffer+1","Buffer","Buffer","Sweeping Beam+1","Sweeping Beam+1","Sweeping Beam+1","Force Field","Force Field","Force Field","Writhe","Writhe","Writhe","Compile Driver+1","Compile Driver+1","Compile Driver+1","Cold Snap+1","Cold Snap+1","Cold Snap+1","Shame","Shame","Shame","Lockon+1","Lockon+1","Lockon+1","Conserve Battery","Conserve Battery","Conserve Battery","Chill+1","Chill+1","Chill+1","Regret","Regret","Regret","Doubt","Doubt","Doubt"],"special_seed":17902,"relics":["Cursed Key","Darkstone Periapt","Du-Vu Doll","Strawberry","Vajra","Potion Belt","Calipers","Blue Candle","Orrery","Symbiotic Virus","DataDisk","Orichalcum","Blood Vial","Pantograph","Nuclear Battery","Bottled Lightning","Frozen Egg 2","Gremlin Horn","Kunai","Ancient Tea Set"],"potions_floor_usage":[50,50],"damage_taken":[{"damage":1.0,"enemies":"Jaw Worm","floor":1.0,"turns":4.0},{"damage":4.0,"enemies":"2 Louse","floor":5.0,"turns":4.0},{"damage":8.0,"enemies":"Small Slimes","floor":6.0,"turns":2.0},{"damage":7.0,"enemies":"3 Sentries","floor":7.0,"turns":6.0},{"damage":0.0,"enemies":"Looter","floor":8.0,"turns":3.0},{"damage":15.0,"enemies":"Gremlin Nob","floor":12.0,"turns":4.0},{"damage":0.0,"enemies":"Lagavulin","floor":13.0,"turns":2.0},{"damage":1.0,"enemies":"3 Louse","floor":14.0,"turns":2.0},{"damage":55.0,"enemies":"Hexaghost","floor":16.0,"turns":6.0},{"damage":6.0,"enemies":"Spheric Guardian","floor":18.0,"turns":6.0},{"damage":0.0,"enemies":"Chosen","floor":21.0,"turns":3.0},{"damage":8.0,"enemies":"3 Cultists","floor":22.0,"turns":5.0},{"damage":1.0,"enemies":"Slavers","floor":23.0,"turns":1.0},{"damage":15.0,"enemies":"Centurion and Healer","floor":24.0,"turns":3.0},{"damage":37.0,"enemies":"Cultist and Chosen","floor":25.0,"turns":4.0},{"damage":2.0,"enemies":"Sentry and Sphere","floor":27.0,"turns":5.0},{"damage":5.0,"enemies":"Gremlin Leader","floor":28.0,"turns":4.0},{"damage":13.0,"enemies":"Snake Plant","floor":31.0,"turns":2.0},{"damage":76.0,"enemies":"Automaton","floor":33.0,"turns":7.0},{"damage":1.0,"enemies":"Orb Walker","floor":35.0,"turns":2.0},{"damage":20.0,"enemies":"3 Darklings","floor":36.0,"turns":3.0},{"damage":50.0,"enemies":"Spire Growth","floor":41.0,"turns":7.0},{"damage":0.0,"enemies":"Writhing Mass","floor":42.0,"turns":1.0},{"damage":28.0,"enemies":"Reptomancer","floor":44.0,"turns":5.0},{"damage":9,"enemies":"3 Darklings","floor":45,"turns":3},{"damage":0,"enemies":"Nemesis","floor":47,"turns":1},{"damage":6,"enemies":"Donu and Deca","floor":50,"turns":6}],"seed_played":"7362796189856692124","potions_obtained":[{"floor":1.0,"key":"Fire Potion"},{"floor":5.0,"key":"Fire Potion"},{"floor":8.0,"key":"FearPotion"},{"floor":18.0,"key":"Regen Potion"},{"floor":23.0,"key":"Regen Potion"},{"floor":31.0,"key":"SkillPotion"},{"floor":33.0,"key":"SpeedPotion"},{"floor":35.0,"key":"EntropicBrew"},{"floor":41.0,"key":"Energy Potion"},{"floor":45,"key":"Block Potion"},{"floor":47,"key":"FocusPotion"}],"is_trial":false,"path_per_floor":["M","?","?","$","M","M","E","M","T","T","R","E","E","M","R","B",null,"M","?","$","M","M","E","M","M","T","M","E","$","?","M","R","B",null,"M","M","$","?","?","R","M","M","T","E","M","R","E","T","R","B",null],"character_chosen":"DEFECT","items_purchased":["Aggregate","Symbiotic Virus","Heatsinks","Consume","Bottled Lightning"],"campfire_rested":3,"item_purchase_floors":[4,20,20,20,37],"current_hp_per_floor":[74,79,72,72,68,60,60,60,66,72,72,57,57,56,85,36,105,99,99,99,99,96,95,103,73,79,84,93,93,93,89,111,41,117,116,111,111,123,123,123,80,82,88,62,55,93,95,101,101,141],"gold":223,"neow_bonus":"","is_prod":false,"is_daily":true,"chose_seed":false,"campfire_upgraded":3,"win_rate":0,"timestamp":1546813604,"path_taken":["M","?","?","$","M","M","E","M","T","?","R","?","E","M","R","BOSS","M","?","$","M","M","E","M","M","T","M","E","$","?","M","R","BOSS","M","M","$","?","?","R","?","?","T","?","M","R","E","?","R","BOSS"],"build_version":"2019-01-03v4","purchased_purges":0,"victory":true,"max_hp_per_floor":[75,80,80,80,80,80,87,87,93,99,99,99,99,99,99,105,105,105,105,105,105,105,105,105,105,111,111,111,111,111,111,111,117,117,117,117,117,123,123,123,123,123,129,129,129,129,129,135,135,141],"card_choices":[{"not_picked":["Beam Cell","Gash","Rebound"],"picked":"SKIP","floor":1.0},{"not_picked":["Streamline","Melter"],"picked":"Compile Driver","floor":5.0},{"not_picked":["Turbo","Compile Driver"],"picked":"Cold Snap","floor":6.0},{"not_picked":["Turbo","Machine Learning"],"picked":"Seek","floor":7.0},{"not_picked":["Turbo","Cold Snap"],"picked":"Go for the Eyes","floor":8.0},{"not_picked":["FTL","Steam"],"picked":"Ball Lightning","floor":12.0},{"not_picked":["Hologram","Melter"],"picked":"Static Discharge","floor":13.0},{"not_picked":["Static Discharge","Beam Cell"],"picked":"Defragment","floor":14.0},{"not_picked":["Thunder Strike","Fission"],"picked":"Creative AI","floor":16.0},{"not_picked":["Gash","Ball Lightning"],"picked":"Stack","floor":17.0},{"not_picked":["Compile Driver","Ball Lightning"],"picked":"Amplify","floor":17.0},{"not_picked":["Sweeping Beam","Undo"],"picked":"Coolheaded","floor":17.0},{"not_picked":["Blizzard","Rebound"],"picked":"Coolheaded","floor":17.0},{"not_picked":["Rebound","Leap"],"picked":"Hologram","floor":17.0},{"not_picked":["Go for the Eyes","Melter"],"picked":"Ball Lightning","floor":18.0},{"not_picked":["Rip and Tear","Sweeping Beam","Consume"],"picked":"SKIP","floor":21.0},{"not_picked":["Streamline","Genetic Algorithm"],"picked":"Tempest+1","floor":22.0},{"not_picked":["Consume","Streamline"],"picked":"Self Repair","floor":23.0},{"not_picked":["Hologram","Gash"],"picked":"Conserve Battery","floor":24.0},{"not_picked":["Cold Snap","Barrage"],"picked":"Chaos+1","floor":25.0},{"not_picked":["Rainbow","Cold Snap"],"picked":"Compile Driver+1","floor":27.0},{"not_picked":["Go for the Eyes","Conserve Battery","Rebound"],"picked":"SKIP","floor":28.0},{"not_picked":["Sunder","Rip and Tear"],"picked":"Cold Snap","floor":31.0},{"not_picked":["Reboot","Seek"],"picked":"Buffer","floor":33.0},{"not_picked":["Beam Cell","Hello World"],"picked":"Sweeping Beam+1","floor":35.0},{"not_picked":["Streamline+1","Hologram"],"picked":"Force Field","floor":36.0},{"not_picked":["BootSequence+1","Hologram+1"],"picked":"Compile Driver+1","floor":41.0},{"not_picked":["Consume","Double Energy"],"picked":"Cold Snap+1","floor":42.0},{"not_picked":["Rebound","Undo+1"],"picked":"Lockon+1","floor":44},{"not_picked":["Auto Shields+1","Leap"],"picked":"Conserve Battery","floor":45},{"not_picked":["Streamline","Tempest"],"picked":"Chill+1","floor":47}],"player_experience":760402,"relics_obtained":[{"floor":7.0,"key":"Strawberry"},{"floor":9.0,"key":"Vajra"},{"floor":10.0,"key":"Potion Belt"},{"floor":12.0,"key":"Calipers"},{"floor":13.0,"key":"Blue Candle"},{"floor":23.0,"key":"DataDisk"},{"floor":26.0,"key":"Orichalcum"},{"floor":28.0,"key":"Blood Vial"},{"floor":43.0,"key":"Frozen Egg 2"},{"floor":44,"key":"Gremlin Horn"},{"floor":47,"key":"Kunai"},{"floor":48,"key":"Ancient Tea Set"}],"event_choices":[{"damage_healed":0.0,"max_hp_gain":5.0,"max_hp_loss":0.0,"gold_gain":0.0,"event_name":"Big Fish","player_choice":"Donut","floor":2.0,"gold_loss":0.0,"damage_taken":0.0},{"cards_removed":["Strike_B"],"damage_healed":0.0,"max_hp_gain":0.0,"max_hp_loss":0.0,"gold_gain":0.0,"event_name":"Golden Wing","player_choice":"Card Removal","floor":3.0,"gold_loss":0.0,"damage_taken":7.0},{"damage_healed":0.0,"max_hp_gain":0.0,"max_hp_loss":0.0,"gold_gain":0.0,"event_name":"The Library","player_choice":"Read","floor":19.0,"gold_loss":0.0,"damage_taken":0.0,"cards_obtained":["Sunder"]},{"damage_healed":0.0,"max_hp_gain":0.0,"max_hp_loss":0.0,"gold_gain":0.0,"event_name":"The Mausoleum","player_choice":"Opened","floor":30.0,"gold_loss":0.0,"damage_taken":0.0,"relics_obtained":["Pantograph"]},{"damage_healed":29.0,"max_hp_gain":0.0,"max_hp_loss":0.0,"gold_gain":0.0,"event_name":"Winding Halls","player_choice":"Writhe","floor":38.0,"gold_loss":0.0,"damage_taken":0.0,"cards_obtained":["Writhe"]},{"cards_removed":["Coolheaded"],"damage_healed":0.0,"max_hp_gain":0.0,"max_hp_loss":0.0,"gold_gain":0.0,"event_name":"Falling","player_choice":"Removed Skill","floor":39.0,"gold_loss":0.0,"damage_taken":0.0}],"is_beta":false,"boss_relics":[{"not_picked":["Velvet Choker","Coffee Dripper"],"picked":"Orrery"},{"not_picked":["Empty Cage","Astrolabe"],"picked":"Nuclear Battery"}],"items_purged_floors":[],"is_endless":false,"potions_floor_spawned":[1,5,8,18,23,31,33,35,41,45,47],"ascension_level":0}