{"gold_per_floor":[109,125,125,141,152,152,166,166,191,209,209,221,221,221,221,346,346,367,387,387,105,118,118,133,133],"floor_reached":25,"playtime":1044,"items_purged":["Writhe"],"score":197,"play_id":"1e0d6fd3-eebb-4c9a-bcc1-219dc618f192","local_time":"20181115002706","is_ascension_mode":false,"campfire_choices":[{"data":"Glacier","floor":6,"key":"SMITH"},{"data":"Zap","floor":8,"key":"SMITH"},{"floor":15,"key":"REST"},{"floor":23,"key":"REST"}],"neow_cost":"TEN_PERCENT_HP_LOSS","seed_source_timestamp":184303471919022,"circlet_count":0,"master_deck":["Strike_B","Strike_B","Strike_B","Defend_B","Defend_B","Defend_B","Defend_B","Zap+1","Dualcast","Echo Form","Ball Lightning","Glacier+1","Ball Lightning","Ball Lightning","Core Surge","Conserve Battery","Coolheaded+1"],"relics":["Cracked Core","GremlinMask","Juzu Bracelet","Golden Idol","Bottled Lightning","Cursed Key","Centennial Puzzle","ClockworkSouvenir"],"potions_floor_usage":[25,25],"damage_taken":[{"damage":1,"enemies":"Jaw Worm","floor":1,"turns":4},{"damage":1,"enemies":"Cultist","floor":2,"turns":3},{"damage":7,"enemies":"Small Slimes","floor":4,"turns":3},{"damage":4,"enemies":"Blue Slaver","floor":5,"turns":3},{"damage":10,"enemies":"Lots of Slimes","floor":7,"turns":4},{"damage":5,"enemies":"Looter","floor":10,"turns":3},{"damage":0,"enemies":"Red Slaver","floor":12,"turns":3},{"damage":10,"enemies":"The Guardian","floor":16,"turns":12},{"damage":30,"enemies":"3 Byrds","floor":18,"turns":4},{"damage":0,"enemies":"Shell Parasite","floor":19,"turns":4},{"damage":14,"enemies":"3 Cultists","floor":22,"turns":5},{"damage":11,"enemies":"Shelled Parasite and Fungi","floor":24,"turns":6},{"damage":34,"enemies":"Gremlin Leader","floor":25,"turns":6}],"seed_played":"-1286787996006218549","potions_obtained":[{"floor":4,"key":"Fire Potion"},{"floor":5,"key":"Weak Potion"},{"floor":16,"key":"Dexterity Potion"},{"floor":18,"key":"Block Potion"}],"is_trial":false,"path_per_floor":["M","M","?","M","M","R","M","R","T","M","?","M","?","T","R","B",null,"M","M","?","$","M","R","M","E"],"character_chosen":"DEFECT","items_purchased":["ClockworkSouvenir"],"campfire_rested":2,"item_purchase_floors":[21],"current_hp_per_floor":[67,66,66,59,55,55,45,45,45,40,33,33,16,16,36,26,68,38,38,38,38,24,44,33,0],"gold":133,"neow_bonus":"THREE_RARE_CARDS","is_prod":false,"is_daily":false,"chose_seed":false,"campfire_upgraded":2,"win_rate":0,"timestamp":1542209226,"path_taken":["M","M","?","M","M","R","?","R","T","M","?","M","?","?","R","BOSS","M","M","?","$","M","R","M","E"],"build_version":"2018-11-08","purchased_purges":1,"victory":false,"max_hp_per_floor":[68,68,68,68,68,68,68,68,68,68,68,68,68,68,68,68,68,68,68,68,68,68,68,68,68],"card_choices":[{"not_picked":["Electrodynamics","Biased Cognition"],"picked":"Echo Form","floor":0},{"not_picked":["Coolheaded","Steam Power"],"picked":"Ball Lightning","floor":1},{"not_picked":["Leap","Rebound","Recycle"],"picked":"SKIP","floor":2},{"not_picked":["Go for the Eyes","Beam Cell"],"picked":"Glacier","floor":4},{"not_picked":["Darkness","Scrape"],"picked":"Ball Lightning","floor":5},{"not_picked":["Reboot","Turbo"],"picked":"Ball Lightning","floor":7},{"not_picked":["Steam","Reinforced Body","Recycle"],"picked":"SKIP","floor":10},{"not_picked":["Chaos","Doom and Gloom","Hologram"],"picked":"SKIP","floor":12},{"not_picked":["Reboot","Machine Learning"],"picked":"Core Surge","floor":16},{"not_picked":["Barrage","Gash","Lockon+1"],"picked":"SKIP","floor":18},{"not_picked":["White Noise+1","Loop"],"picked":"Conserve Battery","floor":19},{"not_picked":["Go for the Eyes+1","Rip and Tear"],"picked":"Coolheaded+1","floor":22},{"not_picked":["Compile Driver+1","Redo","Beam Cell"],"picked":"SKIP","floor":24}],"player_experience":561713,"relics_obtained":[{"floor":9,"key":"Juzu Bracelet"},{"floor":14,"key":"Bottled Lightning"}],"event_choices":[{"damage_healed":0,"gold_gain":0,"player_choice":"Trade","damage_taken":0,"relics_obtained":["GremlinMask"],"max_hp_gain":0,"max_hp_loss":0,"event_name":"FaceTrader","floor":3,"gold_loss":0},{"cards_removed":["Strike_B"],"damage_healed":0,"gold_gain":0,"player_choice":"Card Removal","damage_taken":7,"max_hp_gain":0,"max_hp_loss":0,"event_name":"Golden Wing","floor":11,"gold_loss":0},{"damage_healed":0,"gold_gain":0,"player_choice":"Take Damage","damage_taken":17,"relics_obtained":["Golden Idol"],"max_hp_gain":0,"max_hp_loss":0,"event_name":"Golden Idol","floor":13,"gold_loss":0},{"damage_healed":0,"gold_gain":0,"player_choice":"Opened","damage_taken":0,"relics_obtained":["Centennial Puzzle"],"max_hp_gain":0,"max_hp_loss":0,"event_name":"The Mausoleum","floor":20,"gold_loss":0,"cards_obtained":["Writhe"]}],"is_beta":false,"boss_relics":[{"not_picked":["Snecko Eye","Lizard Tail"],"picked":"Cursed Key"}],"items_purged_floors":[21],"is_endless":false,"potions_floor_spawned":[4,5,16,18,19,24],"killed_by":"Gremlin Leader","ascension_level":0}