{"gold_per_floor":[111,125,50,70,84,112,112,12,36,47,47,59,85,149,149,254,254,266,366,226,226,34,34,34,34,80,92,104,141,153,185,197,312,324,352,364,387,399,511,535,291,291,291,46,46,73,73,128,128,128],"floor_reached":51,"playtime":5281,"items_purged":["Eviscerate","Reflex"],"score":777,"play_id":"7525c348-cda6-42c9-8c48-8ae7a2f690f9","local_time":"20190209061720","is_ascension_mode":false,"campfire_choices":[{"floor":7,"key":"REST"},{"data":"A Thousand Cuts","floor":11,"key":"SMITH"},{"data":"Cloak And Dagger","floor":15,"key":"SMITH"},{"data":"Adrenaline","floor":23,"key":"SMITH"},{"data":"Neutralize","floor":27,"key":"SMITH"},{"data":"After Image","floor":30,"key":"SMITH"},{"data":"Bullet Time","floor":32,"key":"SMITH"},{"data":"Dark Shackles","floor":42,"key":"SMITH"},{"data":"Footwork","floor":47,"key":"SMITH"},{"floor":49,"key":"REST"}],"neow_cost":"NONE","seed_source_timestamp":1587396322271874,"circlet_count":0,"master_deck":["Survivor","Neutralize+1","Expertise","A Thousand Cuts+1","Quick Slash","Backstab","Finisher","Footwork+1","Corpse Explosion","Well Laid Plans","Outmaneuver","Cloak And Dagger+1","Backflip","Deflect","Adrenaline+1","Cloak And Dagger","Bullet Time+1","After Image+1","Blur","Dark Shackles+1","Footwork+1","Blade Dance+1","Accuracy+1"],"relics":["Pandora\u0027s Box","Juzu Bracelet","Bag of Preparation","Ancient Tea Set","Lizard Tail","Art of War","Strange Spoon","MutagenicStrength","MawBank","Mercury Hourglass","Happy Flower","Busted Crown","Tingsha","Bottled Tornado","Pear","Kunai","Bottled Flame","Calipers"],"potions_floor_usage":[13,13,33,33,50,50],"damage_taken":[{"damage":0,"enemies":"Cultist","floor":1,"turns":3},{"damage":0,"enemies":"Small Slimes","floor":2,"turns":2},{"damage":0,"enemies":"Jaw Worm","floor":4,"turns":4},{"damage":17,"enemies":"Exordium Thugs","floor":5,"turns":3},{"damage":21,"enemies":"3 Sentries","floor":6,"turns":3},{"damage":0,"enemies":"Blue Slaver","floor":10,"turns":3},{"damage":0,"enemies":"Looter","floor":12,"turns":2},{"damage":0,"enemies":"Gremlin Nob","floor":13,"turns":2},{"damage":7,"enemies":"Slime Boss","floor":16,"turns":6},{"damage":4,"enemies":"Spheric Guardian","floor":18,"turns":5},{"damage":0,"enemies":"Shell Parasite","floor":31,"turns":3},{"damage":17,"enemies":"Champ","floor":33,"turns":13},{"damage":0,"enemies":"3 Darklings","floor":35,"turns":2},{"damage":2,"enemies":"3 Shapes","floor":37,"turns":2},{"damage":0,"enemies":"Mind Bloom Boss Battle","floor":39,"turns":4},{"damage":24,"enemies":"Writhing Mass","floor":40,"turns":5},{"damage":0,"enemies":"Reptomancer","floor":46,"turns":4},{"damage":6,"enemies":"2 Orb Walkers","floor":48,"turns":3},{"damage":0,"enemies":"Donu and Deca","floor":50,"turns":5}],"seed_played":"8984911979419824213","potions_obtained":[{"floor":1,"key":"AttackPotion"},{"floor":2,"key":"Poison Potion"},{"floor":10,"key":"Energy Potion"},{"floor":16,"key":"Weak Potion"},{"floor":31,"key":"Energy Potion"},{"floor":39,"key":"LiquidBronze"},{"floor":48,"key":"GamblersBrew"}],"is_trial":false,"path_per_floor":["$","?","?","T","?","?","?","T","?","?","?","?"],"character_chosen":"THE_SILENT","items_purchased":["Bullet Time","Strange Spoon","Bottled Tornado","Kunai"],"campfire_rested":2,"item_purchase_floors":[20,22,41,44],"current_hp_per_floor":[70,70,70,70,53,32,53,53,53,53,53,53,53,53,53,46,70,66,66,66,66,66,66,66,66,66,66,66,66,66,66,66,49,70,70,70,68,68,68,44,44,44,54,54,54,54,54,48,72,72],"gold":128,"neow_bonus":"BOSS_RELIC","is_prod":false,"is_daily":false,"chose_seed":false,"campfire_upgraded":8,"win_rate":0.0,"timestamp":1549689440,"path_taken":["M","M","$","M","M","E","R","?","T","M","R","M","E","?","R","BOSS","M","?","$","?","$","R","?","?","T","R","?","?","R","M","R","BOSS","M","?","M","$","?","M","$","R","T","$","?","E","R","?","R","BOSS"],"build_version":"2019-01-23","purchased_purges":2,"victory":true,"max_hp_per_floor":[70,70,70,70,70,70,70,70,70,70,70,70,70,70,70,70,70,70,70,70,70,70,70,70,70,70,70,70,70,70,70,70,70,70,70,70,70,70,70,70,70,70,80,80,80,80,80,80,80,80],"card_choices":[{"not_picked":["Finisher","Endless Agony"],"picked":"Well Laid Plans","floor":1},{"not_picked":["Bane","Masterful Stab"],"picked":"Outmaneuver","floor":2},{"not_picked":["Poisoned Stab","Outmaneuver","Slice"],"picked":"SKIP","floor":4},{"not_picked":["Calculated Gamble","Sucker Punch"],"picked":"Cloak And Dagger","floor":5},{"not_picked":["PiercingWail","Leg Sweep"],"picked":"Backflip","floor":6},{"not_picked":["Caltrops","Prepared","Flying Knee"],"picked":"SKIP","floor":10},{"not_picked":["Bane","Catalyst","Dagger Throw"],"picked":"SKIP","floor":12},{"not_picked":["Dodge and Roll","Envenom"],"picked":"Deflect","floor":13},{"not_picked":["Corpse Explosion","Envenom"],"picked":"Adrenaline","floor":16},{"not_picked":["Sucker Punch","Prepared"],"picked":"Cloak And Dagger","floor":18},{"not_picked":["Cloak And Dagger","Dodge and Roll"],"picked":"Blur","floor":31},{"not_picked":["Reflex"],"picked":"SKIP","floor":35},{"not_picked":[],"picked":"Dark Shackles","floor":36},{"not_picked":["Calculated Gamble"],"picked":"SKIP","floor":37},{"not_picked":[],"picked":"Footwork+1","floor":39},{"not_picked":["Poisoned Stab+1"],"picked":"SKIP","floor":40},{"not_picked":[],"picked":"Blade Dance+1","floor":46},{"not_picked":[],"picked":"Accuracy+1","floor":48}],"player_experience":88557,"relics_obtained":[{"floor":6,"key":"Juzu Bracelet"},{"floor":9,"key":"Bag of Preparation"},{"floor":13,"key":"Ancient Tea Set"},{"floor":21,"key":"Art of War"},{"floor":26,"key":"MawBank"},{"floor":29,"key":"Happy Flower"},{"floor":39,"key":"Tingsha"},{"floor":43,"key":"Pear"},{"floor":46,"key":"Bottled Flame"},{"floor":48,"key":"Calipers"}],"event_choices":[{"damage_healed":0,"gold_gain":64,"player_choice":"Gained Gold","damage_taken":0,"max_hp_gain":0,"max_hp_loss":0,"event_name":"Golden Wing","floor":14,"gold_loss":0},{"damage_healed":0,"gold_gain":100,"player_choice":"Pray","damage_taken":0,"max_hp_gain":0,"max_hp_loss":0,"event_name":"Golden Shrine","floor":19,"gold_loss":0},{"damage_healed":0,"gold_gain":0,"cards_transformed":["Bane"],"player_choice":"Transformed","damage_taken":0,"max_hp_gain":0,"max_hp_loss":0,"event_name":"Transmorgrifier","floor":24,"gold_loss":0,"cards_obtained":["After Image"]},{"damage_healed":0,"gold_gain":0,"player_choice":"Inject Mutagens","damage_taken":0,"relics_obtained":["MutagenicStrength"],"max_hp_gain":0,"max_hp_loss":0,"event_name":"Drug Dealer","floor":25,"gold_loss":0},{"damage_healed":0,"gold_gain":0,"player_choice":"Opened","damage_taken":0,"relics_obtained":["Mercury Hourglass"],"max_hp_gain":0,"max_hp_loss":0,"event_name":"The Mausoleum","floor":28,"gold_loss":0},{"damage_healed":0,"gold_gain":0,"player_choice":"Memory 1","damage_taken":0,"max_hp_gain":0,"max_hp_loss":0,"event_name":"SensoryStone","floor":36,"gold_loss":0},{"damage_healed":0,"gold_gain":0,"player_choice":"Fight","damage_taken":0,"max_hp_gain":0,"max_hp_loss":0,"event_name":"MindBloom","floor":39,"gold_loss":0},{"damage_healed":0,"gold_gain":0,"player_choice":"Leave","damage_taken":0,"max_hp_gain":0,"max_hp_loss":0,"event_name":"FaceTrader","floor":45,"gold_loss":0},{"damage_healed":0,"gold_gain":0,"player_choice":"Fight","damage_taken":0,"max_hp_gain":0,"max_hp_loss":0,"event_name":"Mysterious Sphere","floor":48,"gold_loss":0}],"is_beta":false,"boss_relics":[{"not_picked":["Tiny House","Runic Dome"],"picked":"Lizard Tail"},{"not_picked":["Velvet Choker","Black Star"],"picked":"Busted Crown"}],"items_purged_floors":[3,8],"is_endless":false,"potions_floor_spawned":[1,2,10,16,31,39,48],"ascension_level":0}