{"gold_per_floor":[116,127,127,144,94,94,105,118,118,118,178,196,196,222,222,320,320,320,4,4,4,4,4,4,4,4,4,4,4,4,4,4,4,4,4,4,4,4,4,4,4,4,4,4,4,4,4,4,4,4,4,4,4,4,4],"floor_reached":55,"playtime":3710,"items_purged":["Strike_R"],"score":1134,"play_id":"59fb6ef0-b2fb-4f84-8d53-3653b792f886","local_time":"20190129174803","is_ascension_mode":true,"campfire_choices":[{"data":"Armaments","floor":6,"key":"SMITH"},{"data":"Shrug It Off","floor":10,"key":"SMITH"},{"data":"Inflame","floor":13,"key":"SMITH"},{"data":"Disarm","floor":15,"key":"SMITH"},{"data":"Demon Form","floor":23,"key":"SMITH"},{"floor":25,"key":"REST"},{"data":"Heavy Blade","floor":32,"key":"SMITH"},{"floor":45,"key":"RECALL"},{"data":"Heavy Blade","floor":49,"key":"SMITH"},{"data":"Metallicize","floor":52,"key":"SMITH"}],"neow_cost":"NONE","seed_source_timestamp":1798607029879126,"circlet_count":0,"master_deck":["Strike_R","Strike_R","Strike_R","Defend_R","Defend_R","Defend_R","Bash+1","Shrug It Off+1","Armaments+1","Inflame+1","Disarm+1","Clothesline","Warcry+1","Seeing Red+1","True Grit+1","Demon Form+1","Intimidate+1","Shockwave+1","Inflame+1","Sentinel+1","Heavy Blade+1","Evolve","Juggernaut","Cleave+1","Heavy Blade+1","Feel No Pain+1","Twin Strike+1","Limit Break+1","Heavy Blade+1","Metallicize+1"],"relics":["Burning Blood","Mercury Hourglass","Letter Opener","Toxic Egg 2","Bird Faced Urn","Ectoplasm","Mummified Hand","The Courier","Mango","Question Card","Blood Vial","Snecko Eye","Regal Pillow","Pear","Nunchaku","Boot"],"potions_floor_usage":[14,24,24,24,31,42,50,50,50],"damage_taken":[{"damage":8,"enemies":"2 Louse","floor":1,"turns":3},{"damage":0,"enemies":"Small Slimes","floor":2,"turns":3},{"damage":0,"enemies":"Cultist","floor":4,"turns":3},{"damage":0,"enemies":"Exordium Wildlife","floor":7,"turns":4},{"damage":12,"enemies":"Looter","floor":8,"turns":3},{"damage":17,"enemies":"3 Sentries","floor":11,"turns":6},{"damage":0,"enemies":"Large Slime","floor":12,"turns":4},{"damage":26,"enemies":"Gremlin Nob","floor":14,"turns":4},{"damage":20,"enemies":"Hexaghost","floor":16,"turns":11},{"damage":24,"enemies":"Chosen","floor":18,"turns":5},{"damage":22,"enemies":"Spheric Guardian","floor":21,"turns":4},{"damage":26,"enemies":"Slavers","floor":24,"turns":4},{"damage":5,"enemies":"Book of Stabbing","floor":27,"turns":6},{"damage":9,"enemies":"Snake Plant","floor":30,"turns":4},{"damage":0,"enemies":"Gremlin Leader","floor":31,"turns":4},{"damage":8,"enemies":"Champ","floor":33,"turns":10},{"damage":0,"enemies":"3 Shapes","floor":35,"turns":2},{"damage":13,"enemies":"3 Darklings","floor":36,"turns":4},{"damage":21,"enemies":"Jaw Worm Horde","floor":38,"turns":3},{"damage":0,"enemies":"Nemesis","floor":40,"turns":3},{"damage":6,"enemies":"Maw","floor":41,"turns":5},{"damage":0,"enemies":"Giant Head","floor":42,"turns":5},{"damage":8,"enemies":"4 Shapes","floor":44,"turns":3},{"damage":32,"enemies":"3 Darklings","floor":46,"turns":4},{"damage":28,"enemies":"Nemesis","floor":47,"turns":4},{"damage":1,"enemies":"Spire Growth","floor":48,"turns":3},{"damage":60,"enemies":"Time Eater","floor":50,"turns":7},{"damage":87,"enemies":"Shield and Spear","floor":54,"turns":4},{"damage":65,"enemies":"The Heart","floor":55,"turns":2}],"seed_played":"2858026554377717741","potions_obtained":[{"floor":2,"key":"SkillPotion"},{"floor":4,"key":"SpeedPotion"},{"floor":12,"key":"Poison Potion"},{"floor":16,"key":"AttackPotion"},{"floor":18,"key":"Swift Potion"},{"floor":30,"key":"EssenceOfSteel"},{"floor":31,"key":"Weak Potion"},{"floor":35,"key":"EssenceOfSteel"},{"floor":40,"key":"Explosive Potion"},{"floor":42,"key":"EssenceOfSteel"}],"is_trial":false,"path_per_floor":["M","M","?","M","?","R","M","M","T","R","?","M","R","E","R","B",null,"M","$","?","M","?","R","E","R","T","E","?","?","M","E","R","B",null,"M","M","$","M","?","E","M","E","T","M","R","M","E","M","R","B",null,"R","$","E","B"],"character_chosen":"IRONCLAD","items_purchased":["Mummified Hand"],"campfire_rested":1,"item_purchase_floors":[19],"current_hp_per_floor":[86,88,85,88,88,88,88,82,82,82,71,77,77,57,57,45,77,63,63,63,51,51,51,35,61,75,82,61,61,64,76,76,84,101,107,106,106,100,100,107,107,117,117,115,115,93,85,104,104,66,104,104,104,39,0],"gold":4,"neow_bonus":"TEN_PERCENT_HP_BONUS","is_prod":false,"is_daily":false,"chose_seed":false,"campfire_upgraded":8,"win_rate":0,"timestamp":1548802083,"path_taken":["M","M","?","M","?","R","M","M","T","R","?","M","R","E","R","BOSS","M","$","?","?","?","R","E","R","T","E","?","?","M","E","R","BOSS","M","M","?","M","?","E","M","E","T","M","R","?","E","M","R","BOSS","R","$","E","BOSS"],"build_version":"2019-01-23","purchased_purges":1,"victory":false,"max_hp_per_floor":[88,88,88,88,88,88,88,88,88,88,88,88,88,88,88,88,88,88,88,88,88,88,88,88,88,102,102,107,107,107,107,107,107,107,107,107,107,107,107,107,107,117,117,117,117,117,117,117,117,117,117,117,117,117,117],"card_choices":[{"not_picked":["Battle Trance","Bloodletting"],"picked":"Shrug It Off","floor":1},{"not_picked":["Cleave","Feel No Pain"],"picked":"Armaments","floor":2},{"not_picked":["Cleave","Twin Strike"],"picked":"Inflame","floor":4},{"not_picked":["Twin Strike","Exhume"],"picked":"Disarm","floor":7},{"not_picked":["Wild Strike","True Grit"],"picked":"Clothesline","floor":8},{"not_picked":["Heavy Blade","Pommel Strike"],"picked":"Warcry","floor":11},{"not_picked":["Wild Strike","Twin Strike"],"picked":"Seeing Red+1","floor":12},{"not_picked":["Sword Boomerang","Shockwave+1"],"picked":"True Grit+1","floor":14},{"not_picked":["Fiend Fire","Double Tap+1"],"picked":"Demon Form","floor":16},{"not_picked":["Second Wind+1","Headbutt","Combust+1"],"picked":"SKIP","floor":18},{"not_picked":["Shrug It Off+1","Battle Trance+1"],"picked":"Shockwave+1","floor":21},{"not_picked":["True Grit+1","Bloodletting+1"],"picked":"Inflame+1","floor":24},{"not_picked":["Blood for Blood+1","Perfected Strike"],"picked":"Sentinel+1","floor":27},{"not_picked":["Flame Barrier+1","Body Slam","Thunderclap"],"picked":"Heavy Blade","floor":30},{"not_picked":["Armaments+1","Anger","Clothesline"],"picked":"Evolve","floor":31},{"not_picked":["Fiend Fire","Offering+1","Double Tap+1"],"picked":"Juggernaut","floor":33},{"not_picked":["Blood for Blood+1","Warcry+1","Anger+1","Infernal Blade+1"],"picked":"SKIP","floor":35},{"not_picked":["Rupture","Wild Strike+1","Rampage"],"picked":"Cleave+1","floor":36},{"not_picked":["Whirlwind+1","Perfected Strike","Clothesline"],"picked":"Heavy Blade+1","floor":38},{"not_picked":["Battle Trance+1","Sentinel+1","Burning Pact+1"],"picked":"Feel No Pain+1","floor":40},{"not_picked":["Infernal Blade+1","Body Slam","Dual Wield+1"],"picked":"Twin Strike+1","floor":41},{"not_picked":["Twin Strike","Corruption","Thunderclap"],"picked":"Limit Break+1","floor":42},{"not_picked":["Iron Wave+1","Warcry+1","Clash"],"picked":"Heavy Blade","floor":44},{"not_picked":["Power Through+1","True Grit+1","Pommel Strike+1","Cleave"],"picked":"SKIP","floor":46},{"not_picked":["Iron Wave","Fiend Fire","Perfected Strike+1"],"picked":"Metallicize","floor":47},{"not_picked":["Power Through+1","Headbutt","Evolve+1","Wild Strike+1"],"picked":"SKIP","floor":48},{"not_picked":["Shrug It Off+1","Sever Soul+1","Reckless Charge+1","Armaments+1"],"picked":"SKIP","floor":54}],"player_experience":294874,"relics_obtained":[{"floor":9,"key":"Letter Opener"},{"floor":11,"key":"Toxic Egg 2"},{"floor":14,"key":"Bird Faced Urn"},{"floor":24,"key":"The Courier"},{"floor":26,"key":"Mango"},{"floor":27,"key":"Question Card"},{"floor":31,"key":"Blood Vial"},{"floor":40,"key":"Regal Pillow"},{"floor":42,"key":"Pear"},{"floor":47,"key":"Nunchaku"},{"floor":54,"key":"Boot"}],"event_choices":[{"damage_healed":0,"gold_gain":0,"player_choice":"Success","damage_taken":3,"relics_obtained":["Mercury Hourglass"],"max_hp_gain":0,"max_hp_loss":0,"event_name":"Scrap Ooze","floor":3,"gold_loss":0},{"cards_removed":["Defend_R"],"damage_healed":0,"gold_gain":0,"player_choice":"Card Removal","damage_taken":0,"max_hp_gain":0,"max_hp_loss":0,"event_name":"The Cleric","floor":5,"gold_loss":50},{"damage_healed":0,"gold_gain":30,"player_choice":"Searched \u00272\u0027 times","damage_taken":0,"max_hp_gain":0,"max_hp_loss":0,"event_name":"Dead Adventurer","floor":11,"gold_loss":0},{"damage_healed":0,"gold_gain":0,"cards_transformed":["Strike_R"],"player_choice":"Transformed","damage_taken":0,"max_hp_gain":0,"max_hp_loss":0,"event_name":"Transmorgrifier","floor":20,"gold_loss":0,"cards_obtained":["Intimidate"]},{"damage_healed":0,"gold_gain":0,"player_choice":"Ignored","damage_taken":0,"max_hp_gain":0,"max_hp_loss":0,"event_name":"Beggar","floor":22,"gold_loss":0},{"damage_healed":0,"gold_gain":0,"player_choice":"Shed Blood","damage_taken":26,"max_hp_gain":5,"max_hp_loss":0,"event_name":"Forgotten Altar","floor":28,"gold_loss":0},{"damage_healed":0,"gold_gain":0,"player_choice":"Forge","damage_taken":0,"max_hp_gain":0,"max_hp_loss":0,"event_name":"Accursed Blacksmith","floor":29,"gold_loss":0,"cards_upgraded":["Bash"]},{"damage_healed":0,"gold_gain":0,"player_choice":"Ignored","damage_taken":0,"max_hp_gain":0,"max_hp_loss":0,"event_name":"Golden Shrine","floor":39,"gold_loss":0}],"is_beta":false,"boss_relics":[{"not_picked":["Calling Bell","Busted Crown"],"picked":"Ectoplasm"},{"not_picked":["Astrolabe","Orrery"],"picked":"Snecko Eye"}],"items_purged_floors":[19],"is_endless":false,"potions_floor_spawned":[2,4,12,16,18,30,31,35,40,41,42,48],"killed_by":"The Heart","ascension_level":5}