{"gold_per_floor":[109,123,135,43,43,77,92,92,92,92,92,117,138,173,173,298,298,321,357,106,130,148,192,192,192,192,205,237,237,254,289,289,388,388,402,229,242,242,464,479,479,506,506,506,85,97,131,131,131,131],"floor_reached":51,"playtime":5822,"items_purged":["Strike_G","Strike_G"],"score":750,"play_id":"ea40e9ef-6c03-4c43-b380-eb7fe3e73356","local_time":"20190119180146","is_ascension_mode":false,"campfire_choices":[{"floor":8.0,"key":"REST"},{"floor":10.0,"key":"REST"},{"floor":15.0,"key":"REST"},{"floor":24.0,"key":"REST"},{"floor":29.0,"key":"REST"},{"data":"Envenom","floor":32.0,"key":"SMITH"},{"data":"Calculated Gamble","floor":41.0,"key":"SMITH"},{"data":"Well Laid Plans","floor":49,"key":"SMITH"}],"neow_cost":"NONE","seed_source_timestamp":0,"circlet_count":0,"master_deck":["Defend_G","Defend_G","Defend_G","Defend_G","Defend_G","Survivor","Neutralize","Footwork","Blade Dance","Crippling Poison","Noxious Fumes","PiercingWail","Injury","Quick Slash","Poisoned Stab","Footwork","Deadly Poison","Finisher","Envenom+1","Dodge and Roll+1","Bouncing Flask+1","Master of Strategy","Dodge and Roll+1","Glass Knife","Calculated Gamble+1","Backflip+1","Adrenaline","Catalyst","Malaise","Tools of the Trade","Predator+1","Dagger Spray+1","PiercingWail+1","Leg Sweep+1","Metamorphosis","Well Laid Plans+1","Bouncing Flask","Infinite Blades+1"],"special_seed":0,"relics":["Ring of the Snake","Bloody Idol","Calipers","Mercury Hourglass","Mummified Hand","Bottled Tornado","Sozu","Red Mask","Regal Pillow","Question Card","Bird Faced Urn","Sundial","Astrolabe","Girya","Potion Belt","Kunai","Snake Skull","StoneCalendar","Dodecahedron"],"potions_floor_usage":[],"damage_taken":[{"damage":1.0,"enemies":"Cultist","floor":1.0,"turns":3.0},{"damage":5.0,"enemies":"Jaw Worm","floor":2.0,"turns":7.0},{"damage":7.0,"enemies":"2 Louse","floor":3.0,"turns":4.0},{"damage":51.0,"enemies":"Gremlin Nob","floor":6.0,"turns":6.0},{"damage":0.0,"enemies":"2 Fungi Beasts","floor":7.0,"turns":3.0},{"damage":4.0,"enemies":"Exordium Wildlife","floor":12.0,"turns":4.0},{"damage":7.0,"enemies":"Large Slime","floor":13.0,"turns":5.0},{"damage":23.0,"enemies":"Lagavulin","floor":14.0,"turns":7.0},{"damage":2.0,"enemies":"Hexaghost","floor":16.0,"turns":9.0},{"damage":0.0,"enemies":"3 Byrds","floor":18.0,"turns":3.0},{"damage":13.0,"enemies":"Masked Bandits","floor":19.0,"turns":5.0},{"damage":17.0,"enemies":"Shell Parasite","floor":21.0,"turns":5.0},{"damage":6.0,"enemies":"Snecko","floor":22.0,"turns":5.0},{"damage":17.0,"enemies":"Book of Stabbing","floor":23.0,"turns":5.0},{"damage":12.0,"enemies":"Shelled Parasite and Fungi","floor":27.0,"turns":5.0},{"damage":18.0,"enemies":"Gremlin Leader","floor":28.0,"turns":7.0},{"damage":0.0,"enemies":"3 Cultists","floor":30.0,"turns":4.0},{"damage":1.0,"enemies":"Book of Stabbing","floor":31.0,"turns":7.0},{"damage":12.0,"enemies":"Automaton","floor":33.0,"turns":9.0},{"damage":11.0,"enemies":"Orb Walker","floor":35.0,"turns":3.0},{"damage":1.0,"enemies":"3 Shapes","floor":37.0,"turns":4.0},{"damage":15.0,"enemies":"3 Darklings","floor":40.0,"turns":4.0},{"damage":14.0,"enemies":"Nemesis","floor":42.0,"turns":9.0},{"damage":2,"enemies":"Spire Growth","floor":46,"turns":4},{"damage":19,"enemies":"Reptomancer","floor":47,"turns":6},{"damage":27,"enemies":"Donu and Deca","floor":50,"turns":8}],"seed_played":"3323651371153159414","potions_obtained":[{"floor":1.0,"key":"AttackPotion"},{"floor":3.0,"key":"EssenceOfSteel"},{"floor":7.0,"key":"Explosive Potion"},{"floor":12.0,"key":"EssenceOfSteel"},{"floor":16.0,"key":"EntropicBrew"}],"is_trial":false,"path_per_floor":["M","M","M","$","?","E","M","R","T","R","T","M","M","E","R","B",null,"M","?","$","M","M","E","R","?","T","M","E","R","M","E","R","B",null,"M","$","M","?","?","M","R","E","T","?","$","M","E","T","R","B",null],"character_chosen":"THE_SILENT","items_purchased":["Noxious Fumes","PiercingWail","Master of Strategy","Wraith Form v2","Kunai","Snake Skull","Well Laid Plans"],"campfire_rested":5,"item_purchase_floors":[4,4,20,36,45,45,45],"current_hp_per_floor":[76,71,64,64,64,13,13,36,36,59,59,55,48,25,48,46,77,77,64,64,47,41,24,62,62,62,55,42,77,77,77,77,70,77,75,75,77,77,77,71,71,72,72,72,72,77,71,71,71,58],"gold":131,"neow_bonus":"TEN_PERCENT_HP_BONUS","is_prod":false,"is_daily":false,"chose_seed":false,"campfire_upgraded":3,"win_rate":0.0,"timestamp":1547938906,"path_taken":["M","?","M","$","?","E","M","R","T","R","?","M","M","E","R","BOSS","M","?","$","M","M","E","R","?","T","M","E","R","M","E","R","BOSS","M","$","M","?","?","M","R","E","T","?","$","M","E","?","R","BOSS"],"build_version":"2019-01-17v2","purchased_purges":2,"victory":true,"max_hp_per_floor":[77,77,77,77,77,77,77,77,77,77,77,77,77,77,77,77,77,77,77,77,77,77,77,77,77,77,77,77,77,77,77,77,77,77,77,77,77,77,77,77,77,77,77,77,77,77,77,77,77,77],"card_choices":[{"not_picked":["Infinite Blades","Underhanded Strike"],"picked":"Footwork","floor":1.0},{"not_picked":["Underhanded Strike","Slice"],"picked":"Blade Dance","floor":2.0},{"not_picked":["Dagger Spray","Skewer"],"picked":"Crippling Poison","floor":3.0},{"not_picked":["Riddle With Holes","Infinite Blades"],"picked":"Quick Slash","floor":6.0},{"not_picked":["Bane","Heel Hook"],"picked":"Poisoned Stab","floor":7.0},{"not_picked":["Dodge and Roll","Poisoned Stab"],"picked":"Footwork","floor":12.0},{"not_picked":["Sucker Punch","Calculated Gamble"],"picked":"Deadly Poison","floor":13.0},{"not_picked":["Footwork","Flechettes"],"picked":"Finisher","floor":14.0},{"not_picked":["Malaise","Unload"],"picked":"Envenom","floor":16.0},{"not_picked":["Underhanded Strike+1","Riddle With Holes"],"picked":"Dodge and Roll+1","floor":18.0},{"not_picked":["Backflip+1","Poisoned Stab"],"picked":"Bouncing Flask+1","floor":19.0},{"not_picked":["Choke","Cloak And Dagger"],"picked":"Dodge and Roll+1","floor":21.0},{"not_picked":["Blur","Prepared+1"],"picked":"Glass Knife","floor":22.0},{"not_picked":["Acrobatics","Poisoned Stab+1"],"picked":"Calculated Gamble","floor":23.0},{"not_picked":["Skewer","Blade Dance","Dodge and Roll+1"],"picked":"Backflip+1","floor":27.0},{"not_picked":["Blade Dance","Slice","Dagger Spray"],"picked":"Adrenaline","floor":28.0},{"not_picked":["Slice","Heel Hook","Backflip"],"picked":"Catalyst","floor":30.0},{"not_picked":["Heel Hook+1","Blur","Escape Plan+1"],"picked":"Malaise","floor":31.0},{"not_picked":["Glass Knife","Wraith Form v2","Malaise"],"picked":"Tools of the Trade","floor":33.0},{"not_picked":["Sucker Punch+1","Deadly Poison+1","Slice","Bane"],"picked":"SKIP","floor":35.0},{"not_picked":["Terror+1","Endless Agony+1","Eviscerate+1"],"picked":"Leg Sweep+1","floor":37.0},{"not_picked":["Bandage Up","PanicButton","Impatience"],"picked":"Metamorphosis","floor":38.0},{"not_picked":["Dodge and Roll","Expertise+1","Dagger Throw","Blade Dance"],"picked":"SKIP","floor":40.0},{"not_picked":["Flying Knee","Cloak And Dagger","PiercingWail","Slice"],"picked":"SKIP","floor":42.0},{"not_picked":["Flying Knee","Cloak And Dagger","PiercingWail","Slice"],"picked":"SKIP","floor":42.0},{"not_picked":["Poisoned Stab","Deadly Poison+1","Prepared"],"picked":"Bouncing Flask","floor":46},{"not_picked":["Escape Plan","Riddle With Holes+1","Unload"],"picked":"Infinite Blades+1","floor":47}],"player_experience":60777,"relics_obtained":[{"floor":6.0,"key":"Calipers"},{"floor":9.0,"key":"Mercury Hourglass"},{"floor":11.0,"key":"Mummified Hand"},{"floor":14.0,"key":"Bottled Tornado"},{"floor":19.0,"key":"Red Mask"},{"floor":23.0,"key":"Regal Pillow"},{"floor":26.0,"key":"Question Card"},{"floor":28.0,"key":"Bird Faced Urn"},{"floor":31.0,"key":"Sundial"},{"floor":42.0,"key":"Girya"},{"floor":43,"key":"Potion Belt"},{"floor":47,"key":"StoneCalendar"},{"floor":48,"key":"Dodecahedron"}],"event_choices":[{"damage_healed":0.0,"max_hp_gain":0.0,"max_hp_loss":0.0,"gold_gain":0.0,"event_name":"Golden Idol","player_choice":"Take Wound","floor":5.0,"gold_loss":0.0,"damage_taken":0.0,"relics_obtained":["Golden Idol"],"cards_obtained":["Injury"]},{"damage_healed":0.0,"max_hp_gain":0.0,"max_hp_loss":0.0,"gold_gain":0.0,"event_name":"Masked Bandits","player_choice":"Fought Bandits","floor":19.0,"gold_loss":0.0,"damage_taken":0.0},{"damage_healed":0.0,"max_hp_gain":0.0,"max_hp_loss":0.0,"gold_gain":0.0,"event_name":"Forgotten Altar","player_choice":"Gave Idol","floor":25.0,"relics_lost":["Golden Idol"],"gold_loss":0.0,"damage_taken":0.0,"relics_obtained":["Bloody Idol"]},{"damage_healed":0.0,"max_hp_gain":0.0,"max_hp_loss":0.0,"gold_gain":0.0,"event_name":"SensoryStone","player_choice":"Memory 1","floor":38.0,"gold_loss":0.0,"damage_taken":0.0},{"damage_healed":0.0,"max_hp_gain":0.0,"max_hp_loss":0.0,"gold_gain":222.0,"event_name":"Tomb of Lord Red Mask","player_choice":"Wore Mask","floor":39.0,"gold_loss":0.0,"damage_taken":0.0},{"cards_removed":["Wraith Form v2"],"damage_healed":0,"gold_gain":0,"player_choice":"Removed Power","damage_taken":0,"max_hp_gain":0,"max_hp_loss":0,"event_name":"Falling","floor":44,"gold_loss":0}],"is_beta":false,"boss_relics":[{"not_picked":["Runic Dome","Orrery"],"picked":"Sozu"},{"not_picked":["White Beast Statue","WristBlade"],"picked":"Astrolabe"}],"items_purged_floors":[20,36],"is_endless":false,"potions_floor_spawned":[1,3,7,12,16,19,22,27,28,33,37,42],"ascension_level":0}