{"path_per_floor":["M","?","?","T","M","E","R","E","T","?","?","R","M","E","R","B",null,"M","M","$","M","M","R"],"character_chosen":"THE_SILENT","items_purchased":["Anchor","Bag of Marbles"],"gold_per_floor":[111,111,111,188,198,230,230,259,259,259,259,259,275,311,311,442,442,457,452,86,109,128,128,128],"floor_reached":24,"campfire_rested":3,"playtime":1690,"current_hp_per_floor":[70,70,58,58,57,37,60,43,43,43,43,64,62,48,48,15,71,69,34,34,29,1,22,0],"items_purged":["Strike_G"],"gold":128,"score":246,"play_id":"44e25e7f-3cc4-4aa1-9391-be72c4e41617","local_time":"20180428180033","is_prod":false,"is_daily":false,"chose_seed":false,"is_ascension_mode":true,"campfire_upgraded":0,"timestamp":1524906033,"path_taken":["M","?","?","?","M","E","R","E","T","?","?","R","M","E","R","BOSS","M","?","$","M","M","R","M"],"build_version":"2018-04-26","seed_source_timestamp":33158026131643,"purchased_purges":1,"victory":false,"master_deck":["Defend_G","Defend_G","Defend_G","Defend_G","Defend_G","Strike_G","Strike_G","Strike_G","Survivor","Neutralize","Finisher","Outmaneuver","Noxious Fumes","Dagger Spray","Regret","Blade Dance","Doppelganger","Tactician","Cloak And Dagger","Choke+1","Caltrops+1"],"max_hp_per_floor":[70,70,70,70,70,77,77,77,77,77,71,71,71,71,71,71,71,71,71,71,71,71,71,71],"relics":["White Beast Statue","Snake Skull","Shuriken","Strawberry","Girya","Unceasing Top","Molten Egg 2","Golden Idol","Mercury Hourglass","Black Star","Anchor","Bag of Marbles"],"card_choices":[{"not_picked":["Bane","Slice"],"picked":"Finisher","floor":1},{"not_picked":["Bane","Dagger Throw"],"picked":"Outmaneuver","floor":5},{"not_picked":["Flying Knee","Riddle With Holes"],"picked":"Noxious Fumes","floor":6},{"not_picked":["Poisoned Stab","Dodge and Roll"],"picked":"Dagger Spray","floor":8},{"not_picked":["Footwork","Eviscerate"],"picked":"Blade Dance","floor":13},{"not_picked":["Unload","Reflex"],"picked":"Doppelganger","floor":14},{"not_picked":["Glass Knife","Doppelganger"],"picked":"Tactician","floor":16},{"not_picked":["Dagger Spray","Caltrops"],"picked":"Cloak And Dagger","floor":18},{"not_picked":["Poisoned Stab","Deadly Poison"],"picked":"Choke","floor":19},{"not_picked":["Bouncing Flask","Deadly Poison"],"picked":"Caltrops","floor":22}],"player_experience":89038,"potions_floor_usage":[6,6,8,18,18,21,22,22],"damage_taken":[{"damage":0,"enemies":"2 Louse","floor":1,"turns":4},{"damage":1,"enemies":"Cultist","floor":5,"turns":4},{"damage":36,"enemies":"Gremlin Nob","floor":6,"turns":5},{"damage":32,"enemies":"Lagavulin","floor":8,"turns":9},{"damage":2,"enemies":"Small Slimes","floor":13,"turns":4},{"damage":14,"enemies":"3 Sentries","floor":14,"turns":6},{"damage":33,"enemies":"The Guardian","floor":16,"turns":11},{"damage":2,"enemies":"3 Byrds","floor":18,"turns":3},{"damage":35,"enemies":"2 Thieves","floor":19,"turns":4},{"damage":5,"enemies":"3 Cultists","floor":21,"turns":4},{"damage":28,"enemies":"Centurion and Healer","floor":22,"turns":6},{"damage":23,"enemies":"Snake Plant","floor":24,"turns":4}],"event_choices":[{"event_name":"Living Wall","player_choice":"Forget","floor":2,"damage_taken":0},{"event_name":"Scrap Ooze","player_choice":"success","floor":3,"damage_taken":12},{"event_name":"Big Fish","player_choice":"Box","floor":10,"damage_taken":0},{"event_name":"Golden Idol","player_choice":"Lose Max HP","floor":11,"damage_taken":0}],"boss_relics":[{"not_picked":["Tiny House","Astrolabe"],"picked":"Black Star"}],"potions_floor_spawned":[1,5,6,8,13,14,16,18,19,21,22],"seed_played":"8574688802217056741","killed_by":"Snake Plant","ascension_level":3,"is_trial":false}