{"path_per_floor":["M","$","?","$","?","R","E","R","T","E","M","?","?","M","R"],"character_chosen":"DEFECT","items_purchased":[],"gold_per_floor":[17,17,17,17,17,17,45,45,100,131,144,319,319,336,336,336],"floor_reached":16,"campfire_rested":0,"playtime":661,"item_purchase_floors":[],"current_hp_per_floor":[74,74,74,74,59,59,31,31,31,11,10,10,10,3,3,0],"items_purged":[],"gold":336,"score":111,"play_id":"975e3637-d923-48ec-b051-2744f7d7c1d7","local_time":"20180528210306","is_prod":false,"is_daily":false,"chose_seed":false,"is_ascension_mode":true,"campfire_upgraded":3,"win_rate":0,"timestamp":1527508986,"campfire_choices":[{"data":"Creative AI","floor":6,"key":"SMITH"},{"data":"Recycle","floor":8,"key":"SMITH"},{"data":"Dualcast","floor":15,"key":"SMITH"}],"path_taken":["M","?","?","$","?","R","E","R","T","E","M","?","?","M","R","BOSS"],"build_version":"2018-05-27","seed_source_timestamp":17150839893613,"purchased_purges":0,"victory":false,"master_deck":["Strike_B+1","Strike_B","Strike_B+1","Strike_B+1","Defend_B","Defend_B+1","Defend_B","Defend_B","Zap+1","Dualcast+1","Creative AI+1","Recycle+1","Redo","All For One","Storm","Doubt"],"max_hp_per_floor":[75,75,75,75,75,75,75,75,75,75,75,75,75,75,75,75],"relics":["Cracked Core","Vajra","Whetstone","Peace Pipe"],"card_choices":[{"not_picked":["Thunder Strike","Rainbow"],"picked":"Creative AI","floor":0},{"not_picked":["Barrage","Compile Driver"],"picked":"Recycle","floor":1},{"not_picked":["Chill","Turbo"],"picked":"Redo","floor":7},{"not_picked":["Capacitor","Coolheaded"],"picked":"All For One","floor":10},{"not_picked":["Beam Cell","Steam"],"picked":"Storm","floor":11},{"not_picked":["Melter","Rebound","Beam Cell"],"picked":"SKIP","floor":14}],"player_experience":181026,"potions_floor_usage":[14,16],"damage_taken":[{"damage":1,"enemies":"Cultist","floor":1,"turns":3},{"damage":28,"enemies":"Lagavulin","floor":7,"turns":5},{"damage":20,"enemies":"3 Sentries","floor":10,"turns":7},{"damage":1,"enemies":"Jaw Worm","floor":11,"turns":3},{"damage":7,"enemies":"Small Slimes","floor":14,"turns":3},{"damage":3,"enemies":"Slime Boss","floor":16,"turns":6}],"relics_obtained":[{"floor":7,"key":"Vajra"},{"floor":9,"key":"Whetstone"},{"floor":10,"key":"Peace Pipe"}],"event_choices":[{"event_name":"The Cleric","player_choice":"Leave","floor":3,"damage_taken":0},{"event_name":"Shining Light","player_choice":"Entered Light","floor":5,"damage_taken":0},{"event_name":"Liars Game","player_choice":"agreed","floor":12,"damage_taken":0},{"event_name":"Living Wall","player_choice":"Grow","floor":13,"damage_taken":0}],"boss_relics":[],"items_purged_floors":[],"potions_floor_spawned":[10,11],"seed_played":"-7375956341721521725","killed_by":"Slime Boss","ascension_level":1,"potions_obtained":[{"floor":10,"key":"GamblersBrew"},{"floor":11,"key":"Block Potion"}],"is_trial":false}