{"gold_per_floor":[110,185,69,69,83,83,100,100,154,183,196,208,208,226,226,300,300,310,310,322,80,96,96,122,134,160,160,171,183,183,108,108,108],"floor_reached":33,"playtime":1512,"items_purged":["Doubt"],"score":638,"play_id":"24e7053a-a9ee-417c-856f-d4adbe8e5e76","local_time":"20181104001753","is_ascension_mode":true,"campfire_choices":[{"data":"Skewer","floor":6.0,"key":"SMITH"},{"floor":8.0,"key":"REST"},{"data":"Bouncing Flask","floor":13.0,"key":"SMITH"},{"data":"Backflip","floor":15.0,"key":"SMITH"},{"floor":23.0,"key":"REST"},{"data":"Apotheosis","floor":27.0,"key":"SMITH"},{"floor":32,"key":"REST"}],"neow_cost":"NONE","seed_source_timestamp":192305130713500,"circlet_count":0,"master_deck":["AscendersBane","Defend_G+1","Defend_G","Defend_G","Defend_G+1","Defend_G","Strike_G","Strike_G","Strike_G","Strike_G","Strike_G+1","Survivor","Neutralize+1","Backstab","Skewer+1","Bouncing Flask+1","Quick Slash","Deflect","Dash","Backflip+1","Adrenaline","Dagger Spray","Bane+1","Footwork","Apotheosis+1","Catalyst","Deadly Poison","Malaise"],"special_seed":0,"relics":["Calling Bell","Lantern","Question Card","Gambling Chip","Whetstone","Bag of Marbles","Sozu","Juzu Bracelet","Bag of Preparation"],"potions_floor_usage":[],"damage_taken":[{"damage":6.0,"enemies":"Jaw Worm","floor":1.0,"turns":7.0},{"damage":0.0,"enemies":"Small Slimes","floor":5.0,"turns":3.0},{"damage":0.0,"enemies":"Cultist","floor":7.0,"turns":2.0},{"damage":5.0,"enemies":"3 Sentries","floor":10.0,"turns":9.0},{"damage":0.0,"enemies":"Exordium Wildlife","floor":11.0,"turns":3.0},{"damage":0.0,"enemies":"2 Fungi Beasts","floor":12.0,"turns":1.0},{"damage":0.0,"enemies":"Looter","floor":14.0,"turns":1.0},{"damage":15.0,"enemies":"The Guardian","floor":16.0,"turns":9.0},{"damage":3.0,"enemies":"Spheric Guardian","floor":18.0,"turns":5.0},{"damage":1.0,"enemies":"3 Byrds","floor":20.0,"turns":4.0},{"damage":14.0,"enemies":"Snake Plant","floor":22.0,"turns":4.0},{"damage":0.0,"enemies":"Slavers","floor":24.0,"turns":6.0},{"damage":0.0,"enemies":"Sentry and Sphere","floor":25.0,"turns":4.0},{"damage":4,"enemies":"Centurion and Healer","floor":28,"turns":5},{"damage":0,"enemies":"Snecko","floor":29,"turns":3},{"damage":58,"enemies":"Champ","floor":33,"turns":9}],"seed_played":"-3445789857527084373","potions_obtained":[{"floor":1.0,"key":"FearPotion"},{"floor":7.0,"key":"EssenceOfSteel"},{"floor":10.0,"key":"AttackPotion"}],"is_trial":false,"path_per_floor":["M","?","$","?","M","R","M","R","T","E","M","M","R","M","R","B",null,"M","?","M","$","M","R","E","M","T","R","M","M","?","?","R","B"],"character_chosen":"THE_SILENT","items_purchased":["Skewer","Footwork","Apotheosis"],"campfire_rested":3,"item_purchase_floors":[3,21,21],"current_hp_per_floor":[53,42,42,22,22,22,22,41,41,36,36,36,36,36,36,21,55,52,52,51,51,37,55,55,55,55,55,51,51,34,34,54,0],"gold":108,"neow_bonus":"BOSS_RELIC","is_prod":false,"is_daily":false,"chose_seed":false,"campfire_upgraded":4,"win_rate":0,"timestamp":1541305073,"path_taken":["M","?","$","?","M","R","M","R","T","E","M","M","R","M","R","BOSS","M","?","?","$","M","R","E","M","T","R","M","M","?","?","R","BOSS"],"build_version":"2018-11-01","purchased_purges":1,"victory":false,"max_hp_per_floor":[66,66,66,66,66,66,66,66,66,66,66,66,66,66,66,66,66,66,63,63,63,63,63,63,63,63,63,63,63,68,68,68,68],"card_choices":[{"not_picked":["Backflip","Sucker Punch","Deadly Poison"],"picked":"Backstab","floor":1.0},{"not_picked":["Acrobatics","Crippling Poison","Footwork"],"picked":"Bouncing Flask","floor":5.0},{"not_picked":["Leg Sweep","Slice","Deadly Poison"],"picked":"Quick Slash","floor":7.0},{"not_picked":["Dagger Throw","Bane","Acrobatics"],"picked":"Deflect","floor":10.0},{"not_picked":["Cloak And Dagger","Distraction","Deflect"],"picked":"Dash","floor":11.0},{"not_picked":["Poisoned Stab","Bouncing Flask","Dagger Throw","Grand Finale"],"picked":"SKIP","floor":12.0},{"not_picked":["Acrobatics","Deflect","Prepared"],"picked":"Backflip","floor":14.0},{"not_picked":["Wraith Form v2","Venomology","Burst"],"picked":"Adrenaline","floor":16.0},{"not_picked":["Acrobatics","Bouncing Flask+1","Caltrops"],"picked":"Dagger Spray","floor":18.0},{"not_picked":["Masterful Stab+1","Accuracy","Outmaneuver"],"picked":"Bane+1","floor":20.0},{"not_picked":["Bane","Caltrops","Distraction","Sucker Punch+1"],"picked":"SKIP","floor":22.0},{"not_picked":["Slice","Poisoned Stab+1","Dagger Spray","Bouncing Flask"],"picked":"SKIP","floor":24.0},{"not_picked":["Dagger Throw","Outmaneuver","Dodge and Roll"],"picked":"Catalyst","floor":25.0},{"not_picked":["Heel Hook","Dagger Throw","Underhanded Strike"],"picked":"Deadly Poison","floor":28},{"not_picked":["Acrobatics","Reflex","Deflect"],"picked":"Malaise","floor":29}],"player_experience":1619363,"relics_obtained":[{"floor":0.0,"key":"Lantern"},{"floor":0.0,"key":"Question Card"},{"floor":0.0,"key":"Gambling Chip"},{"floor":9.0,"key":"Whetstone"},{"floor":10.0,"key":"Bag of Marbles"},{"floor":24.0,"key":"Juzu Bracelet"},{"floor":26.0,"key":"Bag of Preparation"}],"event_choices":[{"damage_healed":0.0,"max_hp_gain":0.0,"max_hp_loss":0.0,"gold_gain":75.0,"event_name":"World of Goop","player_choice":"Gather Gold","floor":2.0,"gold_loss":0.0,"damage_taken":11.0},{"damage_healed":0.0,"max_hp_gain":0.0,"max_hp_loss":0.0,"gold_gain":0.0,"event_name":"Shining Light","player_choice":"Entered Light","floor":4.0,"gold_loss":0.0,"damage_taken":20.0,"cards_upgraded":["Defend_G","Defend_G"]},{"cards_removed":["Parasite"],"damage_healed":0.0,"max_hp_gain":0.0,"max_hp_loss":0.0,"gold_gain":0.0,"event_name":"Purifier","player_choice":"Purged","floor":19.0,"gold_loss":0.0,"damage_taken":0.0},{"damage_healed":0,"gold_gain":0,"player_choice":"Shed Blood","damage_taken":22,"max_hp_gain":5,"max_hp_loss":0,"event_name":"Forgotten Altar","floor":30,"gold_loss":0},{"cards_removed":["Clumsy"],"damage_healed":0,"gold_gain":0,"player_choice":"Gave Gold","damage_taken":0,"max_hp_gain":0,"max_hp_loss":0,"event_name":"Beggar","floor":31,"gold_loss":75}],"is_beta":true,"boss_relics":[{"not_picked":["WristBlade","HoveringKite"],"picked":"Sozu"}],"items_purged_floors":[3],"is_endless":false,"potions_floor_spawned":[1,7,10,14,16,18,22,28],"killed_by":"Champ","ascension_level":20}