{"gold_per_floor":[117,72,90,103,115,115,134,145,172,182,199,43,43],"floor_reached":13,"playtime":395,"items_purged":["Strike_B"],"score":89,"play_id":"badd1b37-6ba6-4d63-be5d-56b6bc29a458","local_time":"20181117215231","is_ascension_mode":true,"campfire_choices":[{"data":"Streamline","floor":6,"key":"SMITH"}],"neow_cost":"NONE","seed_source_timestamp":280081263542026,"circlet_count":0,"master_deck":["Strike_B","Strike_B","Strike_B","Defend_B","Defend_B","Defend_B","Defend_B","Zap","Dualcast","Meteor Strike","Gash","Streamline","Scrape","Beam Cell","Streamline+1","FTL","Hyperbeam","Beam Cell","Melter"],"relics":["Cracked Core","Boot"],"potions_floor_usage":[],"damage_taken":[{"damage":6,"enemies":"Cultist","floor":1,"turns":3},{"damage":6,"enemies":"2 Louse","floor":3,"turns":3},{"damage":2,"enemies":"Jaw Worm","floor":4,"turns":3},{"damage":1,"enemies":"2 Fungi Beasts","floor":5,"turns":3},{"damage":14,"enemies":"Red Slaver","floor":7,"turns":2},{"damage":12,"enemies":"3 Louse","floor":8,"turns":2},{"damage":12,"enemies":"2 Fungi Beasts","floor":10,"turns":2},{"damage":6,"enemies":"Looter","floor":11,"turns":2},{"damage":9,"enemies":"3 Sentries","floor":13,"turns":2}],"seed_played":"-1088581358163557119","potions_obtained":[{"floor":3,"key":"FocusPotion"},{"floor":4,"key":"Energy Potion"},{"floor":8,"key":"FearPotion"},{"floor":10,"key":"PowerPotion"}],"is_trial":false,"path_per_floor":["M","$","M","M","M","R","M","M","T","M","M","$","E"],"character_chosen":"DEFECT","items_purchased":["Streamline","Melter"],"campfire_rested":0,"item_purchase_floors":[2,12],"current_hp_per_floor":[69,69,63,61,60,60,46,34,34,22,16,16,7],"gold":43,"neow_bonus":"ONE_RANDOM_RARE_CARD","is_prod":false,"is_daily":false,"chose_seed":false,"campfire_upgraded":1,"win_rate":0,"timestamp":1542509551,"path_taken":["M","$","M","M","M","R","?","?","T","M","M","?","E"],"build_version":"2018-11-15","purchased_purges":1,"victory":false,"max_hp_per_floor":[75,75,75,75,75,75,75,75,75,75,75,75,75],"card_choices":[{"not_picked":["Coolheaded","Melter"],"picked":"Gash","floor":1},{"not_picked":["Ball Lightning","Barrage"],"picked":"Scrape","floor":3},{"not_picked":["Reprogram","Compile Driver"],"picked":"Beam Cell","floor":4},{"not_picked":["Barrage","Reprogram"],"picked":"Streamline","floor":5},{"not_picked":["Sweeping Beam","Coolheaded","Streamline"],"picked":"SKIP","floor":7},{"not_picked":["Leap","Self Repair"],"picked":"FTL","floor":8},{"not_picked":["Capacitor","Hologram"],"picked":"Hyperbeam","floor":10},{"not_picked":["Darkness","Redo"],"picked":"Beam Cell","floor":11}],"player_experience":146130,"relics_obtained":[{"floor":9,"key":"Boot"}],"event_choices":[],"is_beta":false,"boss_relics":[],"items_purged_floors":[12],"is_endless":false,"potions_floor_spawned":[3,4,8,10],"killed_by":"3 Sentries","ascension_level":2}