{"gold_per_floor":[119,135,153,164,182,182,207,207,230,243,270,282,282,128,128,231,231,245,256,270,270,280,280,308,308,333,333,333,351,380,399,399,399],"floor_reached":33,"playtime":2042,"items_purged":[],"score":301,"play_id":"0401f774-e036-4716-8b8d-91cf23ddcdfa","local_time":"20190128171317","is_ascension_mode":false,"campfire_choices":[{"data":"Flex","floor":6.0,"key":"SMITH"},{"data":"Heavy Blade","floor":8.0,"key":"SMITH"},{"data":"Pummel","floor":13.0,"key":"SMITH"},{"data":"Spot Weakness","floor":15.0,"key":"SMITH"},{"data":"Pummel","floor":23,"key":"SMITH"},{"floor":25,"key":"REST"},{"floor":27,"key":"REST"},{"floor":32,"key":"REST"}],"neow_cost":"NONE","seed_source_timestamp":1700570453438428,"circlet_count":0,"master_deck":["Strike_R","Strike_R","Strike_R","Strike_R","Strike_R","Defend_R","Defend_R","Defend_R","Defend_R","Flex+1","Spot Weakness+1","Heavy Blade+1","Pummel+1","Demon Form","Heavy Blade+1","Pummel+1","Pummel"],"special_seed":0,"relics":["Burning Blood","Orichalcum","Vajra","Bronze Scales","Happy Flower","Sozu","Smiling Mask","Strawberry","Regal Pillow"],"potions_floor_usage":[],"damage_taken":[{"damage":4.0,"enemies":"2 Louse","floor":1.0,"turns":4.0},{"damage":2.0,"enemies":"Small Slimes","floor":2.0,"turns":5.0},{"damage":1.0,"enemies":"Cultist","floor":3.0,"turns":4.0},{"damage":9.0,"enemies":"3 Louse","floor":4.0,"turns":5.0},{"damage":2.0,"enemies":"Large Slime","floor":5.0,"turns":7.0},{"damage":32.0,"enemies":"Gremlin Nob","floor":7.0,"turns":5.0},{"damage":5.0,"enemies":"Blue Slaver","floor":10.0,"turns":4.0},{"damage":15.0,"enemies":"Lagavulin","floor":11.0,"turns":4.0},{"damage":5.0,"enemies":"Red Slaver","floor":12.0,"turns":3.0},{"damage":52.0,"enemies":"Slime Boss","floor":16.0,"turns":10.0},{"damage":2.0,"enemies":"Shell Parasite","floor":18.0,"turns":2.0},{"damage":4.0,"enemies":"Chosen","floor":19.0,"turns":3.0},{"damage":23.0,"enemies":"Snake Plant","floor":20.0,"turns":2.0},{"damage":19,"enemies":"Sentry and Sphere","floor":22,"turns":4},{"damage":32,"enemies":"Book of Stabbing","floor":24,"turns":4},{"damage":2,"enemies":"Snecko","floor":29,"turns":3},{"damage":40,"enemies":"Slavers","floor":30,"turns":3},{"damage":15,"enemies":"Snake Plant","floor":31,"turns":2},{"damage":101,"enemies":"Collector","floor":33,"turns":5}],"seed_played":"-7321983718450786459","potions_obtained":[{"floor":1.0,"key":"Dexterity Potion"},{"floor":4.0,"key":"FearPotion"},{"floor":5.0,"key":"FearPotion"},{"floor":10.0,"key":"Regen Potion"}],"is_trial":false,"path_per_floor":["M","M","M","M","M","R","E","R","T","M","E","M","R","$","R","B",null,"M","M","M","?","M","R","E","R","T","R","?","M","E","M","R","B"],"character_chosen":"IRONCLAD","items_purchased":["Happy Flower"],"campfire_rested":3,"item_purchase_floors":[14],"current_hp_per_floor":[80,80,80,77,80,80,54,54,54,55,58,59,59,59,59,13,80,80,80,63,63,50,50,24,48,55,81,81,85,51,42,83,0],"gold":399,"neow_bonus":"REMOVE_CARD","is_prod":false,"is_daily":false,"chose_seed":false,"campfire_upgraded":5,"win_rate":0.0,"timestamp":1548731597,"path_taken":["M","M","M","M","M","R","E","R","T","M","E","M","R","$","R","BOSS","M","M","M","?","M","R","E","R","T","R","?","M","E","?","R","BOSS"],"build_version":"2019-01-23","purchased_purges":0,"victory":false,"max_hp_per_floor":[80,80,80,80,80,80,80,80,80,80,80,80,80,80,80,80,80,80,80,80,80,80,80,80,80,87,87,87,87,87,87,87,87],"card_choices":[{"not_picked":["Metallicize","Headbutt"],"picked":"Flex","floor":1.0},{"not_picked":["Rupture","True Grit","Entrench"],"picked":"SKIP","floor":2.0},{"not_picked":["Rupture","Hemokinesis","Fire Breathing"],"picked":"SKIP","floor":3.0},{"not_picked":["Flex","Iron Wave"],"picked":"Spot Weakness","floor":4.0},{"not_picked":["Ghostly Armor","Burning Pact","Uppercut"],"picked":"SKIP","floor":5.0},{"not_picked":["Uppercut","Headbutt"],"picked":"Heavy Blade","floor":7.0},{"not_picked":["Cleave","Flex"],"picked":"Pummel","floor":10.0},{"not_picked":["Clash","Perfected Strike","Berserk"],"picked":"SKIP","floor":11.0},{"not_picked":["Clash","Perfected Strike","Berserk"],"picked":"SKIP","floor":11.0},{"not_picked":["True Grit","Rampage","Intimidate"],"picked":"SKIP","floor":12.0},{"not_picked":["Barricade","Limit Break"],"picked":"Demon Form","floor":16.0},{"not_picked":["Armaments","Shrug It Off+1","Infernal Blade"],"picked":"SKIP","floor":18.0},{"not_picked":["Rampage","Anger","Sword Boomerang+1"],"picked":"SKIP","floor":19.0},{"not_picked":["Body Slam","Reckless Charge"],"picked":"Heavy Blade+1","floor":20.0},{"not_picked":["Sword Boomerang","Flex+1"],"picked":"Pummel","floor":22},{"not_picked":["Spot Weakness","Uppercut+1","Armaments"],"picked":"SKIP","floor":24},{"not_picked":["True Grit+1","Corruption+1","Rampage"],"picked":"SKIP","floor":29},{"not_picked":["Hemokinesis+1","Second Wind","Iron Wave+1"],"picked":"SKIP","floor":30},{"not_picked":["Body Slam","Heavy Blade"],"picked":"Pummel","floor":31}],"player_experience":28643,"relics_obtained":[{"floor":7.0,"key":"Orichalcum"},{"floor":9.0,"key":"Vajra"},{"floor":11.0,"key":"Bronze Scales"},{"floor":24,"key":"Smiling Mask"},{"floor":26,"key":"Strawberry"},{"floor":30,"key":"Regal Pillow"}],"event_choices":[{"damage_healed":0,"gold_gain":0,"player_choice":"Ignored","damage_taken":0,"max_hp_gain":0,"max_hp_loss":0,"event_name":"Beggar","floor":21,"gold_loss":0},{"damage_healed":0,"gold_gain":0,"player_choice":"Ignored","damage_taken":0,"max_hp_gain":0,"max_hp_loss":0,"event_name":"Transmorgrifier","floor":28,"gold_loss":0}],"is_beta":false,"boss_relics":[{"not_picked":["Orrery","Runic Pyramid"],"picked":"Sozu"}],"items_purged_floors":[],"is_endless":false,"potions_floor_spawned":[1,4,5,10,18,22,29],"killed_by":"Collector","ascension_level":0}