{"gold_per_floor":[109,109,124,142,142,175,175,250,250,250,264,282,282,60,60,159,159,175,190,200,27,27,27,27,27,100,4,4,16,16,33,33,132,132,144,159,175,135,146,146,50,62,62,62],"floor_reached":44,"playtime":5061,"items_purged":[],"score":435,"play_id":"c871ebf5-b0ce-4e57-b1a7-93087c70c7ae","local_time":"20181223162507","is_ascension_mode":false,"campfire_choices":[{"floor":7,"key":"REST"},{"floor":10,"key":"REST"},{"floor":15,"key":"REST"},{"floor":23,"key":"REST"},{"floor":25,"key":"REST"},{"floor":32,"key":"REST"},{"floor":40,"key":"REST"}],"neow_cost":"NONE","seed_source_timestamp":2208523075013782,"circlet_count":0,"master_deck":["Strike_R+1","Strike_R+1","Defend_R+1","Defend_R+1","Bash","Thunderclap","Metallicize","Cleave","Intimidate+1","Perfected Strike","Anger","Iron Wave","Master of Strategy+1","Dropkick","Reaper","Sever Soul+1","Thunderclap+1","Combust+1","Body Slam+1","Iron Wave","Rupture+1","Chrysalis","Dramatic Entrance","Shrug It Off","Warcry","Fiend Fire","Rage","Clash+1","Parasite","Swift Strike","Rampage+1"],"relics":["Burning Blood","NeowsBlessing","FaceOfCleric","Kunai","Bottled Tornado","Astrolabe","Pantograph","Nunchaku","Velvet Choker","Darkstone Periapt"],"potions_floor_usage":[],"damage_taken":[{"damage":0,"enemies":"Small Slimes","floor":1,"turns":1},{"damage":0,"enemies":"Cultist","floor":3,"turns":1},{"damage":0,"enemies":"Jaw Worm","floor":4,"turns":1},{"damage":68,"enemies":"Lagavulin","floor":6,"turns":9},{"damage":9,"enemies":"Blue Slaver","floor":11,"turns":4},{"damage":0,"enemies":"Large Slime","floor":12,"turns":5},{"damage":50,"enemies":"The Guardian","floor":16,"turns":13},{"damage":42,"enemies":"2 Thieves","floor":18,"turns":4},{"damage":24,"enemies":"Spheric Guardian","floor":19,"turns":4},{"damage":27,"enemies":"Snecko","floor":20,"turns":6},{"damage":28,"enemies":"Snake Plant","floor":29,"turns":5},{"damage":19,"enemies":"Cultist and Chosen","floor":31,"turns":7},{"damage":68,"enemies":"Champ","floor":33,"turns":13},{"damage":33,"enemies":"3 Shapes","floor":35,"turns":3},{"damage":5,"enemies":"Orb Walker","floor":36,"turns":4},{"damage":20,"enemies":"Transient","floor":37,"turns":5},{"damage":51,"enemies":"Writhing Mass","floor":39,"turns":8},{"damage":18,"enemies":"3 Darklings","floor":42,"turns":8},{"damage":42,"enemies":"2 Orb Walkers","floor":44,"turns":2}],"seed_played":"511938706496405761","potions_obtained":[{"floor":1,"key":"SkillPotion"},{"floor":12,"key":"Fire Potion"},{"floor":18,"key":"LiquidBronze"},{"floor":33,"key":"SkillPotion"}],"is_trial":false,"path_per_floor":["M","?","M","M","?","E","R","?","T","R","M","M","?","$","R","B",null,"M","M","M","$","?","R","?","R","T","$","?","M","?","M","R","B",null,"M","M","M","?","M","R","$","M","T","?"],"character_chosen":"IRONCLAD","items_purchased":["Master of Strategy","Dropkick","Chrysalis","Dramatic Entrance","Swift Strike"],"campfire_rested":7,"item_purchase_floors":[14,14,21,27,41],"current_hp_per_floor":[80,80,81,82,75,14,38,27,27,51,49,56,56,56,81,38,86,51,34,20,20,20,46,46,72,72,72,55,34,34,26,54,18,97,71,73,60,60,16,46,46,35,35,0],"gold":62,"neow_bonus":"THREE_ENEMY_KILL","is_prod":false,"is_daily":false,"chose_seed":false,"campfire_upgraded":0,"win_rate":0.0,"timestamp":1545578707,"path_taken":["M","?","?","M","?","E","R","?","T","R","M","M","?","$","R","BOSS","M","M","M","$","?","R","?","R","T","$","?","M","?","?","R","BOSS","M","?","M","?","?","R","$","M","T","?"],"build_version":"2018-12-20","purchased_purges":0,"victory":false,"max_hp_per_floor":[80,80,81,82,82,83,83,83,83,83,84,85,85,85,85,86,86,87,88,89,89,89,89,89,89,89,89,94,95,95,96,96,97,97,98,99,100,100,101,101,101,102,102,102],"card_choices":[{"not_picked":["Hemokinesis","Shrug It Off"],"picked":"Thunderclap","floor":1},{"not_picked":["Pommel Strike","Thunderclap"],"picked":"Metallicize","floor":3},{"not_picked":["Clothesline","Armaments"],"picked":"Cleave","floor":4},{"not_picked":["Fire Breathing","Double Tap"],"picked":"Intimidate","floor":6},{"not_picked":["True Grit","Twin Strike"],"picked":"Perfected Strike","floor":11},{"not_picked":["Warcry","Infernal Blade"],"picked":"Anger","floor":12},{"not_picked":["Offering","Brutality"],"picked":"Reaper","floor":16},{"not_picked":["Pommel Strike+1","Infernal Blade"],"picked":"Body Slam+1","floor":18},{"not_picked":["Warcry","Dual Wield"],"picked":"Iron Wave","floor":19},{"not_picked":["Iron Wave","Flex"],"picked":"Rupture+1","floor":20},{"not_picked":["Pommel Strike","Flex+1"],"picked":"Shrug It Off","floor":29},{"not_picked":["Iron Wave","Twin Strike"],"picked":"Warcry","floor":31},{"not_picked":["Berserk","Offering"],"picked":"Fiend Fire","floor":33},{"not_picked":["Armaments","Fire Breathing+1"],"picked":"Rage","floor":35},{"not_picked":["Twin Strike+1","Intimidate+1","Warcry+1"],"picked":"SKIP","floor":36},{"not_picked":["Disarm+1","Intimidate+1"],"picked":"Clash+1","floor":37},{"not_picked":["Flex+1","True Grit+1","Perfected Strike+1"],"picked":"SKIP","floor":39},{"not_picked":["Carnage","Flame Barrier"],"picked":"Rampage+1","floor":42}],"player_experience":699,"relics_obtained":[{"floor":6,"key":"Kunai"},{"floor":9,"key":"Bottled Tornado"},{"floor":26,"key":"Pantograph"},{"floor":43,"key":"Darkstone Periapt"}],"event_choices":[{"damage_healed":0,"gold_gain":0,"player_choice":"Trade","damage_taken":0,"relics_obtained":["FaceOfCleric"],"max_hp_gain":0,"max_hp_loss":0,"event_name":"FaceTrader","floor":2,"gold_loss":0},{"cards_removed":["Strike_R"],"damage_healed":0,"gold_gain":0,"player_choice":"Card Removal","damage_taken":7,"max_hp_gain":0,"max_hp_loss":0,"event_name":"Golden Wing","floor":5,"gold_loss":0},{"damage_healed":0,"gold_gain":75,"player_choice":"Gather Gold","damage_taken":11,"max_hp_gain":0,"max_hp_loss":0,"event_name":"World of Goop","floor":8,"gold_loss":0},{"cards_removed":["Strike_R"],"damage_healed":0,"gold_gain":0,"player_choice":"Took Card","damage_taken":0,"max_hp_gain":0,"max_hp_loss":0,"event_name":"NoteForYourself","floor":13,"gold_loss":0,"cards_obtained":["Iron Wave"]},{"damage_healed":0,"gold_gain":0,"player_choice":"Simplicity","damage_taken":0,"max_hp_gain":0,"max_hp_loss":0,"event_name":"Back to Basics","floor":22,"gold_loss":0,"cards_upgraded":["Strike_R","Strike_R","Defend_R","Defend_R"]},{"damage_healed":0,"gold_gain":0,"player_choice":"Ignored","damage_taken":0,"max_hp_gain":0,"max_hp_loss":0,"event_name":"Ghosts","floor":24,"gold_loss":0},{"damage_healed":0,"gold_gain":0,"player_choice":"Shed Blood","damage_taken":22,"max_hp_gain":5,"max_hp_loss":0,"event_name":"Forgotten Altar","floor":28,"gold_loss":0},{"damage_healed":0,"gold_gain":0,"player_choice":"Gave Potion","damage_taken":0,"relics_obtained":["Nunchaku"],"max_hp_gain":0,"max_hp_loss":0,"event_name":"WeMeetAgain","floor":30,"gold_loss":0},{"damage_healed":0,"gold_gain":0,"player_choice":"Upgraded Two","damage_taken":0,"max_hp_gain":0,"max_hp_loss":0,"event_name":"Designer","floor":38,"gold_loss":40,"cards_upgraded":["Master of Strategy","Intimidate"]},{"damage_healed":0,"gold_gain":0,"player_choice":"Fight","damage_taken":0,"max_hp_gain":0,"max_hp_loss":0,"event_name":"Mysterious Sphere","floor":44,"gold_loss":0}],"is_beta":false,"boss_relics":[{"not_picked":["Orrery","Sozu"],"picked":"Astrolabe"},{"not_picked":["Eternal Feather","Fusion Hammer"],"picked":"Velvet Choker"}],"items_purged_floors":[],"is_endless":false,"potions_floor_spawned":[1,12,18,20,33,35,36,37,42],"killed_by":"2 Orb Walkers","ascension_level":0}