{"gold_per_floor":[117,117,128,146,146,146,181,191,243,243,259,269,70,96,96,169,169,169,169,169,169,169,169,169,169,169,169,169],"floor_reached":28,"playtime":1463,"items_purged":["Strike_R"],"score":441,"play_id":"23988a84-f891-40b8-9c04-2ae7ff1a60ad","local_time":"20190206231721","is_ascension_mode":true,"campfire_choices":[{"data":"Uppercut","floor":6.0,"key":"SMITH"},{"floor":10.0,"key":"REST"},{"floor":15.0,"key":"REST"},{"floor":23.0,"key":"REST"},{"floor":25.0,"key":"REST"}],"neow_cost":"NONE","seed_source_timestamp":2490286417262244,"circlet_count":0,"master_deck":["AscendersBane","Strike_R","Strike_R","Strike_R+1","Defend_R","Defend_R","Defend_R","Defend_R","Bash+1","Headbutt","Wild Strike","Uppercut+1","Shrug It Off","Inflame","Cleave","Flame Barrier","Dropkick","Corruption","Whirlwind+1","Evolve","Offering","True Grit","Feel No Pain","Armaments","Iron Wave","Shrug It Off"],"special_seed":0,"relics":["Burning Blood","NeowsBlessing","Darkstone Periapt","Bag of Marbles","Dream Catcher","Ectoplasm","Whetstone"],"potions_floor_usage":[],"damage_taken":[{"damage":0.0,"enemies":"Cultist","floor":1.0,"turns":1.0},{"damage":0.0,"enemies":"2 Louse","floor":3.0,"turns":1.0},{"damage":0.0,"enemies":"Jaw Worm","floor":4.0,"turns":1.0},{"damage":28.0,"enemies":"3 Sentries","floor":7.0,"turns":10.0},{"damage":13.0,"enemies":"Large Slime","floor":8.0,"turns":5.0},{"damage":16.0,"enemies":"Exordium Thugs","floor":11.0,"turns":6.0},{"damage":11.0,"enemies":"3 Louse","floor":12.0,"turns":3.0},{"damage":15.0,"enemies":"Lagavulin","floor":14.0,"turns":5.0},{"damage":21.0,"enemies":"Slime Boss","floor":16.0,"turns":8.0},{"damage":29.0,"enemies":"Spheric Guardian","floor":18.0,"turns":4.0},{"damage":20.0,"enemies":"Shell Parasite","floor":21.0,"turns":6.0},{"damage":24.0,"enemies":"Snake Plant","floor":22.0,"turns":4.0},{"damage":23.0,"enemies":"Centurion and Healer","floor":24.0,"turns":8.0},{"damage":24.0,"enemies":"3 Cultists","floor":27.0,"turns":4.0},{"damage":22,"enemies":"Cultist and Chosen","floor":28,"turns":5}],"seed_played":"-7477804075915555519","potions_obtained":[{"floor":3.0,"key":"Block Potion"},{"floor":8.0,"key":"Poison Potion"},{"floor":12.0,"key":"SpeedPotion"},{"floor":14.0,"key":"Block Potion"},{"floor":27.0,"key":"PowerPotion"}],"is_trial":false,"path_per_floor":["M","?","M","M","?","R","E","M","T","R","M","M","$","E","R","B",null,"M","?","?","M","M","R","M","R","T","M","M"],"character_chosen":"IRONCLAD","items_purchased":["Dropkick","Corruption"],"campfire_rested":4,"item_purchase_floors":[13,13],"current_hp_per_floor":[74,74,75,75,68,68,46,39,39,61,51,46,46,37,59,44,67,44,44,44,30,12,34,17,39,39,21,0],"gold":169,"neow_bonus":"THREE_ENEMY_KILL","is_prod":false,"is_daily":false,"chose_seed":false,"campfire_upgraded":1,"win_rate":0,"timestamp":1549513041,"path_taken":["M","?","M","?","?","R","E","M","T","R","M","M","$","E","R","BOSS","M","?","?","M","M","R","M","R","T","M","M"],"build_version":"2019-01-23","purchased_purges":1,"victory":false,"max_hp_per_floor":[75,75,75,75,75,75,75,75,75,75,75,75,75,75,75,75,75,75,75,75,75,75,75,75,75,75,75,75],"card_choices":[{"not_picked":["Cleave","Bloodletting"],"picked":"Headbutt","floor":1.0},{"not_picked":["Pummel","Thunderclap"],"picked":"Wild Strike","floor":3.0},{"not_picked":["Heavy Blade","Intimidate"],"picked":"Uppercut","floor":4.0},{"not_picked":["Cleave","Disarm"],"picked":"Shrug It Off","floor":7.0},{"not_picked":["Havoc","Armaments"],"picked":"Inflame","floor":8.0},{"not_picked":["Sword Boomerang","Havoc"],"picked":"Cleave","floor":11.0},{"not_picked":["Metallicize","Clash"],"picked":"Flame Barrier","floor":12.0},{"not_picked":["Disarm","Heavy Blade"],"picked":"Whirlwind","floor":14.0},{"not_picked":["Thunderclap","Clash"],"picked":"Evolve","floor":15.0},{"not_picked":["Exhume","Juggernaut"],"picked":"Offering","floor":16.0},{"not_picked":["Thunderclap","Pommel Strike"],"picked":"True Grit","floor":18.0},{"not_picked":["Perfected Strike","Burning Pact"],"picked":"Armaments","floor":21.0},{"not_picked":["Havoc","Clothesline","Wild Strike"],"picked":"SKIP","floor":22.0},{"not_picked":["Cleave","Dual Wield"],"picked":"Iron Wave","floor":23.0},{"not_picked":["Heavy Blade+1","Uppercut"],"picked":"Shrug It Off","floor":24.0},{"not_picked":["Havoc","Sword Boomerang","Dual Wield"],"picked":"SKIP","floor":27.0}],"player_experience":422996,"relics_obtained":[{"floor":7.0,"key":"Darkstone Periapt"},{"floor":9.0,"key":"Bag of Marbles"},{"floor":14.0,"key":"Dream Catcher"},{"floor":26.0,"key":"Whetstone"}],"event_choices":[{"damage_healed":0.0,"max_hp_gain":0.0,"max_hp_loss":0.0,"gold_gain":0.0,"event_name":"Upgrade Shrine","player_choice":"Upgraded","floor":2.0,"gold_loss":0.0,"damage_taken":0.0,"cards_upgraded":["Bash"]},{"cards_removed":["Strike_R"],"damage_healed":0.0,"max_hp_gain":0.0,"max_hp_loss":0.0,"gold_gain":0.0,"event_name":"Golden Wing","player_choice":"Card Removal","floor":5.0,"gold_loss":0.0,"damage_taken":7.0},{"damage_healed":0.0,"max_hp_gain":0.0,"max_hp_loss":0.0,"gold_gain":0.0,"event_name":"Vampires","player_choice":"Ignored","floor":19.0,"gold_loss":0.0,"damage_taken":0.0},{"damage_healed":0.0,"max_hp_gain":0.0,"max_hp_loss":0.0,"gold_gain":0.0,"event_name":"The Library","player_choice":"Read","floor":20.0,"gold_loss":0.0,"damage_taken":0.0,"cards_obtained":["Feel No Pain"]}],"is_beta":false,"boss_relics":[{"not_picked":["Eternal Feather","Tiny House"],"picked":"Ectoplasm"}],"items_purged_floors":[13],"is_endless":false,"potions_floor_spawned":[3,8,12,14,27],"killed_by":"Cultist and Chosen","ascension_level":18}