{"gold_per_floor":[213,213,229,229,239,270,16,16,91,105,120,146,166,183,183,288,288,301,301,226,226,226,226],"floor_reached":23,"playtime":1152,"items_purged":[],"score":210,"play_id":"6442d7ba-064e-45f6-b6d0-b99221b3a489","local_time":"20181118210402","is_ascension_mode":true,"campfire_choices":[{"data":"Consume","floor":8,"key":"SMITH"},{"data":"Redo","floor":15,"key":"SMITH"}],"neow_cost":"NONE","seed_source_timestamp":362817046301090,"circlet_count":0,"master_deck":["Strike_B","Strike_B+1","Defend_B","Defend_B","Zap","Dualcast+1","Cold Snap","Compile Driver+1","Consume+1","Redo+1","Blizzard","Cold Snap","Chill","Consume","Fission","Compile Driver+1","Multi-Cast","Core Surge"],"relics":["FrozenCore","Anchor","Frozen Egg 2","Meat on the Bone","Regal Pillow"],"potions_floor_usage":[6,16],"damage_taken":[{"damage":0,"enemies":"Cultist","floor":1,"turns":3},{"damage":0,"enemies":"Small Slimes","floor":3,"turns":2},{"damage":7,"enemies":"Jaw Worm","floor":5,"turns":2},{"damage":24,"enemies":"3 Sentries","floor":6,"turns":7},{"damage":5,"enemies":"Gremlin Gang","floor":10,"turns":3},{"damage":0,"enemies":"Exordium Wildlife","floor":11,"turns":3},{"damage":3,"enemies":"Blue Slaver","floor":13,"turns":2},{"damage":0,"enemies":"2 Fungi Beasts","floor":14,"turns":2},{"damage":20,"enemies":"Hexaghost","floor":16,"turns":13},{"damage":22,"enemies":"Spheric Guardian","floor":18,"turns":7},{"damage":19,"enemies":"Colosseum Slavers","floor":22,"turns":5},{"damage":32,"enemies":"Slavers","floor":23,"turns":4}],"seed_played":"1725717822410185389","potions_obtained":[{"floor":1,"key":"FearPotion"},{"floor":5,"key":"Fire Potion"},{"floor":14,"key":"FearPotion"}],"is_trial":false,"path_per_floor":["M","?","M","?","M","E","$","R","T","M","M","T","M","M","R","B",null,"M","?","?","?","?","E"],"character_chosen":"DEFECT","items_purchased":["Frozen Egg 2"],"campfire_rested":0,"item_purchase_floors":[7],"current_hp_per_floor":[75,60,60,60,53,29,29,29,29,36,48,48,45,45,45,37,75,53,53,53,53,46,14],"gold":226,"neow_bonus":"HUNDRED_GOLD","is_prod":false,"is_daily":false,"chose_seed":false,"campfire_upgraded":2,"win_rate":0,"timestamp":1542593042,"path_taken":["M","?","M","?","M","E","$","R","T","?","M","?","?","M","R","BOSS","M","?","?","?","?","E"],"build_version":"2018-11-15","purchased_purges":0,"victory":false,"max_hp_per_floor":[75,75,75,75,75,75,75,75,75,75,75,75,75,75,75,75,75,75,75,75,75,75,75],"card_choices":[{"not_picked":["Chaos","Hologram"],"picked":"Cold Snap","floor":1},{"not_picked":["Genetic Algorithm","Machine Learning"],"picked":"Compile Driver","floor":3},{"not_picked":["Turbo","Stack"],"picked":"Consume","floor":5},{"not_picked":["Steam","Machine Learning"],"picked":"Redo","floor":6},{"not_picked":["Beam Cell","Sweeping Beam"],"picked":"Blizzard","floor":10},{"not_picked":["Sweeping Beam","Streamline"],"picked":"Cold Snap","floor":11},{"not_picked":["Ball Lightning","Leap"],"picked":"Chill","floor":13},{"not_picked":["Blizzard","Skim"],"picked":"Consume","floor":14},{"not_picked":["Core Surge","Biased Cognition+1"],"picked":"Fission","floor":16},{"not_picked":["Beam Cell","BootSequence"],"picked":"Compile Driver+1","floor":18}],"player_experience":162205,"relics_obtained":[{"floor":6,"key":"Anchor"},{"floor":9,"key":"Meat on the Bone"},{"floor":12,"key":"Regal Pillow"}],"event_choices":[{"damage_healed":0,"gold_gain":0,"player_choice":"Entered Light","damage_taken":15,"max_hp_gain":0,"max_hp_loss":0,"event_name":"Shining Light","floor":2,"gold_loss":0,"cards_upgraded":["Dualcast","Strike_B"]},{"damage_healed":0,"gold_gain":0,"player_choice":"Upgraded","damage_taken":0,"max_hp_gain":0,"max_hp_loss":0,"event_name":"Upgrade Shrine","floor":4,"gold_loss":0,"cards_upgraded":["Compile Driver"]},{"damage_healed":0,"gold_gain":0,"cards_transformed":["Strike_B","Strike_B"],"player_choice":"Became Test Subject","damage_taken":0,"max_hp_gain":0,"max_hp_loss":0,"event_name":"Drug Dealer","floor":19,"gold_loss":0,"cards_obtained":["Multi-Cast","Core Surge"]},{"cards_removed":["Defend_B"],"damage_healed":0,"gold_gain":0,"player_choice":"Gave Gold","damage_taken":0,"max_hp_gain":0,"max_hp_loss":0,"event_name":"Beggar","floor":20,"gold_loss":75},{"cards_removed":["Defend_B"],"damage_healed":0,"gold_gain":0,"player_choice":"Elegance","damage_taken":0,"max_hp_gain":0,"max_hp_loss":0,"event_name":"Back to Basics","floor":21,"gold_loss":0},{"damage_healed":0,"gold_gain":0,"player_choice":"Fight","damage_taken":0,"max_hp_gain":0,"max_hp_loss":0,"event_name":"Colosseum","floor":22,"gold_loss":0},{"damage_healed":0,"gold_gain":0,"player_choice":"Fled From Nobs","damage_taken":0,"max_hp_gain":0,"max_hp_loss":0,"event_name":"Colosseum","floor":22,"gold_loss":0}],"is_beta":false,"boss_relics":[{"not_picked":["Philosopher\u0027s Stone","Fusion Hammer"],"picked":"FrozenCore"}],"items_purged_floors":[],"is_endless":false,"potions_floor_spawned":[1,5,14,22],"killed_by":"Slavers","ascension_level":2}