{"gold_per_floor":[10,10,10,25,45,58,58,58,130,130,154,154,44,105,105,225,225,249,272,3,3],"floor_reached":21,"playtime":1642,"items_purged":["Strike_B","Strike_B"],"score":224,"play_id":"cc2788c3-e000-4602-923e-7fa530124ecc","local_time":"20181030223731","is_ascension_mode":true,"campfire_choices":[{"data":"Defragment","floor":10,"key":"SMITH"},{"floor":15,"key":"REST"}],"neow_cost":"NO_GOLD","seed_source_timestamp":1803731936643875,"circlet_count":0,"master_deck":["Strike_B","Strike_B","Defend_B","Defend_B","Defend_B","Defend_B","Zap","Dualcast","Jack Of All Trades","Blind","Defragment+1","Meteor Strike","Hologram","Coolheaded","Self Repair","Loop","Leap","Electrodynamics","Conserve Battery","Apotheosis"],"relics":["Cracked Core","Golden Idol","Letter Opener","Tiny Chest","Snecko Eye"],"potions_floor_usage":[4,14,14,19],"damage_taken":[{"damage":11,"enemies":"2 Louse","floor":1,"turns":3},{"damage":2,"enemies":"Jaw Worm","floor":4,"turns":4},{"damage":0,"enemies":"Cultist","floor":5,"turns":3},{"damage":14,"enemies":"Red Slaver","floor":6,"turns":3},{"damage":1,"enemies":"Exordium Thugs","floor":11,"turns":4},{"damage":20,"enemies":"Gremlin Nob","floor":14,"turns":4},{"damage":19,"enemies":"Hexaghost","floor":16,"turns":14},{"damage":36,"enemies":"2 Thieves","floor":18,"turns":3},{"damage":5,"enemies":"Chosen","floor":19,"turns":4},{"damage":56,"enemies":"Shelled Parasite and Fungi","floor":21,"turns":3}],"seed_played":"8454241506472957063","potions_obtained":[{"floor":1,"key":"SkillPotion"},{"floor":4,"key":"GamblersBrew"},{"floor":11,"key":"Swift Potion"},{"floor":18,"key":"Weak Potion"}],"is_trial":false,"path_per_floor":["M","?","?","M","M","M","?","$","T","R","M","?","$","E","R","B",null,"M","M","$"],"character_chosen":"DEFECT","items_purchased":["Loop","Apotheosis"],"campfire_rested":1,"item_purchase_floors":[13,20],"current_hp_per_floor":[64,46,46,44,44,30,55,55,55,55,54,47,47,34,56,44,67,38,40,40,0],"gold":3,"neow_bonus":"RANDOM_COLORLESS_2","is_prod":false,"is_daily":false,"chose_seed":false,"campfire_upgraded":1,"win_rate":0,"timestamp":1540953451,"path_taken":["M","?","?","?","M","M","?","$","T","R","?","?","$","E","R","BOSS","M","M","$","M"],"build_version":"2018-10-25v2","purchased_purges":2,"victory":false,"max_hp_per_floor":[75,75,75,75,75,75,75,75,75,75,75,75,75,75,75,75,75,75,75,75,75],"card_choices":[{"not_picked":["Hologram","Aggregate"],"picked":"Defragment","floor":1},{"not_picked":["Barrage","Darkness"],"picked":"Hologram","floor":4},{"not_picked":["Rebound","Sweeping Beam","Rip and Tear"],"picked":"SKIP","floor":5},{"not_picked":["Self Repair","Ball Lightning"],"picked":"Coolheaded","floor":6},{"not_picked":["Compile Driver","BootSequence"],"picked":"Self Repair","floor":11},{"not_picked":["Turbo","Skim"],"picked":"Leap","floor":14},{"not_picked":["Buffer","Seek"],"picked":"Electrodynamics","floor":16},{"not_picked":["Ball Lightning","Turbo"],"picked":"Conserve Battery","floor":18},{"not_picked":["Cold Snap+1","Reprogram","Ball Lightning+1"],"picked":"SKIP","floor":19}],"player_experience":431335,"relics_obtained":[{"floor":9,"key":"Letter Opener"},{"floor":14,"key":"Tiny Chest"}],"event_choices":[{"damage_healed":0,"gold_gain":0,"player_choice":"Take Damage","damage_taken":18,"relics_obtained":["Golden Idol"],"max_hp_gain":0,"max_hp_loss":0,"event_name":"Golden Idol","floor":2,"gold_loss":0},{"damage_healed":0,"gold_gain":0,"player_choice":"2 cards matched","damage_taken":0,"max_hp_gain":0,"max_hp_loss":0,"event_name":"Match and Keep!","floor":3,"gold_loss":0,"cards_obtained":["Writhe","Meteor Strike"]},{"damage_healed":25,"gold_gain":0,"player_choice":"Banana","damage_taken":0,"max_hp_gain":0,"max_hp_loss":0,"event_name":"Big Fish","floor":7,"gold_loss":0},{"cards_removed":["Writhe"],"damage_healed":0,"gold_gain":0,"player_choice":"Card Removal","damage_taken":7,"max_hp_gain":0,"max_hp_loss":0,"event_name":"Golden Wing","floor":12,"gold_loss":0}],"is_beta":false,"boss_relics":[{"not_picked":["Sozu","Orrery"],"picked":"Snecko Eye"}],"items_purged_floors":[13,20],"is_endless":false,"potions_floor_spawned":[1,4,11,18],"killed_by":"Shelled Parasite and Fungi","ascension_level":5}