{"gold_per_floor":[110,70,70,245,261,288,300,329,389,413,278,278,295,310,310,408,408,421,421,172,186,186,186,202,212,282,293,293],"floor_reached":28,"playtime":1196,"items_purged":["Doubt"],"score":247,"play_id":"e5515d2b-8813-449a-8d14-d71b3ea97e03","local_time":"20181016022940","daily_mods":["SealedDeck"],"is_ascension_mode":false,"campfire_choices":[{"data":"Footwork","floor":7,"key":"SMITH"},{"floor":15,"key":"REST"},{"floor":23,"key":"REST"}],"neow_cost":"","seed_source_timestamp":0,"circlet_count":0,"master_deck":["Flying Knee","Dodge and Roll","Deflect","Backflip","Deflect","Blade Dance","Blade Dance","Escape Plan","Accuracy","Setup","Infinite Blades","Footwork+1","Cloak And Dagger","Infinite Blades","PiercingWail","Bullet Time","Dodge and Roll","Terror","Dodge and Roll"],"relics":["Ring of the Snake","MawBank","Bronze Scales","Philosopher\u0027s Stone","Ornamental Fan","Pear"],"potions_floor_usage":[6,14,25,28],"damage_taken":[{"damage":0,"enemies":"Cultist","floor":1,"turns":3},{"damage":7,"enemies":"2 Louse","floor":5,"turns":3},{"damage":46,"enemies":"Gremlin Nob","floor":6,"turns":5},{"damage":0,"enemies":"Jaw Worm","floor":8,"turns":3},{"damage":0,"enemies":"2 Fungi Beasts","floor":10,"turns":3},{"damage":9,"enemies":"Large Slime","floor":13,"turns":3},{"damage":5,"enemies":"Exordium Wildlife","floor":14,"turns":4},{"damage":21,"enemies":"Slime Boss","floor":16,"turns":8},{"damage":27,"enemies":"3 Byrds","floor":18,"turns":4},{"damage":16,"enemies":"2 Thieves","floor":21,"turns":4},{"damage":7,"enemies":"Snecko","floor":24,"turns":5},{"damage":36,"enemies":"Snake Plant","floor":25,"turns":5},{"damage":16,"enemies":"3 Cultists","floor":27,"turns":6},{"damage":29,"enemies":"Cultist and Chosen","floor":28,"turns":6}],"seed_played":"-865978529714644193","potions_obtained":[{"floor":1,"key":"AttackPotion"},{"floor":5,"key":"SneckoOil"},{"floor":8,"key":"Fire Potion"},{"floor":16,"key":"Block Potion"},{"floor":21,"key":"Dexterity Potion"},{"floor":25,"key":"Fruit Juice"}],"is_trial":true,"path_per_floor":["M","$","?","?","M","E","R","M","T","M","$","?","M","M","R","B",null,"M","?","$","M","?","R","M","M","T","M"],"character_chosen":"THE_SILENT","items_purchased":["Infinite Blades","Infinite Blades","Ornamental Fan"],"campfire_rested":2,"item_purchase_floors":[2,11,20],"current_hp_per_floor":[70,70,70,70,63,17,17,17,17,17,17,17,8,3,24,3,70,43,43,43,27,27,48,41,10,20,4,0],"gold":293,"neow_bonus":"","is_prod":false,"is_daily":false,"chose_seed":false,"campfire_upgraded":1,"win_rate":0,"timestamp":1539624580,"path_taken":["M","$","?","?","M","E","R","?","T","M","$","?","M","M","R","BOSS","M","?","$","M","?","R","M","M","T","?","M"],"build_version":"2018-10-11","purchased_purges":1,"victory":false,"max_hp_per_floor":[70,70,70,70,70,70,70,70,70,70,70,70,70,70,70,70,70,70,70,70,70,70,70,70,75,85,85,85],"card_choices":[{"not_picked":["Outmaneuver","Poisoned Stab"],"picked":"Setup","floor":1},{"not_picked":["Deadly Poison","Slice","Sucker Punch"],"picked":"SKIP","floor":5},{"not_picked":["Underhanded Strike","Backflip"],"picked":"Footwork","floor":6},{"not_picked":["Dodge and Roll","Acrobatics"],"picked":"Cloak And Dagger","floor":8},{"not_picked":["Flechettes","Setup","Dagger Spray"],"picked":"SKIP","floor":10},{"not_picked":["Slice","Catalyst"],"picked":"PiercingWail","floor":13},{"not_picked":["Quick Slash","Distraction","Leg Sweep"],"picked":"SKIP","floor":14},{"not_picked":["Wraith Form v2","Burst"],"picked":"Bullet Time","floor":16},{"not_picked":["Acrobatics","Slice","Crippling Poison"],"picked":"SKIP","floor":18},{"not_picked":["Underhanded Strike","Outmaneuver+1","Sucker Punch"],"picked":"SKIP","floor":21},{"not_picked":["Prepared+1","Bane"],"picked":"Dodge and Roll","floor":24},{"not_picked":["Backstab","Doppelganger"],"picked":"Terror","floor":25},{"not_picked":["Tactician","Poisoned Stab"],"picked":"Dodge and Roll","floor":27}],"player_experience":514328,"relics_obtained":[{"floor":6,"key":"MawBank"},{"floor":9,"key":"Bronze Scales"},{"floor":26,"key":"Pear"}],"event_choices":[{"event_name":"The Cleric","player_choice":"Leave","floor":3,"damage_taken":0},{"event_name":"Liars Game","player_choice":"agreed","floor":4,"damage_taken":0},{"event_name":"Shining Light","player_choice":"Ignored","floor":12,"damage_taken":0},{"event_name":"Purifier","player_choice":"One Purge","floor":19,"damage_taken":0},{"event_name":"NoteForYourself","player_choice":"Ignored","floor":22,"damage_taken":0}],"is_beta":true,"boss_relics":[{"not_picked":["Eternal Feather","Lizard Tail"],"picked":"Philosopher\u0027s Stone"}],"items_purged_floors":[11],"is_endless":false,"potions_floor_spawned":[1,5,8,16,21,25],"killed_by":"Cultist and Chosen","ascension_level":0}