{"gold_per_floor":[116,216,229,58,72,72,50,50,50,82,92,92,92,111,111,215,215,234,248,173,98,98,130,130,142,142,157,157,157,187,204,204,204],"floor_reached":33,"playtime":1754,"items_purged":["Strike_G"],"score":285,"play_id":"b7060f5d-b334-43cf-9ed0-3becd288ecbb","local_time":"20190119092801","is_ascension_mode":false,"campfire_choices":[{"data":"Adrenaline","floor":6,"key":"SMITH"},{"data":"1","floor":13,"key":"LIFT"},{"data":"2","floor":15,"key":"LIFT"},{"data":"3","floor":24,"key":"LIFT"},{"floor":29,"key":"REST"},{"data":"Adrenaline","floor":32,"key":"SMITH"}],"neow_cost":"NONE","seed_source_timestamp":1476617267807194,"circlet_count":0,"master_deck":["Defend_G","Defend_G","Defend_G","Defend_G","Survivor","Neutralize","Acrobatics","Riddle With Holes","Adrenaline+1","Quick Slash","Poisoned Stab","Sucker Punch","Quick Slash","Skewer","Tactician","Dagger Throw","Adrenaline+1","Eviscerate+1","Backstab+1","Night Terror+1","All Out Attack","Skewer+1","A Thousand Cuts","Dodge and Roll+1","Calculated Gamble+1","Escape Plan+1"],"relics":["Ring of the Snake","Question Card","Girya","Bottled Flame","Astrolabe","Pocketwatch","Mercury Hourglass","Thread and Needle"],"potions_floor_usage":[],"damage_taken":[{"damage":2,"enemies":"Cultist","floor":1,"turns":4},{"damage":2,"enemies":"2 Louse","floor":3,"turns":3},{"damage":0,"enemies":"Jaw Worm","floor":5,"turns":4},{"damage":28,"enemies":"Gremlin Nob","floor":10,"turns":5},{"damage":0,"enemies":"2 Fungi Beasts","floor":11,"turns":2},{"damage":0,"enemies":"Large Slime","floor":14,"turns":3},{"damage":44,"enemies":"Slime Boss","floor":16,"turns":13},{"damage":0,"enemies":"Spheric Guardian","floor":18,"turns":2},{"damage":2,"enemies":"2 Thieves","floor":19,"turns":2},{"damage":48,"enemies":"Gremlin Leader","floor":23,"turns":3},{"damage":16,"enemies":"Snake Plant","floor":25,"turns":2},{"damage":2,"enemies":"Cultist and Chosen","floor":27,"turns":4},{"damage":7,"enemies":"Slavers","floor":30,"turns":3},{"damage":0,"enemies":"Chosen and Byrds","floor":31,"turns":3},{"damage":52,"enemies":"Collector","floor":33,"turns":5}],"seed_played":"-3225814872838981984","potions_obtained":[{"floor":1,"key":"EssenceOfSteel"},{"floor":5,"key":"Regen Potion"},{"floor":11,"key":"Block Potion"},{"floor":27,"key":"GhostInAJar"}],"is_trial":false,"path_per_floor":["M","?","M","$","M","R","$","?","T","E","M","T","R","M","R","B",null,"M","M","$","?","?","E","R","M","T","M","?","R","E","M","R","B"],"character_chosen":"THE_SILENT","items_purchased":["Adrenaline","Quick Slash","Poisoned Stab","Quick Slash"],"campfire_rested":1,"item_purchase_floors":[4,4,4,7],"current_hp_per_floor":[75,75,73,73,73,73,73,73,73,45,45,45,45,45,45,1,77,77,75,75,75,75,27,27,11,11,9,34,57,50,50,50,0],"gold":204,"neow_bonus":"TEN_PERCENT_HP_BONUS","is_prod":false,"is_daily":false,"chose_seed":false,"campfire_upgraded":2,"win_rate":0.0,"timestamp":1547886481,"path_taken":["M","?","M","?","?","R","$","?","T","E","M","?","R","M","R","BOSS","M","M","$","?","?","E","R","M","T","M","?","R","E","M","R","BOSS"],"build_version":"2019-01-17v2","purchased_purges":1,"victory":false,"max_hp_per_floor":[77,77,77,77,77,77,77,77,77,77,77,77,77,77,77,77,77,77,77,77,77,77,77,77,77,77,77,77,77,77,77,77,77],"card_choices":[{"not_picked":["Catalyst","Dagger Spray"],"picked":"Acrobatics","floor":1},{"not_picked":["Deadly Poison","Blade Dance"],"picked":"Riddle With Holes","floor":3},{"not_picked":["Acrobatics","Underhanded Strike"],"picked":"Sucker Punch","floor":5},{"not_picked":["Acrobatics","Dagger Throw","Masterful Stab"],"picked":"Skewer","floor":10},{"not_picked":["Footwork","Calculated Gamble","Backstab"],"picked":"Tactician","floor":11},{"not_picked":["Crippling Poison","Acrobatics","Terror"],"picked":"Dagger Throw","floor":14},{"not_picked":["Envenom","Glass Knife","A Thousand Cuts"],"picked":"Adrenaline","floor":16},{"not_picked":["Backflip+1","Masterful Stab+1","Dodge and Roll"],"picked":"All Out Attack","floor":18},{"not_picked":["Crippling Poison","Slice","Blade Dance"],"picked":"Skewer+1","floor":19},{"not_picked":["Backflip","Leg Sweep","Noxious Fumes"],"picked":"A Thousand Cuts","floor":23},{"not_picked":["Bane","Dagger Throw","Quick Slash"],"picked":"Dodge and Roll+1","floor":25},{"not_picked":["PiercingWail+1","Dagger Spray","Flying Knee+1"],"picked":"Calculated Gamble+1","floor":27},{"not_picked":["Eviscerate+1","A Thousand Cuts","Backflip"],"picked":"Escape Plan+1","floor":30},{"not_picked":["Sucker Punch+1","Bane","Calculated Gamble","Deadly Poison"],"picked":"SKIP","floor":31}],"player_experience":196531,"relics_obtained":[{"floor":9,"key":"Question Card"},{"floor":10,"key":"Girya"},{"floor":12,"key":"Bottled Flame"},{"floor":23,"key":"Pocketwatch"},{"floor":26,"key":"Mercury Hourglass"},{"floor":30,"key":"Thread and Needle"}],"event_choices":[{"damage_healed":0,"gold_gain":100,"player_choice":"Pray","damage_taken":0,"max_hp_gain":0,"max_hp_loss":0,"event_name":"Golden Shrine","floor":2,"gold_loss":0},{"cards_removed":["Strike_G"],"damage_healed":0,"gold_gain":0,"player_choice":"Forget","damage_taken":0,"max_hp_gain":0,"max_hp_loss":0,"event_name":"Living Wall","floor":8,"gold_loss":0},{"cards_removed":["Strike_G"],"damage_healed":0,"gold_gain":0,"player_choice":"Gave Gold","damage_taken":0,"max_hp_gain":0,"max_hp_loss":0,"event_name":"Beggar","floor":21,"gold_loss":75},{"damage_healed":0,"gold_gain":0,"player_choice":"Ignored","damage_taken":0,"max_hp_gain":0,"max_hp_loss":0,"event_name":"Vampires","floor":22,"gold_loss":0},{"damage_healed":25,"gold_gain":0,"player_choice":"Heal","damage_taken":0,"max_hp_gain":0,"max_hp_loss":0,"event_name":"The Library","floor":28,"gold_loss":0}],"is_beta":false,"boss_relics":[{"not_picked":["HoveringKite","Coffee Dripper"],"picked":"Astrolabe"}],"items_purged_floors":[20],"is_endless":false,"potions_floor_spawned":[1,5,11,18,19,27,31],"killed_by":"Collector","ascension_level":0}