{"gold_per_floor":[112,128,140,153,153,153,166,166,166,182,194,194],"floor_reached":12,"playtime":10434,"items_purged":[],"score":141,"play_id":"35ebfaeb-dead-4f3b-8e3f-81c833ab8823","local_time":"20190209151004","is_ascension_mode":true,"campfire_choices":[{"data":"Neutralize","floor":6,"key":"SMITH"},{"floor":8,"key":"REST"}],"neow_cost":"NONE","seed_source_timestamp":2228547245005789,"circlet_count":0,"master_deck":["AscendersBane","Defend_G","Defend_G","Defend_G","Defend_G","Defend_G","Strike_G","Strike_G","Strike_G","Strike_G","Strike_G","Survivor","Neutralize+1","Venomology","Deadly Poison","Noxious Fumes+1","Dodge and Roll","Backstab","Deflect"],"relics":["Ring of the Snake","Bottled Tornado"],"potions_floor_usage":[3,4,10,12,12,12],"damage_taken":[{"damage":5,"enemies":"Small Slimes","floor":1,"turns":5},{"damage":3,"enemies":"Cultist","floor":2,"turns":4},{"damage":1,"enemies":"2 Louse","floor":3,"turns":3},{"damage":11,"enemies":"Exordium Thugs","floor":4,"turns":6},{"damage":23,"enemies":"Lots of Slimes","floor":7,"turns":4},{"damage":10,"enemies":"Gremlin Gang","floor":10,"turns":4},{"damage":2,"enemies":"2 Fungi Beasts","floor":11,"turns":4},{"damage":28,"enemies":"Gremlin Nob","floor":12,"turns":3}],"seed_played":"-2898250232871775371","potions_obtained":[{"floor":2,"key":"GhostInAJar"},{"floor":11,"key":"EssenceOfSteel"}],"is_trial":false,"path_per_floor":["M","M","M","M","?","R","M","R","T","M","M","E"],"character_chosen":"THE_SILENT","items_purchased":[],"campfire_rested":1,"item_purchase_floors":[],"current_hp_per_floor":[54,51,50,39,39,39,16,35,35,25,23,0],"gold":194,"neow_bonus":"ONE_RANDOM_RARE_CARD","is_prod":false,"is_daily":false,"chose_seed":false,"campfire_upgraded":1,"win_rate":0,"timestamp":1549743004,"path_taken":["M","M","M","M","?","R","M","R","T","M","M","E"],"build_version":"2019-01-23","purchased_purges":0,"victory":false,"max_hp_per_floor":[66,66,66,66,66,66,66,66,66,66,66,66],"card_choices":[{"not_picked":["Concentrate","Eviscerate"],"picked":"Deadly Poison","floor":1},{"not_picked":["Caltrops","Prepared"],"picked":"Noxious Fumes","floor":2},{"not_picked":["Flying Knee","Distraction"],"picked":"Dodge and Roll","floor":3},{"not_picked":["Underhanded Strike","Sucker Punch","Slice"],"picked":"SKIP","floor":4},{"not_picked":["Quick Slash","Flechettes"],"picked":"Backstab","floor":7},{"not_picked":["Dodge and Roll","Dagger Throw","Storm of Steel"],"picked":"SKIP","floor":10},{"not_picked":["Underhanded Strike","Riddle With Holes"],"picked":"Deflect","floor":11}],"player_experience":3552451,"relics_obtained":[{"floor":9,"key":"Bottled Tornado"}],"event_choices":[{"damage_healed":0,"gold_gain":0,"player_choice":"Forge","damage_taken":0,"max_hp_gain":0,"max_hp_loss":0,"event_name":"Accursed Blacksmith","floor":5,"gold_loss":0,"cards_upgraded":["Noxious Fumes"]}],"is_beta":false,"boss_relics":[],"items_purged_floors":[],"is_endless":false,"potions_floor_spawned":[2,11],"killed_by":"Gremlin Nob","ascension_level":18}