{"gold_per_floor":[112,112,112,123,123,162,162,187,187,187,187,226,226,247,247,340,340,364,364,364,10,28,28,28,40,66,93,93,113,113,113,113,188,188,203,215,12,112,112,112,145,145,145,158,176,176,9,21,21,21,21],"floor_reached":52,"playtime":3774,"items_purged":["Strike_G","Strike_G","Strike_G"],"score":1937,"play_id":"de4ad4c1-6014-41fa-8089-fd419a5bce90","local_time":"20190121034910","is_ascension_mode":true,"campfire_choices":[{"floor":7.0,"key":"REST"},{"floor":10.0,"key":"REST"},{"floor":13.0,"key":"REST"},{"data":"Poisoned Stab","floor":15.0,"key":"SMITH"},{"data":"Footwork","floor":23.0,"key":"SMITH"},{"data":"Footwork","floor":30.0,"key":"SMITH"},{"floor":32.0,"key":"REST"},{"data":"Burst","floor":40,"key":"SMITH"},{"data":"Well Laid Plans","floor":42,"key":"SMITH"},{"data":"Outmaneuver","floor":46,"key":"SMITH"},{"data":"Dash","floor":49,"key":"SMITH"}],"neow_cost":"NONE","seed_source_timestamp":0,"circlet_count":0,"master_deck":["AscendersBane","Defend_G","Defend_G","Defend_G","Defend_G","Survivor","Backflip","Backflip","Dagger Spray","Footwork+1","Dodge and Roll","Dagger Throw","Malaise","Dash+1","PiercingWail","Poisoned Stab+1","After Image","Deadly Poison+1","Footwork+1","Well Laid Plans+1","Backflip","Burst+1","Envenom","Cloak And Dagger","Crippling Poison+1","Dodge and Roll","Backflip","Outmaneuver+1","Dash","Riddle With Holes"],"special_seed":0,"relics":["Orrery","Mercury Hourglass","Bloody Idol","The Specimen","Ancient Tea Set","The Courier","Snecko Eye","Membership Card","Snake Skull","Centennial Puzzle","Darkstone Periapt","Enchiridion","Sundial","Coffee Dripper","Pear","Ice Cream","Ornamental Fan","Letter Opener","TwistedFunnel"],"potions_floor_usage":[50,50],"damage_taken":[{"damage":0.0,"enemies":"Jaw Worm","floor":1.0,"turns":6.0},{"damage":0.0,"enemies":"2 Louse","floor":4.0,"turns":3.0},{"damage":39.0,"enemies":"Lagavulin","floor":6.0,"turns":10.0},{"damage":0.0,"enemies":"Small Slimes","floor":8.0,"turns":2.0},{"damage":27.0,"enemies":"Gremlin Nob","floor":12.0,"turns":5.0},{"damage":0.0,"enemies":"Blue Slaver","floor":14.0,"turns":4.0},{"damage":15.0,"enemies":"Hexaghost","floor":16.0,"turns":15.0},{"damage":11.0,"enemies":"3 Byrds","floor":18.0,"turns":4.0},{"damage":6.0,"enemies":"Shell Parasite","floor":22.0,"turns":8.0},{"damage":5.0,"enemies":"3 Cultists","floor":25.0,"turns":6.0},{"damage":0.0,"enemies":"Slavers","floor":27.0,"turns":6.0},{"damage":0.0,"enemies":"Snecko","floor":29.0,"turns":6.0},{"damage":15.0,"enemies":"Collector","floor":33.0,"turns":11.0},{"damage":1,"enemies":"Orb Walker","floor":35,"turns":4},{"damage":0,"enemies":"3 Shapes","floor":36,"turns":2},{"damage":0,"enemies":"Mind Bloom Boss Battle","floor":38,"turns":8},{"damage":0,"enemies":"Nemesis","floor":41,"turns":9},{"damage":12,"enemies":"3 Darklings","floor":44,"turns":5},{"damage":0,"enemies":"Sphere and 2 Shapes","floor":45,"turns":4},{"damage":0,"enemies":"4 Shapes","floor":48,"turns":2},{"damage":11,"enemies":"Awakened One","floor":50,"turns":13},{"damage":0,"enemies":"Time Eater","floor":51,"turns":17}],"seed_played":"7242125534473726103","potions_obtained":[{"floor":4.0,"key":"GamblersBrew"},{"floor":12.0,"key":"Block Potion"},{"floor":25.0,"key":"EssenceOfSteel"},{"floor":36,"key":"EssenceOfSteel"}],"is_trial":false,"path_per_floor":["M","?","?","M","?","E","R","M","T","R","?","E","R","M","R","B",null,"M","?","?","$","M","R","?","M","T","E","?","M","R","T","R","B",null,"M","M","$","?","?","R","E","R","T","M","M","R","$","M","R","B","B",null],"character_chosen":"THE_SILENT","items_purchased":["Membership Card","Footwork","Well Laid Plans","Snake Skull","Dexterity Potion","Pear","Dodge and Roll","Backflip","Dash","TwistedFunnel"],"campfire_rested":4,"item_purchase_floors":[21,21,21,21,21,37,37,37,47,47],"current_hp_per_floor":[59,54,47,47,47,8,26,26,26,44,44,17,35,35,35,20,50,39,39,39,39,38,38,38,38,43,48,27,32,32,32,50,40,55,59,60,70,70,70,70,70,70,70,63,68,68,68,70,70,59,59],"gold":21,"neow_bonus":"BOSS_RELIC","is_prod":false,"is_daily":false,"chose_seed":false,"campfire_upgraded":7,"win_rate":0,"timestamp":1548060550,"path_taken":["M","?","?","M","?","E","R","?","T","R","?","E","R","M","R","BOSS","M","?","?","$","?","R","?","M","T","E","?","M","R","?","R","BOSS","M","M","$","?","?","R","E","R","T","M","M","R","$","M","R","BOSS","BOSS"],"build_version":"2019-01-16","purchased_purges":3,"victory":true,"max_hp_per_floor":[66,66,66,66,60,60,60,60,60,60,60,60,60,60,60,60,60,60,60,60,60,60,60,60,60,60,60,60,60,60,60,60,60,60,60,60,70,70,70,70,70,70,70,70,70,70,70,70,70,70,70],"card_choices":[{"not_picked":["Dodge and Roll","Distraction"],"picked":"Backflip","floor":0.0},{"not_picked":["Blade Dance","Bane"],"picked":"Backflip","floor":0.0},{"not_picked":["Prepared","Slice"],"picked":"Dagger Spray","floor":0.0},{"not_picked":["Bane","Bouncing Flask"],"picked":"Footwork","floor":0.0},{"not_picked":["Bane","Masterful Stab"],"picked":"Dodge and Roll","floor":0.0},{"not_picked":["Bane","Setup"],"picked":"Dagger Throw","floor":1.0},{"not_picked":["Escape Plan","PiercingWail"],"picked":"Malaise","floor":4.0},{"not_picked":["Sucker Punch","Dagger Throw"],"picked":"Dash","floor":6.0},{"not_picked":["Setup","Accuracy","Tactician"],"picked":"SKIP","floor":8.0},{"not_picked":["Endless Agony","Bane"],"picked":"PiercingWail","floor":12.0},{"not_picked":["Expertise","Crippling Poison"],"picked":"Poisoned Stab","floor":14.0},{"not_picked":["Adrenaline","Envenom"],"picked":"After Image","floor":16.0},{"not_picked":["Dagger Throw","Underhanded Strike+1"],"picked":"Deadly Poison+1","floor":18.0},{"not_picked":["Sucker Punch","Prepared","Outmaneuver"],"picked":"SKIP","floor":22.0},{"not_picked":["Terror","Cloak And Dagger"],"picked":"Backflip","floor":25.0},{"not_picked":["Underhanded Strike","Tactician"],"picked":"Burst","floor":27.0},{"not_picked":["Flying Knee","Acrobatics","Blade Dance"],"picked":"SKIP","floor":29.0},{"not_picked":["Storm of Steel","After Image"],"picked":"Envenom","floor":33.0},{"not_picked":["Deadly Poison","Dodge and Roll"],"picked":"Cloak And Dagger","floor":35},{"not_picked":["Setup+1","Outmaneuver"],"picked":"Crippling Poison+1","floor":36},{"not_picked":["Endless Agony","Deadly Poison","Bane"],"picked":"SKIP","floor":41},{"not_picked":["Poisoned Stab+1","Endless Agony","Bane"],"picked":"SKIP","floor":44},{"not_picked":["Accuracy","Underhanded Strike+1","Outmaneuver"],"picked":"SKIP","floor":45},{"not_picked":["Accuracy","Underhanded Strike+1"],"picked":"Outmaneuver","floor":45},{"not_picked":["Footwork","Acrobatics+1"],"picked":"Riddle With Holes","floor":48}],"player_experience":1915131,"relics_obtained":[{"floor":6.0,"key":"The Specimen"},{"floor":9.0,"key":"Ancient Tea Set"},{"floor":12.0,"key":"The Courier"},{"floor":26.0,"key":"Centennial Puzzle"},{"floor":27.0,"key":"Darkstone Periapt"},{"floor":28.0,"key":"Enchiridion"},{"floor":31.0,"key":"Sundial"},{"floor":38,"key":"Ice Cream"},{"floor":41,"key":"Ornamental Fan"},{"floor":43,"key":"Letter Opener"}],"event_choices":[{"damage_healed":0.0,"max_hp_gain":0.0,"max_hp_loss":0.0,"gold_gain":0.0,"event_name":"Scrap Ooze","player_choice":"Success","floor":2.0,"gold_loss":0.0,"damage_taken":5.0,"relics_obtained":["Mercury Hourglass"]},{"cards_removed":["Defend_G"],"damage_healed":0.0,"max_hp_gain":0.0,"max_hp_loss":0.0,"gold_gain":0.0,"event_name":"Golden Wing","player_choice":"Card Removal","floor":3.0,"gold_loss":0.0,"damage_taken":7.0},{"damage_healed":0.0,"max_hp_gain":0.0,"max_hp_loss":6.0,"gold_gain":0.0,"event_name":"Golden Idol","player_choice":"Lose Max HP","floor":5.0,"gold_loss":0.0,"damage_taken":0.0,"relics_obtained":["Golden Idol"]},{"cards_removed":["Strike_G"],"damage_healed":0.0,"max_hp_gain":0.0,"max_hp_loss":0.0,"gold_gain":0.0,"event_name":"Bonfire Elementals","player_choice":"Offered Basic","floor":11.0,"gold_loss":0.0,"damage_taken":0.0},{"damage_healed":0.0,"max_hp_gain":0.0,"max_hp_loss":0.0,"gold_gain":0.0,"event_name":"Forgotten Altar","player_choice":"Gave Idol","floor":19.0,"relics_lost":["Golden Idol"],"gold_loss":0.0,"damage_taken":0.0,"relics_obtained":["Bloody Idol"]},{"cards_removed":["Strike_G"],"damage_healed":0.0,"max_hp_gain":0.0,"max_hp_loss":0.0,"gold_gain":0.0,"event_name":"Purifier","player_choice":"Purged","floor":20.0,"gold_loss":0.0,"damage_taken":0.0},{"damage_healed":0.0,"max_hp_gain":0.0,"max_hp_loss":0.0,"gold_gain":0.0,"event_name":"Vampires","player_choice":"Ignored","floor":24.0,"gold_loss":0.0,"damage_taken":0.0},{"damage_healed":0.0,"max_hp_gain":0.0,"max_hp_loss":0.0,"gold_gain":0.0,"event_name":"Cursed Tome","player_choice":"Obtained Book","floor":28.0,"gold_loss":0.0,"damage_taken":21.0},{"damage_healed":0,"gold_gain":0,"player_choice":"Fight","damage_taken":0,"max_hp_gain":0,"max_hp_loss":0,"event_name":"MindBloom","floor":38,"gold_loss":0},{"cards_removed":["Neutralize"],"damage_healed":0,"gold_gain":0,"player_choice":"Removed Attack","damage_taken":0,"max_hp_gain":0,"max_hp_loss":0,"event_name":"Falling","floor":39,"gold_loss":0}],"is_beta":true,"boss_relics":[{"not_picked":["Empty Cage","Busted Crown"],"picked":"Snecko Eye"},{"not_picked":["Runic Pyramid","White Beast Statue"],"picked":"Coffee Dripper"}],"items_purged_floors":[21,37,47],"is_endless":false,"potions_floor_spawned":[4,12,25,27,36,44,45],"ascension_level":20}