{"gold_per_floor":[144,94,169,169,218,218,267,267,342,342,391,10,59,108,108,433,433,482,531,580,580,580,580,580],"floor_reached":24,"playtime":1269,"items_purged":[],"score":465,"play_id":"43101479-c88b-408b-92e5-e4ecdeea4b84","local_time":"20190131193803","daily_mods":["Insanity","Hoarder","Midas"],"is_ascension_mode":false,"campfire_choices":[{"floor":8,"key":"REST"},{"floor":15,"key":"REST"},{"floor":23,"key":"REST"}],"neow_cost":"","seed_source_timestamp":0,"circlet_count":0,"master_deck":["Dagger Spray","Outmaneuver","Poisoned Stab","Flying Knee","Crippling Poison","Underhanded Strike","Distraction","Underhanded Strike","Prepared","Flying Knee","Dodge and Roll","Deadly Poison","Flechettes","Outmaneuver","Dodge and Roll","Accuracy","Bouncing Flask","Dagger Spray","Underhanded Strike","Poisoned Stab","Sucker Punch","Flying Knee","Outmaneuver","Terror","Crippling Poison","Slice","Deflect","Dodge and Roll","Underhanded Strike","Deadly Poison","Prepared","Slice","Flying Knee","Acrobatics","Underhanded Strike","Quick Slash","Blade Dance","Endless Agony","Flechettes","Escape Plan","Cloak And Dagger","Accuracy","Acrobatics","Dodge and Roll","Backflip","Prepared","Outmaneuver","Endless Agony","Sucker Punch","Backflip","Backflip","Backflip","Blade Dance","Blade Dance","Blade Dance","Catalyst","Catalyst","Catalyst","Terror","Terror","Terror","Escape Plan","Escape Plan","Escape Plan","Calculated Gamble","Calculated Gamble","Calculated Gamble","Cloak And Dagger","Cloak And Dagger","Cloak And Dagger","After Image","After Image","After Image","Cloak And Dagger+1","Cloak And Dagger+1","Cloak And Dagger+1","Predator","Predator","Predator"],"special_seed":17928,"relics":["Ring of the Serpent","Golden Idol","Paper Crane","Bird Faced Urn","The Specimen"],"potions_floor_usage":[14,16,19,21],"damage_taken":[{"damage":0,"enemies":"2 Louse","floor":1,"turns":3},{"damage":6,"enemies":"Small Slimes","floor":5,"turns":2},{"damage":4,"enemies":"Cultist","floor":7,"turns":3},{"damage":5,"enemies":"2 Fungi Beasts","floor":11,"turns":3},{"damage":0,"enemies":"Large Slime","floor":13,"turns":3},{"damage":7,"enemies":"Lots of Slimes","floor":14,"turns":3},{"damage":14,"enemies":"The Guardian","floor":16,"turns":8},{"damage":2,"enemies":"3 Byrds","floor":18,"turns":7},{"damage":11,"enemies":"Spheric Guardian","floor":19,"turns":5},{"damage":20,"enemies":"3 Cultists","floor":20,"turns":4},{"damage":0,"enemies":"Snake Plant","floor":21,"turns":2},{"damage":18,"enemies":"Colosseum Slavers","floor":24,"turns":4},{"damage":62,"enemies":"Colosseum Nobs","floor":24,"turns":5}],"seed_played":"4077721088213470918","potions_obtained":[{"floor":5,"key":"LiquidBronze"},{"floor":7,"key":"EssenceOfSteel"},{"floor":18,"key":"Explosive Potion"},{"floor":20,"key":"SmokeBomb"}],"is_trial":false,"path_per_floor":["M","?","?","?","M","?","M","R","T","T","M","$","M","M","R","B",null,"M","M","M","M","?","R","?"],"character_chosen":"THE_SILENT","items_purchased":["The Specimen","Escape Plan"],"campfire_rested":3,"item_purchase_floors":[12,12],"current_hp_per_floor":[70,70,59,59,53,58,54,70,70,70,65,65,65,58,70,56,70,70,59,41,41,41,62,0],"gold":580,"neow_bonus":"","is_prod":false,"is_daily":true,"chose_seed":false,"campfire_upgraded":0,"win_rate":0,"timestamp":1548981483,"path_taken":["M","?","?","?","M","?","M","R","T","?","M","$","?","M","R","BOSS","M","M","M","M","?","R","?"],"build_version":"2019-01-23","purchased_purges":0,"victory":false,"max_hp_per_floor":[70,70,70,65,65,70,70,70,70,70,70,70,70,70,70,70,70,70,70,70,70,70,70,70],"card_choices":[{"not_picked":["Leg Sweep","Sucker Punch"],"picked":"Backflip","floor":1},{"not_picked":["Riddle With Holes","Flying Knee"],"picked":"Blade Dance","floor":5},{"not_picked":["Deflect","Bane"],"picked":"Catalyst","floor":7},{"not_picked":["Deadly Poison","Eviscerate"],"picked":"Terror","floor":11},{"not_picked":["Poisoned Stab","Eviscerate"],"picked":"Calculated Gamble","floor":13},{"not_picked":["Skewer","Backflip"],"picked":"Cloak And Dagger","floor":14},{"not_picked":["Doppelganger","Wraith Form v2"],"picked":"After Image","floor":16},{"not_picked":["Slice+1","PiercingWail"],"picked":"Cloak And Dagger+1","floor":18},{"not_picked":["Dagger Throw","Prepared"],"picked":"Predator","floor":19},{"not_picked":["Calculated Gamble","Dagger Throw","Bane"],"picked":"SKIP","floor":20}],"player_experience":841637,"relics_obtained":[{"floor":9,"key":"Paper Crane"},{"floor":10,"key":"Bird Faced Urn"}],"event_choices":[{"cards_removed":["Bane"],"damage_healed":0,"gold_gain":0,"player_choice":"Card Removal","damage_taken":0,"max_hp_gain":0,"max_hp_loss":0,"event_name":"The Cleric","floor":2,"gold_loss":50},{"damage_healed":0,"gold_gain":75,"player_choice":"Gather Gold","damage_taken":11,"max_hp_gain":0,"max_hp_loss":0,"event_name":"World of Goop","floor":3,"gold_loss":0},{"damage_healed":0,"gold_gain":0,"player_choice":"Lose Max HP","damage_taken":0,"relics_obtained":["Golden Idol"],"max_hp_gain":0,"max_hp_loss":5,"event_name":"Golden Idol","floor":4,"gold_loss":0},{"damage_healed":0,"gold_gain":0,"player_choice":"Donut","damage_taken":0,"max_hp_gain":5,"max_hp_loss":0,"event_name":"Big Fish","floor":6,"gold_loss":0},{"damage_healed":0,"gold_gain":0,"player_choice":"Ignored","damage_taken":0,"max_hp_gain":0,"max_hp_loss":0,"event_name":"Vampires","floor":22,"gold_loss":0},{"damage_healed":0,"gold_gain":0,"player_choice":"Fight","damage_taken":0,"max_hp_gain":0,"max_hp_loss":0,"event_name":"Colosseum","floor":24,"gold_loss":0},{"damage_healed":0,"gold_gain":0,"player_choice":"Fought Nobs","damage_taken":0,"max_hp_gain":0,"max_hp_loss":0,"event_name":"Colosseum","floor":24,"gold_loss":0}],"is_beta":false,"boss_relics":[{"not_picked":["Empty Cage","Black Star"],"picked":"Ring of the Serpent"}],"items_purged_floors":[],"is_endless":false,"potions_floor_spawned":[5,7,18,20],"killed_by":"Colosseum Nobs","ascension_level":0}