{"gold_per_floor":[119,44,59,79,19,19,53,53,53,66,82,82,32,52,52,131,131,91,91,91,41,41,41,41,41,41,41,41,41,41,41,41,41,41,41,41,41,41,41,41,41,41,41,41,41,41,41,41,41,41],"floor_reached":50,"playtime":3231,"items_purged":["Strike_G","Strike_G","Strike_G"],"score":948,"play_id":"548e81f4-b920-477c-a347-b8f28a6260c3","local_time":"20190114224703","is_ascension_mode":true,"campfire_choices":[{"data":"Neutralize","floor":6,"key":"SMITH"},{"data":"All Out Attack","floor":8,"key":"SMITH"},{"data":"Choke","floor":12,"key":"SMITH"},{"data":"Well Laid Plans","floor":15,"key":"SMITH"},{"floor":23,"key":"REST"},{"floor":28,"key":"REST"},{"floor":30,"key":"REST"},{"floor":32,"key":"REST"},{"floor":40,"key":"REST"},{"data":"Burst","floor":44,"key":"SMITH"},{"floor":49,"key":"REST"}],"neow_cost":"NONE","seed_source_timestamp":480459055828000,"circlet_count":0,"master_deck":["AscendersBane","Defend_G","Defend_G","Defend_G","Defend_G","Defend_G","Survivor","Neutralize+1","All Out Attack+1","Well Laid Plans+1","PiercingWail","Choke+1","Infinite Blades","Storm of Steel","Infinite Blades","Blur","Dodge and Roll","Blade Dance+1","After Image","Blur","Burst+1","Slice+1","Dagger Spray+1","Acrobatics","Panache","Finesse","Flash of Steel","Terror+1","Corpse Explosion","PiercingWail"],"relics":["WristBlade","Ornamental Fan","Smiling Mask","Pear","Ectoplasm","Mercury Hourglass","Astrolabe","Question Card","PreservedInsect","Gremlin Horn"],"potions_floor_usage":[16,18,25,25,31,33],"damage_taken":[{"damage":0,"enemies":"Cultist","floor":1,"turns":4},{"damage":0,"enemies":"2 Louse","floor":3,"turns":3},{"damage":1,"enemies":"Small Slimes","floor":4,"turns":4},{"damage":23,"enemies":"Lagavulin","floor":7,"turns":9},{"damage":2,"enemies":"2 Fungi Beasts","floor":10,"turns":3},{"damage":0,"enemies":"Exordium Wildlife","floor":11,"turns":2},{"damage":0,"enemies":"3 Louse","floor":14,"turns":3},{"damage":36,"enemies":"Hexaghost","floor":16,"turns":9},{"damage":4,"enemies":"2 Thieves","floor":18,"turns":4},{"damage":16,"enemies":"Shell Parasite","floor":20,"turns":4},{"damage":25,"enemies":"Snecko","floor":22,"turns":6},{"damage":7,"enemies":"Cultist and Chosen","floor":24,"turns":7},{"damage":11,"enemies":"3 Cultists","floor":25,"turns":5},{"damage":13,"enemies":"Centurion and Healer","floor":29,"turns":6},{"damage":4,"enemies":"Snecko","floor":31,"turns":5},{"damage":37,"enemies":"Champ","floor":33,"turns":13},{"damage":0,"enemies":"3 Shapes","floor":35,"turns":7},{"damage":7,"enemies":"Orb Walker","floor":38,"turns":2},{"damage":6,"enemies":"4 Shapes","floor":39,"turns":6},{"damage":13,"enemies":"Reptomancer","floor":41,"turns":6},{"damage":16,"enemies":"Writhing Mass","floor":45,"turns":8},{"damage":64,"enemies":"Donu and Deca","floor":50,"turns":4}],"seed_played":"-1490686110987075533","potions_obtained":[{"floor":4,"key":"LiquidBronze"},{"floor":10,"key":"SkillPotion"},{"floor":18,"key":"LiquidBronze"},{"floor":20,"key":"FearPotion"},{"floor":25,"key":"Ancient Potion"},{"floor":29,"key":"FearPotion"},{"floor":35,"key":"LiquidBronze"},{"floor":45,"key":"Fire Potion"}],"is_trial":false,"path_per_floor":["M","$","M","M","?","R","E","R","T","M","M","R","$","M","R","B",null,"M","?","M","$","M","R","M","M","T","?","R","M","R","M","R","B",null,"M","$","?","M","M","R","E","?","T","R","M","$","T","?","R","B"],"character_chosen":"THE_SILENT","items_purchased":[],"campfire_rested":6,"item_purchase_floors":[],"current_hp_per_floor":[59,59,59,58,58,58,35,35,45,43,43,43,43,43,43,7,59,55,48,32,32,7,29,22,11,11,11,33,20,42,38,60,23,63,63,63,53,46,40,62,49,49,49,49,33,33,33,33,54,0],"gold":41,"neow_bonus":"BOSS_RELIC","is_prod":false,"is_daily":false,"chose_seed":false,"campfire_upgraded":5,"win_rate":0,"timestamp":1547524023,"path_taken":["M","$","M","M","?","R","E","R","T","?","M","R","$","M","R","BOSS","M","?","M","?","M","R","M","?","T","?","R","M","R","M","R","BOSS","M","$","?","M","M","R","E","?","T","R","M","$","?","?","R","BOSS"],"build_version":"2019-01-10","purchased_purges":3,"victory":false,"max_hp_per_floor":[66,66,66,66,66,66,66,66,76,76,76,76,76,76,76,76,76,76,76,76,76,76,76,76,76,76,76,76,76,76,76,76,76,76,76,76,76,76,76,76,76,76,76,76,76,76,76,72,72,72],"card_choices":[{"not_picked":["Underhanded Strike","Prepared"],"picked":"All Out Attack","floor":1},{"not_picked":["Bane","Escape Plan"],"picked":"Flying Knee","floor":3},{"not_picked":["Dagger Spray","Underhanded Strike"],"picked":"Well Laid Plans","floor":4},{"not_picked":["Concentrate","Prepared"],"picked":"PiercingWail","floor":7},{"not_picked":["Dagger Throw","Prepared","Bane"],"picked":"SKIP","floor":10},{"not_picked":["Predator","Outmaneuver"],"picked":"Choke","floor":11},{"not_picked":["Expertise","Dagger Spray"],"picked":"Infinite Blades","floor":14},{"not_picked":["Night Terror","Bullet Time"],"picked":"Storm of Steel","floor":16},{"not_picked":["Sucker Punch","Escape Plan"],"picked":"Infinite Blades","floor":18},{"not_picked":["Prepared","Poisoned Stab"],"picked":"Blur","floor":20},{"not_picked":["Deflect","Predator"],"picked":"Dodge and Roll","floor":22},{"not_picked":["Flying Knee","Heel Hook","Quick Slash"],"picked":"SKIP","floor":24},{"not_picked":["Acrobatics","Bouncing Flask"],"picked":"Blade Dance+1","floor":25},{"not_picked":["Poisoned Stab+1","Slice"],"picked":"After Image","floor":29},{"not_picked":["Sucker Punch","Acrobatics"],"picked":"Blur","floor":31},{"not_picked":["Night Terror","Wraith Form v2"],"picked":"Burst","floor":33},{"not_picked":["Concentrate+1","Flying Knee"],"picked":"Acrobatics","floor":35},{"not_picked":["Transmutation","Jack Of All Trades"],"picked":"Panache","floor":37},{"not_picked":["Panacea","Forethought"],"picked":"Finesse","floor":37},{"not_picked":["Discovery","Mayhem"],"picked":"Flash of Steel","floor":37},{"not_picked":["Deflect","Dagger Spray+1","Bane"],"picked":"SKIP","floor":38},{"not_picked":["Deflect","Accuracy+1"],"picked":"Terror+1","floor":39},{"not_picked":["Poisoned Stab","Blur+1"],"picked":"Corpse Explosion","floor":41},{"not_picked":["Outmaneuver","Underhanded Strike","Escape Plan"],"picked":"PiercingWail","floor":45}],"player_experience":1888985,"relics_obtained":[{"floor":7,"key":"Smiling Mask"},{"floor":9,"key":"Pear"},{"floor":26,"key":"Mercury Hourglass"},{"floor":41,"key":"Question Card"},{"floor":43,"key":"PreservedInsect"},{"floor":47,"key":"Gremlin Horn"}],"event_choices":[{"damage_healed":0,"gold_gain":0,"player_choice":"Paid Gold","damage_taken":0,"relics_obtained":["Ornamental Fan"],"max_hp_gain":0,"max_hp_loss":0,"event_name":"WeMeetAgain","floor":5,"gold_loss":60},{"damage_healed":0,"gold_gain":0,"player_choice":"","damage_taken":7,"max_hp_gain":0,"max_hp_loss":0,"event_name":"Knowing Skull","floor":19,"potions_obtained":[],"gold_loss":0,"cards_obtained":[]},{"damage_healed":0,"gold_gain":0,"player_choice":"Ignored","damage_taken":0,"max_hp_gain":0,"max_hp_loss":0,"event_name":"Cursed Tome","floor":27,"gold_loss":0},{"damage_healed":0,"gold_gain":0,"player_choice":"Memory 3","damage_taken":10,"max_hp_gain":0,"max_hp_loss":0,"event_name":"SensoryStone","floor":37,"gold_loss":0},{"cards_removed":["Eviscerate"],"damage_healed":0,"gold_gain":0,"player_choice":"Removed Attack","damage_taken":0,"max_hp_gain":0,"max_hp_loss":0,"event_name":"Falling","floor":42,"gold_loss":0},{"damage_healed":0,"gold_gain":0,"player_choice":"Max HP","damage_taken":0,"max_hp_gain":0,"max_hp_loss":4,"event_name":"Winding Halls","floor":48,"gold_loss":0}],"is_beta":true,"boss_relics":[{"not_picked":["Black Star","Velvet Choker"],"picked":"Ectoplasm"},{"not_picked":["Lizard Tail","Busted Crown"],"picked":"Astrolabe"}],"items_purged_floors":[2,13,21],"is_endless":false,"potions_floor_spawned":[4,10,14,18,20,25,29,35,45],"killed_by":"Donu and Deca","ascension_level":20}