{"gold_per_floor":[115,135,85,95,107,107,142,142,213,213,273,304,304,314,314,411,411,422,422,441,457,79,89,89,106,106,121,146,146,146,156,156,156],"floor_reached":33,"playtime":1753,"items_purged":["Strike_B"],"score":309,"play_id":"14d11aca-df57-4e6b-8877-ae1df62c20e0","local_time":"20181117224605","is_ascension_mode":true,"campfire_choices":[{"data":"Beam Cell","floor":6,"key":"SMITH"},{"data":"Go for the Eyes","floor":8,"key":"SMITH"},{"data":"Zap","floor":10,"key":"SMITH"},{"floor":13,"key":"REST"},{"floor":15,"key":"REST"},{"floor":30,"key":"REST"},{"floor":32,"key":"REST"}],"neow_cost":"NONE","seed_source_timestamp":281937294271722,"circlet_count":0,"master_deck":["Strike_B","Strike_B","Strike_B","Defend_B","Defend_B","Defend_B","Defend_B","Zap+1","Dualcast","Gash","Beam Cell+1","Sweeping Beam","Beam Cell","Hologram","Go for the Eyes+1","Leap","Gash","Steam","All For One","Gash+1","Steam Power","Rebound","Go for the Eyes+1","Streamline+1","Leap+1","Genetic Algorithm","Turbo"],"relics":["Cracked Core","NeowsBlessing","Incense Burner","Question Card","Orichalcum","Potion Belt","Busted Crown","Matryoshka","Vajra","Bag of Marbles"],"potions_floor_usage":[28,29,29,29,29,29,33,33,33,33],"damage_taken":[{"damage":0,"enemies":"Cultist","floor":1,"turns":1},{"damage":0,"enemies":"2 Louse","floor":2,"turns":1},{"damage":0,"enemies":"Small Slimes","floor":4,"turns":1},{"damage":11,"enemies":"Blue Slaver","floor":5,"turns":3},{"damage":30,"enemies":"Gremlin Nob","floor":7,"turns":5},{"damage":10,"enemies":"3 Sentries","floor":11,"turns":6},{"damage":16,"enemies":"3 Sentries","floor":12,"turns":5},{"damage":21,"enemies":"Gremlin Gang","floor":14,"turns":4},{"damage":12,"enemies":"Hexaghost","floor":16,"turns":10},{"damage":2,"enemies":"Chosen","floor":18,"turns":4},{"damage":0,"enemies":"Spheric Guardian","floor":20,"turns":2},{"damage":4,"enemies":"3 Cultists","floor":21,"turns":3},{"damage":18,"enemies":"Cultist and Chosen","floor":23,"turns":6},{"damage":9,"enemies":"Snake Plant","floor":25,"turns":3},{"damage":19,"enemies":"Centurion and Healer","floor":27,"turns":4},{"damage":16,"enemies":"Slavers","floor":28,"turns":3},{"damage":0,"enemies":"3 Cultists","floor":29,"turns":3},{"damage":12,"enemies":"Sentry and Sphere","floor":31,"turns":4},{"damage":57,"enemies":"Automaton","floor":33,"turns":6}],"seed_played":"-1008199844482204874","potions_obtained":[{"floor":2,"key":"FocusPotion"},{"floor":4,"key":"Swift Potion"},{"floor":5,"key":"SmokeBomb"},{"floor":16,"key":"SteroidPotion"},{"floor":23,"key":"EntropicBrew"},{"floor":24,"key":"EssenceOfSteel"},{"floor":28,"key":"PowerPotion"},{"floor":31,"key":"SteroidPotion"}],"is_trial":false,"path_per_floor":["M","M","$","M","M","R","E","R","T","R","?","E","R","M","R","B",null,"M","?","M","M","$","M","?","M","T","M","E","M","R","M","R","B"],"character_chosen":"DEFECT","items_purchased":["Sweeping Beam","Matryoshka","Rebound"],"campfire_rested":4,"item_purchase_floors":[3,22,22],"current_hp_per_floor":[75,75,75,75,64,64,34,34,34,34,24,8,30,9,31,19,75,73,73,73,69,69,51,51,42,42,23,7,7,29,17,39,0],"gold":156,"neow_bonus":"THREE_ENEMY_KILL","is_prod":false,"is_daily":false,"chose_seed":false,"campfire_upgraded":3,"win_rate":0,"timestamp":1542512765,"path_taken":["M","M","$","M","?","R","E","R","T","R","?","E","R","M","R","BOSS","M","?","M","M","$","M","?","M","T","M","E","M","R","M","R","BOSS"],"build_version":"2018-11-15","purchased_purges":1,"victory":false,"max_hp_per_floor":[75,75,75,75,75,75,75,75,75,75,75,75,75,75,75,75,75,75,75,75,75,75,75,75,75,75,75,75,75,75,75,75,75],"card_choices":[{"not_picked":["Beam Cell","Rebound"],"picked":"Gash","floor":1},{"not_picked":["Hologram","Barrage"],"picked":"Beam Cell","floor":2},{"not_picked":["Sweeping Beam","Defragment"],"picked":"Beam Cell","floor":4},{"not_picked":["Beam Cell","Sweeping Beam"],"picked":"Hologram","floor":5},{"not_picked":["Leap","Force Field"],"picked":"Go for the Eyes","floor":7},{"not_picked":["Chaos","Glacier","Heatsinks"],"picked":"Leap","floor":11},{"not_picked":["Leap","Amplify","Stack"],"picked":"Gash","floor":12},{"not_picked":["Chaos","Conserve Battery","Beam Cell"],"picked":"Steam","floor":14},{"not_picked":["Creative AI","Biased Cognition","Echo Form"],"picked":"All For One","floor":16},{"not_picked":["Steam"],"picked":"Gash+1","floor":18},{"not_picked":["Barrage","Compile Driver"],"picked":"SKIP","floor":20},{"not_picked":["Redo","Steam"],"picked":"SKIP","floor":21},{"not_picked":["Hello World"],"picked":"Go for the Eyes+1","floor":23},{"not_picked":["Beam Cell+1"],"picked":"Streamline+1","floor":25},{"not_picked":["Skim"],"picked":"Leap+1","floor":27},{"not_picked":["Fission"],"picked":"Genetic Algorithm","floor":28},{"not_picked":["Steam"],"picked":"Turbo","floor":31}],"player_experience":147961,"relics_obtained":[{"floor":7,"key":"Incense Burner"},{"floor":9,"key":"Question Card"},{"floor":12,"key":"Potion Belt"},{"floor":26,"key":"Vajra"},{"floor":28,"key":"Bag of Marbles"}],"event_choices":[{"damage_healed":0,"gold_gain":30,"player_choice":"Searched \u00273\u0027 times","damage_taken":0,"relics_obtained":["Orichalcum"],"max_hp_gain":0,"max_hp_loss":0,"event_name":"Dead Adventurer","floor":11,"gold_loss":0},{"damage_healed":0,"gold_gain":0,"player_choice":"Read","damage_taken":0,"max_hp_gain":0,"max_hp_loss":0,"event_name":"The Library","floor":19,"gold_loss":0,"cards_obtained":["Steam Power"]},{"damage_healed":0,"gold_gain":0,"player_choice":"Got Potions","damage_taken":0,"max_hp_gain":0,"max_hp_loss":0,"event_name":"Lab","floor":24,"gold_loss":0}],"is_beta":false,"boss_relics":[{"not_picked":["Lizard Tail","Black Star"],"picked":"Busted Crown"}],"items_purged_floors":[22],"is_endless":false,"potions_floor_spawned":[2,4,5,16,23,28,31],"killed_by":"Automaton","ascension_level":2}