{"gold_per_floor":[115,128,108,121,121,155,172,172,198,24,40,40,73,84,84,84],"floor_reached":16,"playtime":636,"items_purged":[],"score":112,"play_id":"eb8d1e55-0679-4068-b3ac-a7b0d1a9be9b","local_time":"20190123194354","is_ascension_mode":false,"campfire_choices":[{"floor":8,"key":"REST"},{"floor":12,"key":"REST"},{"floor":15,"key":"REST"}],"neow_cost":"NONE","seed_source_timestamp":0,"circlet_count":0,"master_deck":["Defend_G","Defend_G","Defend_G","Defend_G","Defend_G","Strike_G+1","Strike_G","Strike_G","Strike_G","Strike_G+1","Survivor","Neutralize","Catalyst","Poisoned Stab","Well Laid Plans","Backstab","Bane","Bane"],"special_seed":0,"relics":["Ring of the Snake","NeowsBlessing","Centennial Puzzle","Whetstone","Oddly Smooth Stone","Vajra"],"potions_floor_usage":[],"damage_taken":[{"damage":0,"enemies":"Small Slimes","floor":1,"turns":1},{"damage":0,"enemies":"Cultist","floor":2,"turns":1},{"damage":0,"enemies":"Jaw Worm","floor":4,"turns":1},{"damage":43,"enemies":"3 Sentries","floor":6,"turns":14},{"damage":0,"enemies":"3 Louse","floor":7,"turns":3},{"damage":16,"enemies":"Exordium Thugs","floor":11,"turns":4},{"damage":12,"enemies":"Lagavulin","floor":13,"turns":5},{"damage":3,"enemies":"Red Slaver","floor":14,"turns":2},{"damage":58,"enemies":"Slime Boss","floor":16,"turns":8}],"seed_played":"-4885878374179124563","potions_obtained":[{"floor":3,"key":"EntropicBrew"},{"floor":4,"key":"SpeedPotion"},{"floor":6,"key":"GamblersBrew"}],"is_trial":false,"path_per_floor":["M","M","?","M","?","E","M","R","T","$","M","R","E","M","R","B"],"character_chosen":"THE_SILENT","items_purchased":["Bane","Oddly Smooth Stone"],"campfire_rested":3,"item_purchase_floors":[10,10],"current_hp_per_floor":[70,70,70,70,70,27,27,48,48,48,32,53,41,38,59,1],"gold":84,"neow_bonus":"THREE_ENEMY_KILL","is_prod":false,"is_daily":false,"chose_seed":false,"campfire_upgraded":0,"win_rate":0.0,"timestamp":1548290634,"path_taken":["M","M","?","?","?","E","M","R","T","$","M","R","E","M","R","BOSS"],"build_version":"2019-01-23","purchased_purges":0,"victory":false,"max_hp_per_floor":[70,70,70,70,70,70,70,70,70,70,70,70,70,70,70,70],"card_choices":[{"not_picked":["Bane","Backflip"],"picked":"Catalyst","floor":1},{"not_picked":["Riddle With Holes","Dagger Spray"],"picked":"Poisoned Stab","floor":2},{"not_picked":["Blade Dance","Masterful Stab"],"picked":"Well Laid Plans","floor":4},{"not_picked":["Expertise","PiercingWail"],"picked":"Backstab","floor":6},{"not_picked":["Outmaneuver","Dagger Throw","Crippling Poison"],"picked":"SKIP","floor":7},{"not_picked":["Backflip","Masterful Stab"],"picked":"Bane","floor":11},{"not_picked":["Catalyst","Wraith Form v2","PiercingWail"],"picked":"SKIP","floor":13},{"not_picked":["Backflip","Flechettes","Well Laid Plans"],"picked":"SKIP","floor":14}],"player_experience":94472,"relics_obtained":[{"floor":6,"key":"Centennial Puzzle"},{"floor":9,"key":"Whetstone"},{"floor":13,"key":"Vajra"}],"event_choices":[{"damage_healed":0,"gold_gain":0,"player_choice":"Bought 1 Potion","damage_taken":0,"max_hp_gain":0,"max_hp_loss":0,"event_name":"The Woman in Blue","floor":3,"gold_loss":0},{"damage_healed":0,"gold_gain":0,"player_choice":"Ignored","damage_taken":0,"max_hp_gain":0,"max_hp_loss":0,"event_name":"Liars Game","floor":5,"gold_loss":0}],"is_beta":false,"boss_relics":[],"items_purged_floors":[],"is_endless":false,"potions_floor_spawned":[4,6,13],"killed_by":"Slime Boss","ascension_level":0}