{"path_per_floor":["M","M","?","M","?","R","M","E","T","?","R","E","R","M","R","B",null,"M","$","?","M","?","R","E","R","T","?","R","M","M","M","R"],"character_chosen":"IRONCLAD","items_purchased":["Pear"],"gold_per_floor":[116,132,132,150,150,150,161,191,191,191,191,226,226,241,241,337,337,355,26,26,37,37,37,72,72,72,72,72,89,104,121,121,121],"floor_reached":33,"campfire_rested":2,"playtime":2239,"current_hp_per_floor":[75,80,80,80,80,80,73,55,55,55,55,44,80,80,80,39,80,80,90,90,77,77,77,48,48,48,78,78,65,42,41,83,0],"items_purged":["Intimidate"],"gold":121,"score":275,"play_id":"01e6a42b-2210-4d7f-a369-d5fcc5f8f537","local_time":"20180328003606","is_prod":false,"is_daily":false,"is_ascension_mode":false,"campfire_upgraded":6,"timestamp":1522211766,"path_taken":["M","M","?","M","?","R","?","E","T","?","R","E","R","M","R","BOSS","M","$","?","M","?","R","E","R","T","?","R","M","M","M","R","BOSS"],"build_version":"2018-03-22v2","purchased_purges":1,"victory":false,"master_deck":["Strike_R","Strike_R","Strike_R","Strike_R","Defend_R","Defend_R","Defend_R","Defend_R","Bash+1","Flex+1","Anger","Iron Wave","Dark Embrace","Swift Strike","Bash+1","Anger","Disarm+1","Infernal Blade+1","Blood for Blood","Fiend Fire","Twin Strike","Dropkick","Infernal Blade+1","Evolve+1","Havoc+1","Spot Weakness","Fire Breathing+1","Seeing Red+1"],"max_hp_per_floor":[80,80,80,80,80,80,80,80,80,80,80,80,80,80,80,80,80,80,90,90,90,90,90,90,90,90,90,90,90,90,90,90,90],"relics":["Burning Blood","Ginger","Regal Pillow","Calipers","Gremlin Horn","Velvet Choker","Pear","Prayer Wheel","Toolbox"],"card_choices":[{"not_picked":["Warcry","Body Slam"],"picked":"Anger","floor":1},{"not_picked":["True Grit","Clothesline"],"picked":"Iron Wave","floor":2},{"not_picked":["Perfected Strike","Exhume"],"picked":"Anger","floor":4},{"not_picked":["Flex","Heavy Blade"],"picked":"Disarm","floor":7},{"not_picked":["Entrench","Demon Form"],"picked":"Infernal Blade","floor":8},{"not_picked":["Rupture","True Grit"],"picked":"Intimidate","floor":12},{"not_picked":["True Grit","Battle Trance"],"picked":"Blood for Blood","floor":14},{"not_picked":["Juggernaut","Offering"],"picked":"Fiend Fire","floor":16},{"not_picked":["Warcry","Perfected Strike"],"picked":"Twin Strike","floor":18},{"not_picked":["True Grit","Body Slam"],"picked":"Dropkick","floor":21},{"not_picked":["Clash","Burning Pact"],"picked":"Evolve","floor":24},{"not_picked":["Iron Wave","Thunderclap"],"picked":"Havoc","floor":26},{"not_picked":["Pommel Strike","Feel No Pain"],"picked":"Spot Weakness","floor":29},{"not_picked":["Fiend Fire","Thunderclap"],"picked":"Fire Breathing","floor":30},{"not_picked":["Sword Boomerang","Thunderclap"],"picked":"Seeing Red","floor":31}],"player_experience":35179,"potions_floor_usage":[8,16,24,24,33,33],"damage_taken":[{"damage":11,"enemies":"Jaw Worm","floor":1,"turns":2},{"damage":1,"enemies":"Cultist","floor":2,"turns":3},{"damage":0,"enemies":"Small Slimes","floor":4,"turns":4},{"damage":13,"enemies":"Red Slaver","floor":7,"turns":3},{"damage":24,"enemies":"3 Sentries","floor":8,"turns":5},{"damage":17,"enemies":"Lagavulin","floor":12,"turns":6},{"damage":0,"enemies":"Exordium Wildlife","floor":14,"turns":3},{"damage":47,"enemies":"The Guardian","floor":16,"turns":10},{"damage":3,"enemies":"Chosen","floor":18,"turns":4},{"damage":19,"enemies":"Shell Parasite","floor":21,"turns":4},{"damage":44,"enemies":"Gremlin Leader","floor":24,"turns":8},{"damage":19,"enemies":"3 Cultists","floor":29,"turns":5},{"damage":29,"enemies":"Snecko","floor":30,"turns":6},{"damage":7,"enemies":"Snake Plant","floor":31,"turns":4},{"damage":90,"enemies":"Automaton","floor":33,"turns":8}],"event_choices":[{"event_name":"Match and Keep!","player_choice":"3 cards matched","floor":3,"damage_taken":0},{"event_name":"Accursed Blacksmith","player_choice":"Rummage","floor":5,"damage_taken":0},{"event_name":"Purifier","player_choice":"One Purge","floor":10,"damage_taken":0},{"event_name":"Drug Dealer","player_choice":"Ignored","floor":20,"damage_taken":0},{"event_name":"Match and Keep!","player_choice":"1 cards matched","floor":22,"damage_taken":0},{"event_name":"The Library","player_choice":"Heal","floor":27,"damage_taken":0}],"boss_relics":[{"not_picked":["Black Star","Black Blood"],"picked":"Velvet Choker"}],"potions_floor_spawned":[7,12,14,21,24,29],"seed_played":"-1892759137736754168","killed_by":"Automaton","ascension_level":0,"is_trial":false}