{"gold_per_floor":[113,132,82,100,100,131,142,160,160,178,193,50,50,60,60,163,163,177,102,102,102,113,113,46,46],"floor_reached":25,"playtime":1473,"items_purged":["Strike_B"],"score":215,"play_id":"0a145435-3e23-4aa6-b69f-bff7ff3bca94","local_time":"20181127222235","is_ascension_mode":true,"campfire_choices":[{"floor":13,"key":"REST"},{"floor":15,"key":"RECALL"},{"floor":23,"key":"REST"}],"neow_cost":"TEN_PERCENT_HP_LOSS","seed_source_timestamp":862333427206716,"circlet_count":0,"master_deck":["Strike_B","Strike_B","Defend_B","Defend_B","Defend_B","Zap","Dualcast","Dramatic Entrance","Madness","Leap","Beam Cell","Streamline","FTL","Stack","Ball Lightning","Hologram","Biased Cognition","BootSequence","Echo Form","Ball Lightning+1","Self Repair","Capacitor"],"relics":["Cracked Core","Blood Vial","StoneCalendar","Nuclear Battery","Nilry\u0027s Codex"],"potions_floor_usage":[11,16,25],"damage_taken":[{"damage":8,"enemies":"2 Louse","floor":1,"turns":2},{"damage":2,"enemies":"Small Slimes","floor":2,"turns":2},{"damage":6,"enemies":"Jaw Worm","floor":4,"turns":4},{"damage":9,"enemies":"Gremlin Nob","floor":6,"turns":4},{"damage":6,"enemies":"Red Slaver","floor":7,"turns":3},{"damage":5,"enemies":"Looter","floor":8,"turns":3},{"damage":3,"enemies":"Blue Slaver","floor":10,"turns":2},{"damage":0,"enemies":"Gremlin Gang","floor":11,"turns":2},{"damage":15,"enemies":"Exordium Wildlife","floor":14,"turns":2},{"damage":21,"enemies":"Slime Boss","floor":16,"turns":7},{"damage":30,"enemies":"2 Thieves","floor":18,"turns":4},{"damage":17,"enemies":"Spheric Guardian","floor":22,"turns":4},{"damage":39,"enemies":"Book of Stabbing","floor":25,"turns":4}],"seed_played":"-4342181272004210077","potions_obtained":[{"floor":2,"key":"SpeedPotion"},{"floor":6,"key":"FairyPotion"},{"floor":8,"key":"Fire Potion"},{"floor":11,"key":"AttackPotion"}],"is_trial":false,"path_per_floor":["M","M","?","M","?","E","M","M","T","M","M","$","R","M","R","B",null,"M","$","?","?","M","R","$","E"],"character_chosen":"DEFECT","items_purchased":["Biased Cognition","Capacitor"],"campfire_rested":2,"item_purchase_floors":[12,24],"current_hp_per_floor":[60,58,58,52,52,43,39,36,36,35,37,37,57,44,44,25,68,38,38,22,22,7,27,27,0],"gold":46,"neow_bonus":"RANDOM_COLORLESS_2","is_prod":false,"is_daily":false,"chose_seed":false,"campfire_upgraded":0,"win_rate":0,"timestamp":1543375355,"path_taken":["M","M","?","M","?","E","M","M","T","M","M","$","R","M","R","BOSS","M","$","?","?","M","R","$","E"],"build_version":"2018-11-15","purchased_purges":1,"victory":false,"max_hp_per_floor":[68,68,68,68,68,68,68,68,68,68,68,68,68,68,68,68,68,68,68,68,68,68,68,68,68],"card_choices":[{"not_picked":["Sweeping Beam","Stack"],"picked":"Leap","floor":1},{"not_picked":["Barrage","Sweeping Beam"],"picked":"Beam Cell","floor":2},{"not_picked":["Force Field","Double Energy","Barrage"],"picked":"SKIP","floor":4},{"not_picked":["Reprogram","Redo"],"picked":"FTL","floor":6},{"not_picked":["Tempest","Rebound"],"picked":"Stack","floor":7},{"not_picked":["Go for the Eyes","Rainbow"],"picked":"Ball Lightning","floor":8},{"not_picked":["Blizzard","Rebound","Heatsinks"],"picked":"SKIP","floor":10},{"not_picked":["Doom and Gloom","Sweeping Beam"],"picked":"Hologram","floor":11},{"not_picked":["Steam","Rebound"],"picked":"BootSequence","floor":14},{"not_picked":["All For One","Amplify"],"picked":"Echo Form","floor":16},{"not_picked":["Leap","Coolheaded"],"picked":"Ball Lightning+1","floor":18},{"not_picked":["Turbo","Barrage"],"picked":"Self Repair","floor":22}],"player_experience":652343,"relics_obtained":[{"floor":6,"key":"Blood Vial"},{"floor":9,"key":"StoneCalendar"},{"floor":20,"key":"Nilry\u0027s Codex"}],"event_choices":[{"cards_removed":["Strike_B"],"damage_healed":0,"gold_gain":0,"player_choice":"Card Removal","damage_taken":0,"max_hp_gain":0,"max_hp_loss":0,"event_name":"The Cleric","floor":3,"gold_loss":50},{"damage_healed":0,"gold_gain":0,"cards_transformed":["Defend_B"],"player_choice":"Change","damage_taken":0,"max_hp_gain":0,"max_hp_loss":0,"event_name":"Living Wall","floor":5,"gold_loss":0,"cards_obtained":["Streamline"]},{"damage_healed":0,"gold_gain":0,"player_choice":"Obtained Book","damage_taken":16,"max_hp_gain":0,"max_hp_loss":0,"event_name":"Cursed Tome","floor":20,"gold_loss":0},{"damage_healed":0,"gold_gain":0,"player_choice":"Ignored","damage_taken":0,"max_hp_gain":0,"max_hp_loss":0,"event_name":"Vampires","floor":21,"gold_loss":0}],"is_beta":false,"boss_relics":[{"not_picked":["Runic Pyramid","Fusion Hammer"],"picked":"Nuclear Battery"}],"items_purged_floors":[19],"is_endless":false,"potions_floor_spawned":[2,6,8,11],"killed_by":"Book of Stabbing","ascension_level":1}