{"gold_per_floor":[116,126,137,157,175,208,173,173,173,173,199,214,214,225,225,330,330,343,92,112,129,142,142,162,162,187,187,137,137,147,157,157,261,261,276,376,376,376],"floor_reached":38,"playtime":2757,"items_purged":[],"score":465,"play_id":"9f537b6b-43a6-4688-b0bc-eb92aad60fdb","local_time":"20190201203557","is_ascension_mode":false,"campfire_choices":[{"data":"Perfected Strike","floor":8.0,"key":"SMITH"},{"data":"Seeing Red","floor":10.0,"key":"SMITH"},{"floor":15,"key":"REST"},{"data":"Perfected Strike","floor":23,"key":"SMITH"},{"data":"Twin Strike","floor":25,"key":"SMITH"},{"data":"Inflame","floor":27,"key":"SMITH"},{"data":"Carnage","floor":32,"key":"SMITH"}],"neow_cost":"NONE","seed_source_timestamp":0,"circlet_count":0,"master_deck":["Strike_R+1","Strike_R+1","Strike_R+1","Strike_R+1","Strike_R+1","Defend_R+1","Defend_R+1","Defend_R+1","Defend_R+1","Bash+1","Pummel","Perfected Strike+1","Flex","Pummel","Flame Barrier","Seeing Red+1","Reaper","Inflame+1","Perfected Strike+1","Shrug It Off","Flex","Twin Strike+1","Rampage+1","Twin Strike+1","Wild Strike","Carnage+1","Offering","Anger+1","Power Through+1","Perfected Strike+1"],"special_seed":0,"relics":["Black Blood","Darkstone Periapt","Vajra","Pen Nib","White Beast Statue","Toolbox","Blood Vial","Ice Cream"],"potions_floor_usage":[16,18,18,22,24,24,30,30,33,33,36,38],"damage_taken":[{"damage":6.0,"enemies":"Jaw Worm","floor":1.0,"turns":5.0},{"damage":3.0,"enemies":"2 Louse","floor":2.0,"turns":3.0},{"damage":1.0,"enemies":"Cultist","floor":3.0,"turns":3.0},{"damage":14.0,"enemies":"Exordium Thugs","floor":4.0,"turns":6.0},{"damage":11.0,"enemies":"Large Slime","floor":5.0,"turns":5.0},{"damage":31.0,"enemies":"3 Sentries","floor":6.0,"turns":8.0},{"damage":10.0,"enemies":"Gremlin Nob","floor":11.0,"turns":4.0},{"damage":5,"enemies":"Looter","floor":12,"turns":3},{"damage":17,"enemies":"Exordium Thugs","floor":14,"turns":4},{"damage":0,"enemies":"Slime Boss","floor":16,"turns":5},{"damage":5,"enemies":"Spheric Guardian","floor":18,"turns":4},{"damage":7,"enemies":"2 Thieves","floor":20,"turns":4},{"damage":15,"enemies":"Cultist and Chosen","floor":21,"turns":4},{"damage":16,"enemies":"Sentry and Sphere","floor":22,"turns":3},{"damage":14,"enemies":"Snecko","floor":24,"turns":5},{"damage":0,"enemies":"Cultist and Chosen","floor":30,"turns":4},{"damage":23,"enemies":"Chosen and Byrds","floor":31,"turns":5},{"damage":82,"enemies":"Collector","floor":33,"turns":7},{"damage":51,"enemies":"3 Darklings","floor":35,"turns":6},{"damage":30,"enemies":"Mind Bloom Boss Battle","floor":36,"turns":5}],"seed_played":"3448822771955799534","potions_obtained":[{"floor":2.0,"key":"Energy Potion"},{"floor":4.0,"key":"Fire Potion"},{"floor":6.0,"key":"GamblersBrew"},{"floor":13,"key":"Energy Potion"},{"floor":13,"key":"Ancient Potion"},{"floor":16,"key":"SkillPotion"},{"floor":18,"key":"EssenceOfSteel"},{"floor":20,"key":"FearPotion"},{"floor":22,"key":"Energy Potion"},{"floor":24,"key":"Weak Potion"},{"floor":30,"key":"LiquidBronze"},{"floor":31,"key":"SkillPotion"},{"floor":33,"key":"Explosive Potion"},{"floor":35,"key":"SteroidPotion"},{"floor":36,"key":"AttackPotion"}],"is_trial":false,"path_per_floor":["M","M","M","M","M","E","?","R","T","R","E","M","?","M","R","B",null,"M","$","M","M","M","R","M","R","T","R","$","?","M","M","R","B",null,"M","?","?","M"],"character_chosen":"IRONCLAD","items_purchased":["Toolbox","Shrug It Off","Wild Strike"],"campfire_rested":1,"item_purchase_floors":[19,19,28],"current_hp_per_floor":[80,80,80,72,67,42,62,62,62,62,58,59,59,48,72,78,80,80,80,79,70,60,60,57,57,57,57,57,57,70,58,58,8,80,39,21,21,0],"gold":376,"neow_bonus":"UPGRADE_CARD","is_prod":false,"is_daily":false,"chose_seed":false,"campfire_upgraded":6,"win_rate":0.0,"timestamp":1549089357,"path_taken":["M","M","M","M","M","E","?","R","T","R","E","M","?","M","R","BOSS","M","$","M","M","?","R","M","R","T","R","$","?","M","M","R","BOSS","M","?","?","?"],"build_version":"2019-01-23","purchased_purges":0,"victory":false,"max_hp_per_floor":[80,80,80,80,80,80,80,80,80,80,80,80,80,80,80,80,80,80,80,80,80,80,80,80,80,80,80,80,80,80,80,80,80,80,80,80,80,80],"card_choices":[{"not_picked":["Flex","True Grit"],"picked":"Pummel","floor":1.0},{"not_picked":["Sword Boomerang","Cleave"],"picked":"Perfected Strike","floor":2.0},{"not_picked":["Reckless Charge","Searing Blow"],"picked":"Flex","floor":3.0},{"not_picked":["True Grit","Intimidate"],"picked":"Pummel","floor":4.0},{"not_picked":["Dropkick","Evolve"],"picked":"Flame Barrier","floor":5.0},{"not_picked":["Flex","Carnage"],"picked":"Seeing Red","floor":6.0},{"not_picked":["Entrench","Battle Trance"],"picked":"Reaper","floor":11},{"not_picked":["True Grit","Warcry"],"picked":"Inflame","floor":12},{"not_picked":["Clothesline","Pommel Strike","Headbutt"],"picked":"SKIP","floor":14},{"not_picked":["Heavy Blade","Carnage+1"],"picked":"Perfected Strike","floor":18},{"not_picked":["Thunderclap","Rampage"],"picked":"Flex","floor":20},{"not_picked":["Burning Pact","Reckless Charge"],"picked":"Twin Strike+1","floor":21},{"not_picked":["Body Slam","Warcry"],"picked":"Rampage+1","floor":22},{"not_picked":["Combust","Disarm"],"picked":"Twin Strike","floor":24},{"not_picked":["Bloodletting","Spot Weakness","Cleave"],"picked":"SKIP","floor":30},{"not_picked":["Armaments","Cleave"],"picked":"Carnage","floor":31},{"not_picked":["Brutality","Bludgeon"],"picked":"Offering","floor":33},{"not_picked":["Intimidate","Infernal Blade"],"picked":"Anger+1","floor":35},{"not_picked":["Rampage+1","Thunderclap+1"],"picked":"Power Through+1","floor":36}],"player_experience":52557,"relics_obtained":[{"floor":6.0,"key":"Darkstone Periapt"},{"floor":9.0,"key":"Vajra"},{"floor":11,"key":"Pen Nib"},{"floor":26,"key":"Blood Vial"},{"floor":36,"key":"Ice Cream"}],"event_choices":[{"damage_healed":20.0,"max_hp_gain":0.0,"max_hp_loss":0.0,"gold_gain":0.0,"event_name":"The Cleric","player_choice":"Healed","floor":7.0,"gold_loss":35.0,"damage_taken":0.0},{"damage_healed":0,"gold_gain":0,"player_choice":"Got Potions","damage_taken":0,"max_hp_gain":0,"max_hp_loss":0,"event_name":"Lab","floor":13,"gold_loss":0},{"damage_healed":0,"gold_gain":0,"player_choice":"Simplicity","damage_taken":0,"max_hp_gain":0,"max_hp_loss":0,"event_name":"Back to Basics","floor":29,"gold_loss":0,"cards_upgraded":["Strike_R","Strike_R","Strike_R","Strike_R","Strike_R","Defend_R","Defend_R","Defend_R","Defend_R"]},{"damage_healed":0,"gold_gain":0,"player_choice":"Fight","damage_taken":0,"max_hp_gain":0,"max_hp_loss":0,"event_name":"MindBloom","floor":36,"gold_loss":0},{"damage_healed":0,"gold_gain":0,"player_choice":"Copied","damage_taken":0,"max_hp_gain":0,"max_hp_loss":0,"event_name":"Duplicator","floor":37,"gold_loss":0,"cards_obtained":["Perfected Strike"]}],"is_beta":false,"boss_relics":[{"not_picked":["Philosopher\u0027s Stone","Empty Cage"],"picked":"White Beast Statue"},{"not_picked":["Runic Dome","Astrolabe"],"picked":"Black Blood"}],"items_purged_floors":[],"is_endless":false,"potions_floor_spawned":[2,4,6,16,18,20,21,22,24,30,31,33,35,36],"killed_by":"3 Shapes","ascension_level":0}