{"gold_per_floor":[112,112,112,44,57,57,84,84,84,84,101,101,120,120,120,216,216,234,234],"floor_reached":19,"playtime":1004,"items_purged":[],"score":231,"play_id":"1c9182d1-fcec-45e8-a59e-8cfec0d9731c","local_time":"20190201222237","is_ascension_mode":true,"campfire_choices":[{"data":"Caltrops","floor":6,"key":"SMITH"},{"floor":8,"key":"REST"},{"data":"Dagger Spray","floor":10,"key":"SMITH"},{"data":"Well Laid Plans","floor":12,"key":"SMITH"},{"data":"Survivor","floor":15,"key":"SMITH"}],"neow_cost":"NONE","seed_source_timestamp":94459084677265,"circlet_count":0,"master_deck":["Defend_G","Defend_G","Defend_G","Defend_G+1","Defend_G","Strike_G","Strike_G","Strike_G","Strike_G","Strike_G","Survivor+1","Neutralize+1","Flying Knee+1","Caltrops+1","Dagger Spray+1","Grand Finale","Well Laid Plans+1","Night Terror","Dagger Throw"],"relics":["Ring of the Snake","The Courier","PreservedInsect","FaceOfCleric","Cursed Key"],"potions_floor_usage":[16,16,18],"damage_taken":[{"damage":5,"enemies":"Small Slimes","floor":1,"turns":5},{"damage":0,"enemies":"Cultist","floor":5,"turns":4},{"damage":22,"enemies":"Gremlin Nob","floor":7,"turns":4},{"damage":0,"enemies":"2 Louse","floor":11,"turns":1},{"damage":0,"enemies":"Lots of Slimes","floor":13,"turns":1},{"damage":9,"enemies":"The Guardian","floor":16,"turns":10},{"damage":21,"enemies":"Shell Parasite","floor":18,"turns":4},{"damage":0,"enemies":"2 Thieves","floor":19,"turns":1}],"seed_played":"1441814310054950389","potions_obtained":[{"floor":7,"key":"Explosive Potion"},{"floor":11,"key":"PowerPotion"},{"floor":13,"key":"AttackPotion"},{"floor":18,"key":"Regen Potion"}],"is_trial":false,"path_per_floor":["M","?","?","$","M","R","E","R","T","R","M","R","M","?","R","B",null,"M","M"],"character_chosen":"THE_SILENT","items_purchased":["Caltrops"],"campfire_rested":1,"item_purchase_floors":[4],"current_hp_per_floor":[65,50,50,50,50,50,28,51,51,51,51,51,51,51,51,43,69,49,49],"gold":234,"neow_bonus":"TEN_PERCENT_HP_BONUS","is_prod":false,"is_daily":false,"chose_seed":false,"campfire_upgraded":4,"win_rate":0,"timestamp":1549088557,"path_taken":["M","?","?","$","M","R","E","R","T","R","M","R","?","?","R","BOSS","M","?"],"build_version":"2019-01-23","purchased_purges":0,"victory":false,"max_hp_per_floor":[77,77,77,77,77,77,77,77,77,77,77,77,77,77,77,78,78,79,79],"card_choices":[{"not_picked":["Deadly Poison","Blade Dance"],"picked":"Flying Knee","floor":1},{"not_picked":["Finisher","Caltrops"],"picked":"Dagger Spray","floor":5},{"not_picked":["Underhanded Strike","Dagger Throw"],"picked":"Grand Finale","floor":7},{"not_picked":["Deadly Poison","PiercingWail"],"picked":"Well Laid Plans","floor":11},{"not_picked":["Escape Plan","Prepared","Flechettes"],"picked":"SKIP","floor":13},{"not_picked":["Die Die Die","Tools of the Trade"],"picked":"Night Terror","floor":16},{"not_picked":["Deadly Poison","Prepared"],"picked":"Dagger Throw","floor":18}],"player_experience":448446,"relics_obtained":[{"floor":7,"key":"The Courier"},{"floor":9,"key":"PreservedInsect"}],"event_choices":[{"damage_healed":0,"gold_gain":0,"player_choice":"Entered Light","damage_taken":15,"max_hp_gain":0,"max_hp_loss":0,"event_name":"Shining Light","floor":2,"gold_loss":0,"cards_upgraded":["Flying Knee","Defend_G"]},{"damage_healed":0,"gold_gain":0,"player_choice":"Upgraded","damage_taken":0,"max_hp_gain":0,"max_hp_loss":0,"event_name":"Upgrade Shrine","floor":3,"gold_loss":0,"cards_upgraded":["Neutralize"]},{"damage_healed":0,"gold_gain":0,"player_choice":"Trade","damage_taken":0,"relics_obtained":["FaceOfCleric"],"max_hp_gain":0,"max_hp_loss":0,"event_name":"FaceTrader","floor":14,"gold_loss":0}],"is_beta":false,"boss_relics":[{"not_picked":["Velvet Choker","Black Star"],"picked":"Cursed Key"}],"items_purged_floors":[],"is_endless":false,"potions_floor_spawned":[7,11,13,18],"killed_by":"2 Thieves","ascension_level":8}