{"gold_per_floor":[112,37,51,51,64,94,112,187,240,240,240,251,251,267,267,267],"floor_reached":16,"playtime":1414,"items_purged":["Defend_G"],"score":133,"play_id":"8ee14805-c67b-4c3b-b892-573f2e8c48ae","local_time":"20190208003137","is_ascension_mode":true,"campfire_choices":[{"floor":11,"key":"REST"},{"data":"Terror","floor":13,"key":"SMITH"},{"floor":15,"key":"REST"}],"neow_cost":"NONE","seed_source_timestamp":2604202865842580,"circlet_count":0,"master_deck":["Defend_G","Defend_G","Defend_G","Defend_G","Strike_G","Strike_G","Strike_G","Strike_G","Strike_G","Survivor","Neutralize","Adrenaline","Terror+1","Dash","Footwork","Deadly Poison","Deadly Poison","Backflip","Flechettes"],"relics":["Ring of the Snake","Sundial","Ancient Tea Set","Oddly Smooth Stone"],"potions_floor_usage":[16],"damage_taken":[{"damage":2,"enemies":"Cultist","floor":1,"turns":5},{"damage":4,"enemies":"Jaw Worm","floor":3,"turns":2},{"damage":0,"enemies":"Small Slimes","floor":5,"turns":2},{"damage":18,"enemies":"Lagavulin","floor":6,"turns":8},{"damage":2,"enemies":"Red Slaver","floor":7,"turns":3},{"damage":12,"enemies":"Exordium Thugs","floor":12,"turns":5},{"damage":17,"enemies":"Large Slime","floor":14,"turns":7},{"damage":46,"enemies":"Slime Boss","floor":16,"turns":9}],"seed_played":"-4674217767695340112","potions_obtained":[{"floor":6,"key":"Energy Potion"},{"floor":12,"key":"LiquidBronze"},{"floor":14,"key":"Ancient Potion"}],"is_trial":false,"path_per_floor":["M","$","M","$","M","E","M","?","T","T","R","M","R","M","R","B"],"character_chosen":"THE_SILENT","items_purchased":[],"campfire_rested":2,"item_purchase_floors":[],"current_hp_per_floor":[61,61,57,57,57,39,37,26,26,26,47,35,35,18,39,0],"gold":267,"neow_bonus":"ONE_RANDOM_RARE_CARD","is_prod":false,"is_daily":false,"chose_seed":false,"campfire_upgraded":1,"win_rate":0,"timestamp":1549603897,"path_taken":["M","$","?","$","M","E","M","?","T","?","R","M","R","M","R","BOSS"],"build_version":"2019-01-23","purchased_purges":1,"victory":false,"max_hp_per_floor":[70,70,70,70,70,70,70,70,70,70,70,70,70,70,70,70],"card_choices":[{"not_picked":["Poisoned Stab","Accuracy"],"picked":"Terror","floor":1},{"not_picked":["Dagger Spray","Dodge and Roll"],"picked":"Dash","floor":3},{"not_picked":["Concentrate","Dagger Throw"],"picked":"Footwork","floor":5},{"not_picked":["Acrobatics","Infinite Blades"],"picked":"Deadly Poison","floor":6},{"not_picked":["Poisoned Stab","Acrobatics"],"picked":"Deadly Poison","floor":7},{"not_picked":["Dagger Spray","Masterful Stab"],"picked":"Backflip","floor":12},{"not_picked":["Tactician","Cloak And Dagger"],"picked":"Flechettes","floor":14}],"player_experience":309654,"relics_obtained":[{"floor":6,"key":"Sundial"},{"floor":9,"key":"Ancient Tea Set"},{"floor":10,"key":"Oddly Smooth Stone"}],"event_choices":[{"damage_healed":0,"gold_gain":75,"player_choice":"Gather Gold","damage_taken":11,"max_hp_gain":0,"max_hp_loss":0,"event_name":"World of Goop","floor":8,"gold_loss":0}],"is_beta":false,"boss_relics":[],"items_purged_floors":[2],"is_endless":false,"potions_floor_spawned":[6,12,14],"killed_by":"Slime Boss","ascension_level":6}