{"gold_per_floor":[119,269,279,279,279,279,4,33,86,86,118,118,144,161,161,238,238,256,273,273,273,291,291,326,326,401,414,414,448,373,62,62,136,136,148,167,167,42,60,87,87,112,158,158,185,185,185,199,199,199,199],"floor_reached":51,"playtime":2880,"items_purged":["Doubt","Strike_G","Strike_G"],"score":1549,"play_id":"b1e0cd7f-7622-43b3-add8-e97e92e50283","local_time":"20181031190011","is_ascension_mode":true,"campfire_choices":[{"data":"Cloak And Dagger","floor":6,"key":"SMITH"},{"data":"Infinite Blades","floor":10,"key":"SMITH"},{"data":"Neutralize","floor":12,"key":"SMITH"},{"data":"Deadly Poison","floor":15,"key":"SMITH"},{"floor":23,"key":"REST"},{"data":"Accuracy","floor":25,"key":"SMITH"},{"floor":28,"key":"REST"},{"floor":32,"key":"REST"},{"floor":41,"key":"REST"},{"floor":44,"key":"REST"},{"data":"1","floor":46,"key":"LIFT"},{"floor":49,"key":"REST"}],"neow_cost":"NONE","seed_source_timestamp":3445731509200,"circlet_count":0,"master_deck":["Defend_G+1","Defend_G","Defend_G+1","Defend_G","Defend_G","Strike_G","Strike_G","Survivor","Neutralize+1","AscendersBane","Slice","Cloak And Dagger+1","Infinite Blades+1","Backstab","Deadly Poison+1","Storm of Steel","Malaise","Dagger Spray","Blur","Accuracy+1","Necronomicurse","Backstab+1","Leg Sweep","Cloak And Dagger+1","Dash","Envenom","Corpse Explosion","Dash","Blade Dance+1","PiercingWail"],"relics":["WristBlade","Bag of Preparation","Boot","Snake Skull","Meat on the Bone","Ancient Tea Set","Runic Pyramid","Necronomicon","Art of War","Mummified Hand","Mango","Fusion Hammer","War Paint","Girya","Pen Nib","Bronze Scales"],"potions_floor_usage":[8,8,16,22,29,29,39,39,40,50],"damage_taken":[{"damage":3,"enemies":"Cultist","floor":1,"turns":5},{"damage":2,"enemies":"2 Louse","floor":3,"turns":3},{"damage":2,"enemies":"Gremlin Nob","floor":8,"turns":3},{"damage":11,"enemies":"3 Sentries","floor":11,"turns":6},{"damage":6,"enemies":"Lagavulin","floor":13,"turns":5},{"damage":0,"enemies":"Small Slimes","floor":14,"turns":2},{"damage":22,"enemies":"The Guardian","floor":16,"turns":10},{"damage":0,"enemies":"Chosen","floor":18,"turns":3},{"damage":2,"enemies":"3 Byrds","floor":19,"turns":3},{"damage":43,"enemies":"Shelled Parasite and Fungi","floor":22,"turns":5},{"damage":21,"enemies":"Gremlin Leader","floor":24,"turns":6},{"damage":13,"enemies":"Centurion and Healer","floor":27,"turns":6},{"damage":26,"enemies":"Book of Stabbing","floor":29,"turns":4},{"damage":35,"enemies":"Collector","floor":33,"turns":8},{"damage":0,"enemies":"3 Darklings","floor":35,"turns":4},{"damage":11,"enemies":"3 Shapes","floor":36,"turns":3},{"damage":22,"enemies":"Maw","floor":39,"turns":6},{"damage":12,"enemies":"Reptomancer","floor":40,"turns":5},{"damage":37,"enemies":"Giant Head","floor":42,"turns":7},{"damage":0,"enemies":"Nemesis","floor":45,"turns":5},{"damage":2,"enemies":"Writhing Mass","floor":48,"turns":5},{"damage":65,"enemies":"Awakened One","floor":50,"turns":15},{"damage":50,"enemies":"Donu and Deca","floor":51,"turns":4}],"seed_played":"2136297817178149847","potions_obtained":[{"floor":5,"key":"Weak Potion"},{"floor":5,"key":"Swift Potion"},{"floor":8,"key":"SpeedPotion"},{"floor":11,"key":"Dexterity Potion"},{"floor":13,"key":"Dexterity Potion"},{"floor":16,"key":"Regen Potion"},{"floor":27,"key":"Poison Potion"},{"floor":36,"key":"Fire Potion"},{"floor":39,"key":"Fruit Juice"},{"floor":40,"key":"Block Potion"}],"is_trial":false,"path_per_floor":["M","?","M","?","?","R","$","E","T","R","E","R","E","M","R","B",null,"M","M","?","?","M","R","E","R","T","M","R","E","?","$","R","B",null,"M","M","?","$","M","E","R","E","T","R","E","R","?","M","R","B"],"character_chosen":"THE_SILENT","items_purchased":["Infinite Blades","Bag of Preparation","Envenom","Strength Potion"],"campfire_rested":6,"item_purchase_floors":[7,7,31,31],"current_hp_per_floor":[56,56,54,59,59,59,59,57,57,57,46,46,40,40,40,30,61,61,59,59,38,21,42,33,33,33,32,53,53,53,53,78,43,75,75,64,64,64,59,47,74,49,49,76,76,76,76,74,90,37,0],"gold":199,"neow_bonus":"BOSS_RELIC","is_prod":false,"is_daily":false,"chose_seed":false,"campfire_upgraded":5,"win_rate":0,"timestamp":1541026811,"path_taken":["M","?","M","?","?","R","$","E","T","R","E","R","E","M","R","BOSS","M","?","?","?","M","R","E","R","T","M","R","E","?","$","R","BOSS","M","?","?","$","?","E","R","E","T","R","E","R","?","M","R","BOSS","BOSS"],"build_version":"2018-10-29v2","purchased_purges":3,"victory":false,"max_hp_per_floor":[66,66,66,71,71,71,71,71,71,71,71,71,71,71,71,71,71,71,71,71,71,71,71,71,71,71,71,71,85,85,85,85,85,85,85,85,85,85,90,90,90,90,90,90,90,90,90,90,90,90,90],"card_choices":[{"not_picked":["Dodge and Roll","Heel Hook"],"picked":"Slice","floor":1},{"not_picked":["Poisoned Stab","Dodge and Roll"],"picked":"Cloak And Dagger","floor":3},{"not_picked":["Concentrate","Distraction"],"picked":"Backstab","floor":8},{"not_picked":["Finisher","Quick Slash"],"picked":"Deadly Poison","floor":11},{"not_picked":["All Out Attack","Tactician","Deadly Poison"],"picked":"SKIP","floor":13},{"not_picked":["Flying Knee","Slice"],"picked":"Storm of Steel","floor":14},{"not_picked":["Venomology","Burst"],"picked":"Malaise","floor":16},{"not_picked":["Flying Knee","Outmaneuver"],"picked":"Dagger Spray","floor":18},{"not_picked":["Dagger Spray","Deadly Poison+1"],"picked":"Blur","floor":19},{"not_picked":["Dodge and Roll","Blade Dance"],"picked":"Backstab+1","floor":22},{"not_picked":["Flechettes","Dagger Spray"],"picked":"Leg Sweep","floor":24},{"not_picked":["Sucker Punch","Noxious Fumes"],"picked":"Cloak And Dagger+1","floor":27},{"not_picked":["PiercingWail","Riddle With Holes"],"picked":"Dash","floor":29},{"not_picked":["Die Die Die","Unload"],"picked":"Corpse Explosion","floor":33},{"not_picked":["PiercingWail","Prepared"],"picked":"Dash","floor":35},{"not_picked":["Flying Knee","Quick Slash+1","Slice"],"picked":"SKIP","floor":36},{"not_picked":["Dagger Spray+1","Prepared"],"picked":"Blade Dance+1","floor":39},{"not_picked":["Crippling Poison","Corpse Explosion","Dagger Throw"],"picked":"SKIP","floor":40},{"not_picked":["Dodge and Roll","Riddle With Holes"],"picked":"PiercingWail","floor":42},{"not_picked":["Riddle With Holes","Tactician","Flechettes"],"picked":"SKIP","floor":45},{"not_picked":["Bouncing Flask","Caltrops","Slice+1"],"picked":"SKIP","floor":48}],"player_experience":1568050,"relics_obtained":[{"floor":8,"key":"Boot"},{"floor":9,"key":"Snake Skull"},{"floor":11,"key":"Meat on the Bone"},{"floor":13,"key":"Ancient Tea Set"},{"floor":21,"key":"Necronomicon"},{"floor":24,"key":"Art of War"},{"floor":26,"key":"Mummified Hand"},{"floor":29,"key":"Mango"},{"floor":40,"key":"War Paint"},{"floor":42,"key":"Girya"},{"floor":43,"key":"Pen Nib"},{"floor":45,"key":"Bronze Scales"}],"event_choices":[{"damage_healed":0,"gold_gain":150,"player_choice":"AGREE","damage_taken":0,"max_hp_gain":0,"max_hp_loss":0,"event_name":"Liars Game","floor":2,"gold_loss":0,"cards_obtained":["Doubt"]},{"damage_healed":0,"gold_gain":0,"player_choice":"Donut","damage_taken":0,"max_hp_gain":5,"max_hp_loss":0,"event_name":"Big Fish","floor":4,"gold_loss":0},{"damage_healed":0,"gold_gain":0,"player_choice":"Got Potions","damage_taken":0,"max_hp_gain":0,"max_hp_loss":0,"event_name":"The Lab","floor":5,"gold_loss":0},{"damage_healed":0,"gold_gain":0,"player_choice":"Read","damage_taken":0,"max_hp_gain":0,"max_hp_loss":0,"event_name":"The Library","floor":20,"gold_loss":0,"cards_obtained":["Accuracy"]},{"damage_healed":0,"gold_gain":0,"player_choice":"Obtained Book","damage_taken":21,"max_hp_gain":0,"max_hp_loss":0,"event_name":"Cursed Tome","floor":21,"gold_loss":0},{"cards_removed":["Strike_G"],"damage_healed":0,"gold_gain":0,"player_choice":"Gave Gold","damage_taken":0,"max_hp_gain":0,"max_hp_loss":0,"event_name":"Beggar","floor":30,"gold_loss":75},{"damage_healed":0,"gold_gain":0,"player_choice":"Memory 1","damage_taken":0,"max_hp_gain":0,"max_hp_loss":0,"event_name":"SensoryStone","floor":37,"gold_loss":0},{"damage_healed":0,"gold_gain":0,"player_choice":"Ignored","damage_taken":0,"max_hp_gain":0,"max_hp_loss":0,"event_name":"SecretPortal","floor":47,"gold_loss":0}],"is_beta":true,"boss_relics":[{"not_picked":["Orrery","Lizard Tail"],"picked":"Runic Pyramid"},{"not_picked":["Cursed Key","Philosopher\u0027s Stone"],"picked":"Fusion Hammer"}],"items_purged_floors":[7,31,38],"is_endless":false,"potions_floor_spawned":[8,11,13,16,18,27,36,39,40],"killed_by":"Donu and Deca","ascension_level":20}