{"gold_per_floor":[111,126,145,162,175,201,201,219,219,144,177,177,206,156,156,156],"floor_reached":16,"playtime":798,"items_purged":["Strike_B"],"score":128,"play_id":"dd45269f-7702-4e64-8934-93b8c2cdff0d","local_time":"20190207152954","is_ascension_mode":true,"campfire_choices":[{"data":"Zap","floor":7.0,"key":"SMITH"},{"floor":15,"key":"REST"}],"neow_cost":"NONE","seed_source_timestamp":0,"circlet_count":0,"master_deck":["Strike_B","Strike_B","Defend_B","Defend_B","Defend_B","Defend_B","Zap+1","Dualcast+1","Hologram","Coolheaded","Gash","Beam Cell","Go for the Eyes","Genetic Algorithm","Leap","Go for the Eyes"],"special_seed":0,"relics":["Cracked Core","NeowsBlessing","Strawberry","Centennial Puzzle","Sundial","Happy Flower"],"potions_floor_usage":[11,13],"damage_taken":[{"damage":0.0,"enemies":"Cultist","floor":1.0,"turns":1.0},{"damage":0.0,"enemies":"Small Slimes","floor":2.0,"turns":1.0},{"damage":0.0,"enemies":"Jaw Worm","floor":3.0,"turns":1.0},{"damage":4.0,"enemies":"Blue Slaver","floor":4.0,"turns":5.0},{"damage":3.0,"enemies":"Looter","floor":5.0,"turns":4.0},{"damage":14.0,"enemies":"3 Sentries","floor":6.0,"turns":8.0},{"damage":3,"enemies":"Gremlin Gang","floor":8,"turns":5},{"damage":4,"enemies":"Lagavulin","floor":11,"turns":6},{"damage":48,"enemies":"Gremlin Nob","floor":13,"turns":6},{"damage":37,"enemies":"Slime Boss","floor":16,"turns":12}],"seed_played":"5997953192657013614","potions_obtained":[{"floor":1.0,"key":"LiquidBronze"},{"floor":3.0,"key":"PowerPotion"},{"floor":6.0,"key":"Poison Potion"},{"floor":8,"key":"Block Potion"}],"is_trial":false,"path_per_floor":["M","M","M","M","M","E","R","M","T","$","E","?","E","?","R","B"],"character_chosen":"DEFECT","items_purchased":[],"campfire_rested":1,"item_purchase_floors":[],"current_hp_per_floor":[75,75,75,71,68,61,61,58,58,58,54,54,6,6,30,0],"gold":156,"neow_bonus":"THREE_ENEMY_KILL","is_prod":false,"is_daily":false,"chose_seed":false,"campfire_upgraded":1,"win_rate":0,"timestamp":1549589394,"path_taken":["M","M","?","M","M","E","R","M","T","$","E","?","E","?","R","BOSS"],"build_version":"2019-01-23","purchased_purges":1,"victory":false,"max_hp_per_floor":[75,75,75,75,75,82,82,82,82,82,82,82,82,82,82,82],"card_choices":[{"not_picked":["Melter","Compile Driver"],"picked":"Hologram","floor":1.0},{"not_picked":["Hologram","Undo"],"picked":"Coolheaded","floor":2.0},{"not_picked":["Hologram","Steam"],"picked":"Gash","floor":3.0},{"not_picked":["Rebound","Reprogram"],"picked":"Beam Cell","floor":4.0},{"not_picked":["Sunder","Cold Snap"],"picked":"Go for the Eyes","floor":5.0},{"not_picked":["Redo","Heatsinks","Coolheaded"],"picked":"SKIP","floor":6.0},{"not_picked":["Rainbow","Skim"],"picked":"Genetic Algorithm","floor":8},{"not_picked":["Redo","Rebound"],"picked":"Leap","floor":11},{"not_picked":["Streamline","Turbo"],"picked":"Go for the Eyes","floor":13}],"player_experience":122664,"relics_obtained":[{"floor":6.0,"key":"Strawberry"},{"floor":9,"key":"Centennial Puzzle"},{"floor":11,"key":"Sundial"},{"floor":13,"key":"Happy Flower"}],"event_choices":[{"damage_healed":0,"gold_gain":0,"player_choice":"Grow","damage_taken":0,"max_hp_gain":0,"max_hp_loss":0,"event_name":"Living Wall","floor":12,"gold_loss":0,"cards_upgraded":["Dualcast"]},{"cards_removed":["Strike_B"],"damage_healed":0,"gold_gain":0,"player_choice":"Card Removal","damage_taken":0,"max_hp_gain":0,"max_hp_loss":0,"event_name":"The Cleric","floor":14,"gold_loss":50}],"is_beta":false,"boss_relics":[],"items_purged_floors":[10],"is_endless":false,"potions_floor_spawned":[1,3,6,8],"killed_by":"Slime Boss","ascension_level":1}