{"gold_per_floor":[11,186,186,35,35,70,70,99,99,124,49,49,83,96,96,195,195,211,48,48,48,66,66],"floor_reached":23,"playtime":736,"items_purged":["Doubt"],"score":305,"play_id":"76b1afb7-236a-4f81-9dce-1450bce6360e","local_time":"20181217201656","is_ascension_mode":true,"campfire_choices":[{"floor":7,"key":"REST"},{"floor":15,"key":"REST"}],"neow_cost":"NO_GOLD","seed_source_timestamp":277905232398748,"circlet_count":0,"master_deck":["AscendersBane","Strike_B","Strike_B","Strike_B","Strike_B","Defend_B","Defend_B","Defend_B","Defend_B","Zap+1","Dualcast","Genetic Algorithm","Blizzard","Core Surge","Heatsinks","Buffer","White Noise","Coolheaded","Conserve Battery"],"relics":["Cracked Core","Incense Burner","DataDisk","Regal Pillow","Bronze Scales","Mummified Hand","Lantern","Girya","Happy Flower","Black Star","Tiny Chest"],"potions_floor_usage":[8,23,23],"damage_taken":[{"damage":0,"enemies":"2 Louse","floor":1,"turns":2},{"damage":42,"enemies":"Lagavulin","floor":6,"turns":9},{"damage":26,"enemies":"Gremlin Nob","floor":8,"turns":4},{"damage":25,"enemies":"3 Sentries","floor":13,"turns":7},{"damage":0,"enemies":"Small Slimes","floor":14,"turns":3},{"damage":21,"enemies":"The Guardian","floor":16,"turns":13},{"damage":6,"enemies":"Spheric Guardian","floor":18,"turns":5},{"damage":7,"enemies":"Chosen","floor":22,"turns":6},{"damage":56,"enemies":"Gremlin Leader","floor":23,"turns":8}],"seed_played":"-2393523724776864665","potions_obtained":[{"floor":6,"key":"AttackPotion"},{"floor":13,"key":"Weak Potion"},{"floor":22,"key":"SkillPotion"}],"is_trial":false,"path_per_floor":["M","?","?","$","?","E","R","E","T","T","$","?","E","M","R","B",null,"M","$","?","$","M","E"],"character_chosen":"DEFECT","items_purchased":["DataDisk","Coolheaded","Tiny Chest"],"campfire_rested":2,"item_purchase_floors":[4,19,19],"current_hp_per_floor":[68,68,68,68,73,31,70,44,44,44,44,37,12,12,51,30,68,62,62,62,62,55,0],"gold":66,"neow_bonus":"ONE_RARE_RELIC","is_prod":false,"is_daily":false,"chose_seed":false,"campfire_upgraded":0,"win_rate":0,"timestamp":1545095816,"path_taken":["M","?","?","$","?","E","R","E","T","?","?","?","E","M","R","BOSS","M","$","?","$","M","E"],"build_version":"2018-12-13","purchased_purges":1,"victory":false,"max_hp_per_floor":[75,75,75,75,80,80,80,80,80,80,80,80,80,80,80,80,80,80,80,80,80,80,80],"card_choices":[{"not_picked":["Streamline","Sweeping Beam"],"picked":"Genetic Algorithm","floor":1},{"not_picked":["Storm","Cold Snap"],"picked":"Blizzard","floor":6},{"not_picked":["Compile Driver","Storm"],"picked":"Core Surge","floor":8},{"not_picked":["Go for the Eyes","Auto Shields"],"picked":"Heatsinks","floor":13},{"not_picked":["Turbo","Streamline","FTL"],"picked":"SKIP","floor":14},{"not_picked":["Multi-Cast","Core Surge"],"picked":"Buffer","floor":16},{"not_picked":["Beam Cell","Coolheaded"],"picked":"White Noise","floor":18},{"not_picked":["Beam Cell","Turbo+1"],"picked":"Conserve Battery","floor":22}],"player_experience":365711,"relics_obtained":[{"floor":6,"key":"Regal Pillow"},{"floor":8,"key":"Bronze Scales"},{"floor":9,"key":"Mummified Hand"},{"floor":10,"key":"Lantern"},{"floor":13,"key":"Happy Flower"}],"event_choices":[{"damage_healed":0,"gold_gain":175,"player_choice":"AGREE","damage_taken":0,"max_hp_gain":0,"max_hp_loss":0,"event_name":"Liars Game","floor":2,"gold_loss":0,"cards_obtained":["Doubt"]},{"damage_healed":0,"gold_gain":0,"player_choice":"Grow","damage_taken":0,"max_hp_gain":0,"max_hp_loss":0,"event_name":"Living Wall","floor":3,"gold_loss":0,"cards_upgraded":["Zap"]},{"damage_healed":0,"gold_gain":0,"player_choice":"Donut","damage_taken":0,"max_hp_gain":5,"max_hp_loss":0,"event_name":"Big Fish","floor":5,"gold_loss":0},{"damage_healed":0,"gold_gain":0,"player_choice":"Success","damage_taken":7,"relics_obtained":["Girya"],"max_hp_gain":0,"max_hp_loss":0,"event_name":"Scrap Ooze","floor":12,"gold_loss":0},{"damage_healed":0,"gold_gain":0,"player_choice":"Ignored","damage_taken":0,"max_hp_gain":0,"max_hp_loss":0,"event_name":"Beggar","floor":20,"gold_loss":0}],"is_beta":false,"boss_relics":[{"not_picked":["Calling Bell","Eternal Feather"],"picked":"Black Star"}],"items_purged_floors":[11],"is_endless":false,"potions_floor_spawned":[6,13,22],"killed_by":"Gremlin Leader","ascension_level":10}