{"gold_per_floor":[119,119,119,138,6,6,41,41,41,41,66,66,41,56,56,149,149,173,193,217,230,251,251,285,5,5,5,28,28,46,46,46,144,144,167,1166,1166,1191,606,606,619,619,674,689,1022,1022,1032,237,237,237,237],"floor_reached":51,"playtime":3717,"items_purged":["Normality","Normality"],"score":1244,"play_id":"0a8bb1e2-2376-4dab-aab4-4d28eb9ac47d","local_time":"20190130045423","is_ascension_mode":true,"campfire_choices":[{"floor":6,"key":"REST"},{"floor":12,"key":"REST"},{"data":"Neutralize","floor":15,"key":"SMITH"},{"floor":23,"key":"REST"},{"floor":27,"key":"REST"},{"floor":29,"key":"REST"},{"floor":32,"key":"REST"},{"floor":40,"key":"REST"},{"data":"Burst","floor":42,"key":"SMITH"},{"data":"Footwork","floor":46,"key":"SMITH"},{"data":"Noxious Fumes","floor":49,"key":"SMITH"}],"neow_cost":"NONE","seed_source_timestamp":385720933277700,"circlet_count":0,"master_deck":["AscendersBane","Defend_G+1","Defend_G+1","Defend_G+1","Defend_G+1","Defend_G+1","Strike_G+1","Strike_G+1","Strike_G+1","Strike_G+1","Strike_G+1","Survivor+1","Neutralize+1","Dodge and Roll","Cloak And Dagger","Footwork+1","Sucker Punch+1","Sucker Punch+1","Predator","Well Laid Plans","Malaise","Deadly Poison","Poisoned Stab","Burst+1","Terror+1","Infinite Blades","Crippling Poison","Cloak And Dagger","Envenom","Dodge and Roll","Sucker Punch+1","After Image","Blur","Noxious Fumes+1","Escape Plan"],"relics":["Orrery","Centennial Puzzle","Blue Candle","Paper Crane","Potion Belt","Philosopher\u0027s Stone","Red Mask","Whetstone","Busted Crown","Gambling Chip","Happy Flower","Mango","Strawberry"],"potions_floor_usage":[7,16,19,22,24,24,28,35,41,44,44,50,50,51,51],"damage_taken":[{"damage":6,"enemies":"Small Slimes","floor":1,"turns":4},{"damage":3,"enemies":"Cultist","floor":4,"turns":4},{"damage":8,"enemies":"3 Sentries","floor":7,"turns":10},{"damage":2,"enemies":"Jaw Worm","floor":11,"turns":4},{"damage":5,"enemies":"2 Fungi Beasts","floor":14,"turns":4},{"damage":3,"enemies":"Hexaghost","floor":16,"turns":15},{"damage":6,"enemies":"Shell Parasite","floor":18,"turns":8},{"damage":8,"enemies":"3 Byrds","floor":19,"turns":7},{"damage":15,"enemies":"Cultist and Chosen","floor":20,"turns":9},{"damage":2,"enemies":"Snake Plant","floor":21,"turns":7},{"damage":2,"enemies":"Centurion and Healer","floor":22,"turns":7},{"damage":30,"enemies":"Masked Bandits","floor":24,"turns":4},{"damage":5,"enemies":"Shelled Parasite and Fungi","floor":28,"turns":6},{"damage":3,"enemies":"Snake Plant","floor":30,"turns":5},{"damage":22,"enemies":"Automaton","floor":33,"turns":13},{"damage":15,"enemies":"3 Darklings","floor":35,"turns":8},{"damage":4,"enemies":"3 Shapes","floor":38,"turns":8},{"damage":10,"enemies":"3 Darklings","floor":41,"turns":6},{"damage":6,"enemies":"Jaw Worm Horde","floor":44,"turns":7},{"damage":1,"enemies":"Sphere and 2 Shapes","floor":47,"turns":8},{"damage":48,"enemies":"Time Eater","floor":50,"turns":19},{"damage":23,"enemies":"Awakened One","floor":51,"turns":8}],"seed_played":"3867502707681172300","potions_obtained":[{"floor":7,"key":"SkillPotion"},{"floor":16,"key":"Dexterity Potion"},{"floor":18,"key":"GamblersBrew"},{"floor":19,"key":"Explosive Potion"},{"floor":20,"key":"SteroidPotion"},{"floor":24,"key":"Block Potion"},{"floor":33,"key":"Explosive Potion"},{"floor":41,"key":"SkillPotion"},{"floor":47,"key":"Poison Potion"}],"is_trial":false,"path_per_floor":["M","?","?","M","$","R","E","?","T","?","M","R","$","M","R","B",null,"M","M","M","M","M","R","?","$","T","R","M","R","M","?","R","B",null,"M","?","?","M","$","R","M","R","T","M","?","R","M","$","R","B","B"],"character_chosen":"THE_SILENT","items_purchased":["Well Laid Plans","SkillPotion","Deadly Poison","Envenom","Dodge and Roll","GhostInAJar","Blur","Regen Potion","Swift Potion","Gambling Chip","Mango","Strawberry","SkillPotion","SpeedPotion","Escape Plan"],"campfire_rested":7,"item_purchase_floors":[5,5,13,25,25,25,39,39,39,39,48,48,48,48,48],"current_hp_per_floor":[53,53,35,32,32,50,42,16,16,16,14,32,32,27,27,24,51,45,37,22,20,18,36,6,6,6,24,19,37,34,34,52,30,53,38,38,38,34,34,52,42,42,42,51,51,51,50,71,71,23,0],"gold":237,"neow_bonus":"BOSS_RELIC","is_prod":false,"is_daily":false,"chose_seed":false,"campfire_upgraded":4,"win_rate":0,"timestamp":1548842063,"path_taken":["M","?","?","M","$","R","E","?","T","?","M","R","$","?","R","BOSS","M","?","M","M","M","R","?","$","T","R","M","R","M","?","R","BOSS","M","?","?","M","$","R","M","R","T","M","?","R","M","$","R","BOSS","BOSS"],"build_version":"2019-01-23","purchased_purges":2,"victory":false,"max_hp_per_floor":[66,60,60,60,60,60,60,60,60,60,60,60,60,60,60,60,60,60,60,60,60,60,60,60,60,60,60,60,60,60,60,60,60,60,60,60,60,60,60,60,60,60,60,60,60,60,60,81,81,81,81],"card_choices":[{"not_picked":["All Out Attack","Sucker Punch"],"picked":"Dodge and Roll","floor":0},{"not_picked":["PiercingWail","Dagger Spray"],"picked":"Cloak And Dagger","floor":0},{"not_picked":["Backflip","Prepared"],"picked":"Footwork","floor":0},{"not_picked":["Endless Agony","Bane"],"picked":"Dagger Spray","floor":0},{"not_picked":["Flying Knee","Dagger Spray"],"picked":"Sucker Punch","floor":0},{"not_picked":["Flechettes","Bane"],"picked":"Sucker Punch","floor":1},{"not_picked":["Caltrops","Endless Agony"],"picked":"Predator","floor":4},{"not_picked":["Underhanded Strike","Bane"],"picked":"Malaise","floor":7},{"not_picked":["Outmaneuver","Tactician","Eviscerate"],"picked":"SKIP","floor":11},{"not_picked":["Acrobatics","Dagger Spray"],"picked":"Poisoned Stab","floor":14},{"not_picked":["Doppelganger","Grand Finale"],"picked":"Burst","floor":16},{"not_picked":["Masterful Stab","Concentrate","Underhanded Strike"],"picked":"SKIP","floor":18},{"not_picked":["Acrobatics","Concentrate"],"picked":"Terror+1","floor":19},{"not_picked":["Blade Dance","Poisoned Stab","Setup"],"picked":"SKIP","floor":20},{"not_picked":["Predator","Skewer"],"picked":"Infinite Blades","floor":21},{"not_picked":["Quick Slash","Cloak And Dagger"],"picked":"Crippling Poison","floor":22},{"not_picked":["Accuracy","Deflect"],"picked":"Cloak And Dagger","floor":24},{"not_picked":["Deadly Poison","Eviscerate"],"picked":"Sucker Punch+1","floor":28},{"not_picked":["Quick Slash","Underhanded Strike","Well Laid Plans"],"picked":"SKIP","floor":30},{"not_picked":["A Thousand Cuts","Die Die Die"],"picked":"After Image","floor":33},{"not_picked":["Eviscerate"],"picked":"SKIP","floor":35},{"not_picked":["Deadly Poison"],"picked":"SKIP","floor":38},{"not_picked":["Dagger Throw"],"picked":"SKIP","floor":41},{"not_picked":["Setup"],"picked":"SKIP","floor":44},{"not_picked":[],"picked":"Noxious Fumes","floor":47}],"player_experience":1970624,"relics_obtained":[{"floor":7,"key":"Centennial Puzzle"},{"floor":9,"key":"Paper Crane"},{"floor":24,"key":"Red Mask"},{"floor":26,"key":"Whetstone"},{"floor":43,"key":"Happy Flower"}],"event_choices":[{"damage_healed":0,"gold_gain":0,"player_choice":"Lose Max HP","damage_taken":0,"relics_obtained":["Golden Idol"],"max_hp_gain":0,"max_hp_loss":6,"event_name":"Golden Idol","floor":2,"gold_loss":0},{"damage_healed":0,"gold_gain":0,"player_choice":"Entered Light","damage_taken":18,"max_hp_gain":0,"max_hp_loss":0,"event_name":"Shining Light","floor":3,"gold_loss":0,"cards_upgraded":["Defend_G","Survivor"]},{"damage_healed":0,"gold_gain":0,"player_choice":"Success","damage_taken":26,"relics_obtained":["Blue Candle"],"max_hp_gain":0,"max_hp_loss":0,"event_name":"Scrap Ooze","floor":8,"gold_loss":0},{"cards_removed":["Dagger Spray"],"damage_healed":0,"gold_gain":0,"player_choice":"Gave Card","damage_taken":0,"relics_obtained":["Potion Belt"],"max_hp_gain":0,"max_hp_loss":0,"event_name":"WeMeetAgain","floor":10,"gold_loss":0},{"damage_healed":0,"gold_gain":0,"player_choice":"Fought Bandits","damage_taken":0,"max_hp_gain":0,"max_hp_loss":0,"event_name":"Masked Bandits","floor":24,"gold_loss":0},{"damage_healed":0,"gold_gain":0,"player_choice":"Simplicity","damage_taken":0,"max_hp_gain":0,"max_hp_loss":0,"event_name":"Back to Basics","floor":31,"gold_loss":0,"cards_upgraded":["Defend_G","Defend_G","Defend_G","Defend_G","Strike_G","Strike_G","Strike_G","Strike_G","Strike_G"]},{"damage_healed":0,"gold_gain":999,"player_choice":"Gold","damage_taken":0,"max_hp_gain":0,"max_hp_loss":0,"event_name":"MindBloom","floor":36,"gold_loss":0,"cards_obtained":["Normality","Normality"]},{"damage_healed":0,"gold_gain":0,"player_choice":"Ignored","damage_taken":0,"max_hp_gain":0,"max_hp_loss":0,"event_name":"Mysterious Sphere","floor":37,"gold_loss":0},{"damage_healed":0,"gold_gain":333,"player_choice":"Gave Idol","damage_taken":0,"max_hp_gain":0,"max_hp_loss":0,"event_name":"The Moai Head","floor":45,"relics_lost":["Golden Idol"],"gold_loss":0}],"is_beta":true,"boss_relics":[{"not_picked":["Pandora\u0027s Box","Empty Cage"],"picked":"Philosopher\u0027s Stone"},{"not_picked":["Black Star","Sozu"],"picked":"Busted Crown"}],"items_purged_floors":[39,48],"is_endless":false,"potions_floor_spawned":[7,16,18,19,20,24,33,41,47],"killed_by":"Awakened One","ascension_level":20}