{"path_per_floor":["M","?","?","M","$","R","E","R","T","M","T","M","?","M","R","B",null,"M","M","$","M","?","E","M","R","T","E","M","M","M","M","R"],"character_chosen":"THE_SILENT","items_purchased":["Well Laid Plans","Kunai"],"gold_per_floor":[117,67,67,78,4,4,39,39,90,110,110,125,125,138,138,239,239,252,264,2,21,21,46,63,63,89,118,135,149,168,179,179],"floor_reached":33,"campfire_rested":3,"playtime":3100,"current_hp_per_floor":[70,70,67,67,67,67,45,45,45,45,45,39,39,37,58,34,70,64,64,64,24,24,22,9,30,30,37,39,41,36,28,49],"items_purged":[],"gold":179,"score":291,"play_id":"5d304e92-4a2c-4eed-a727-30b609df5880","is_prod":false,"is_daily":false,"is_ascension_mode":false,"campfire_upgraded":2,"path_taken":["M","?","?","M","?","R","E","R","T","M","?","M","?","?","R","BOSS","M","M","?","?","?","E","M","R","T","E","M","M","M","M","R","BOSS"],"build_version":"2018-02-08-PROD1","purchased_purges":0,"victory":false,"master_deck":["Defend_G","Defend_G","Defend_G","Defend_G","Strike_G","Strike_G+1","Strike_G","Strike_G","Strike_G","Survivor+1","Neutralize+1","Backstab","Flying Knee+1","Well Laid Plans+1","Bouncing Flask","Distraction+1","Slice","Dash","Bullet Time+1","Acrobatics","Eviscerate+1","Deflect+1","Predator","Sucker Punch+1","Backflip+1","PiercingWail","Deflect","Backflip+1","A Thousand Cuts"],"max_hp_per_floor":[70,70,70,70,70,70,70,70,70,70,70,70,70,70,70,70,70,70,70,70,70,70,70,70,70,70,70,70,70,70,70,70],"relics":["Ring of the Snake","Lantern","Vajra","Whetstone","War Paint","Black Star","Kunai","Ancient Tea Set","Blood Vial","Snake Skull","Shuriken","Gremlin Horn"],"card_choices":[{"not_picked":["Sucker Punch","Skewer"],"picked":"Backstab"},{"not_picked":["Finisher","Dodge and Roll"],"picked":"Flying Knee"},{"not_picked":["Dagger Spray","Skewer"],"picked":"Bouncing Flask"},{"not_picked":["PiercingWail","Flying Knee"],"picked":"Distraction"},{"not_picked":["Deflect","Dodge and Roll"],"picked":"Slice"},{"not_picked":["Skewer","Well Laid Plans"],"picked":"Dash"},{"not_picked":["Wraith Form","Unload"],"picked":"Bullet Time"},{"not_picked":["Dodge and Roll","Dagger Throw"],"picked":"Acrobatics"},{"not_picked":["Outmaneuver","Dagger Throw"],"picked":"Eviscerate"},{"not_picked":["Slice","Dash"],"picked":"Deflect"},{"not_picked":["Quick Slash","Backstab"],"picked":"Predator"},{"not_picked":["Heel Hook","Dodge and Roll"],"picked":"Sucker Punch"},{"not_picked":["Envenom","Dash"],"picked":"Backflip"},{"not_picked":["Sucker Punch","Deflect"],"picked":"PiercingWail"},{"not_picked":["Backflip","Calculated Gamble"],"picked":"Deflect"},{"not_picked":["Eviscerate","Poisoned Stab"],"picked":"Backflip"},{"not_picked":["Deadly Poison","Outmaneuver"],"picked":"A Thousand Cuts"}],"player_experience":7637,"potions_floor_usage":[23,23,23,27],"damage_taken":[{"damage":0,"enemies":"2 Louse","floor":1,"turns":3},{"damage":0,"enemies":"Cultist","floor":4,"turns":3},{"damage":22,"enemies":"Lagavulin","floor":7,"turns":8},{"damage":0,"enemies":"Small Slimes","floor":10,"turns":2},{"damage":6,"enemies":"3 Louse","floor":12,"turns":3},{"damage":2,"enemies":"Looter","floor":14,"turns":2},{"damage":24,"enemies":"Hexaghost","floor":16,"turns":8},{"damage":6,"enemies":"Shell Parasite","floor":18,"turns":5},{"damage":0,"enemies":"Spheric Guardian","floor":19,"turns":3},{"damage":40,"enemies":"Slaver and Parasite","floor":21,"turns":7},{"damage":17,"enemies":"Book of Stabbing","floor":23,"turns":6},{"damage":15,"enemies":"Centurion and Healer","floor":24,"turns":5},{"damage":4,"enemies":"Gremlin Leader","floor":27,"turns":6},{"damage":0,"enemies":"Cultist and Chosen","floor":28,"turns":4},{"damage":0,"enemies":"Snake Plant","floor":29,"turns":3},{"damage":7,"enemies":"3 Cultists","floor":30,"turns":5},{"damage":10,"enemies":"Centurion and Healer","floor":31,"turns":5},{"damage":53,"enemies":"Collector","floor":33,"turns":3}],"event_choices":[{"event_name":"The Cleric","player_choice":"Card Removal","floor":2,"damage_taken":0},{"event_name":"Scrap Ooze","player_choice":"success","floor":3,"damage_taken":3},{"event_name":"Liars Game","player_choice":"disagreed","floor":13,"damage_taken":0},{"event_name":"Accursed Blacksmith","player_choice":"Forge","floor":22,"damage_taken":0}],"boss_relics":[{"not_picked":["Orrery","Philosopher\u0027s Stone"],"picked":"Black Star"}],"potions_floor_spawned":[4,10,12,16,19,23,24,27,29],"seed_played":"-2328316825708499426","killed_by":"Collector","ascension_level":0,"is_trial":false}