{"gold_per_floor":[118,68,88,63,63,63,94,94,94,114,128,128,139,153,153,254,254,265,79,91,106,106,106,137,137,205,238,250,250,250,267,267,363,363,376,394,85,105,7,18,18,18,86,86,99,99,99,111,111,111],"floor_reached":51,"playtime":4581,"items_purged":[],"score":1024,"play_id":"70109128-6fbe-467a-9562-37d9ac9e10df","local_time":"20190206211819","is_ascension_mode":true,"campfire_choices":[{"data":"Zap","floor":6,"key":"SMITH"},{"data":"Rip and Tear","floor":8,"key":"SMITH"},{"data":"Loop","floor":12,"key":"SMITH"},{"data":"White Noise","floor":15,"key":"SMITH"},{"data":"Ghostly","floor":23,"key":"SMITH"},{"data":"Ghostly","floor":25,"key":"SMITH"},{"data":"Defragment","floor":32,"key":"SMITH"},{"data":"Ghostly","floor":41,"key":"SMITH"},{"data":"Ghostly","floor":44,"key":"SMITH"},{"data":"Ghostly","floor":46,"key":"SMITH"},{"floor":49,"key":"REST"}],"neow_cost":"NONE","seed_source_timestamp":519005741022521,"circlet_count":0,"master_deck":["Zap+1","Dualcast","Leap","Conserve Battery","Rip and Tear+1","Loop+1","White Noise+1","Meteor Strike","Consume","Machine Learning","Glacier","Loop","Ball Lightning","Doom and Gloom+1","Ghostly+1","Ghostly+1","Ghostly+1","Ghostly+1","Ghostly+1","Conserve Battery","Defragment+1","Electrodynamics","Barrage","Meteor Strike","Loop","Fusion","Skim","Streamline","Sunder+1","Chaos+1","Blind","Self Repair","White Noise"],"relics":["Cracked Core","NeowsBlessing","FaceOfCleric","Incense Burner","Mummified Hand","Runic Pyramid","DataDisk","Juzu Bracelet","Singing Bowl","Bottled Lightning","Pandora\u0027s Box","Strawberry","Frozen Egg 2"],"potions_floor_usage":[16,28,33,38,40,50,50,50],"damage_taken":[{"damage":0,"enemies":"2 Louse","floor":1,"turns":1},{"damage":0,"enemies":"Cultist","floor":3,"turns":1},{"damage":0,"enemies":"Lagavulin","floor":7,"turns":1},{"damage":0,"enemies":"Jaw Worm","floor":10,"turns":3},{"damage":1,"enemies":"Blue Slaver","floor":11,"turns":3},{"damage":9,"enemies":"3 Louse","floor":13,"turns":2},{"damage":7,"enemies":"Large Slime","floor":14,"turns":3},{"damage":27,"enemies":"The Guardian","floor":16,"turns":12},{"damage":17,"enemies":"Shell Parasite","floor":18,"turns":5},{"damage":0,"enemies":"Spheric Guardian","floor":20,"turns":8},{"damage":3,"enemies":"Centurion and Healer","floor":21,"turns":7},{"damage":3,"enemies":"Book of Stabbing","floor":24,"turns":5},{"damage":3,"enemies":"Slavers","floor":27,"turns":7},{"damage":0,"enemies":"Snake Plant","floor":28,"turns":5},{"damage":0,"enemies":"3 Cultists","floor":31,"turns":8},{"damage":3,"enemies":"Automaton","floor":33,"turns":9},{"damage":20,"enemies":"3 Shapes","floor":35,"turns":5},{"damage":1,"enemies":"Orb Walker","floor":36,"turns":5},{"damage":8,"enemies":"Maw","floor":38,"turns":9},{"damage":2,"enemies":"Transient","floor":40,"turns":5},{"damage":2,"enemies":"Jaw Worm Horde","floor":45,"turns":4},{"damage":4,"enemies":"3 Darklings","floor":48,"turns":4},{"damage":10,"enemies":"Time Eater","floor":50,"turns":8}],"seed_played":"-8323193308594982481","potions_obtained":[{"floor":1,"key":"Ancient Potion"},{"floor":10,"key":"SpeedPotion"},{"floor":14,"key":"Swift Potion"},{"floor":16,"key":"Swift Potion"},{"floor":33,"key":"Strength Potion"},{"floor":35,"key":"Poison Potion"},{"floor":48,"key":"Ancient Potion"}],"is_trial":false,"path_per_floor":["M","?","M","$","?","R","E","R","T","M","M","R","M","M","R","B",null,"M","$","M","M","?","R","E","R","T","E","M","?","?","M","R","B",null,"M","M","$","M","$","M","R","$","T","R","M","R","?","M","R","B",null],"character_chosen":"DEFECT","items_purchased":["Sweeping Beam","Loop","DataDisk","Blind","Self Repair","Strawberry","Fruit Juice"],"campfire_rested":1,"item_purchase_floors":[4,19,19,37,37,37,39],"current_hp_per_floor":[68,68,68,68,68,68,69,69,69,70,70,70,62,56,56,30,68,52,52,53,51,42,42,40,40,40,38,41,41,41,44,44,42,49,30,30,37,39,39,45,45,45,45,45,44,44,44,43,65,63],"gold":111,"neow_bonus":"THREE_ENEMY_KILL","is_prod":false,"is_daily":false,"chose_seed":false,"campfire_upgraded":10,"win_rate":0,"timestamp":1549516699,"path_taken":["M","?","M","$","?","R","E","R","T","M","M","R","?","M","R","BOSS","M","$","M","M","?","R","E","R","T","E","M","?","?","M","R","BOSS","M","M","$","M","$","M","R","$","T","R","M","R","?","M","R","BOSS"],"build_version":"2019-01-23","purchased_purges":0,"victory":true,"max_hp_per_floor":[75,75,75,75,75,75,76,76,76,77,78,78,79,80,80,81,81,82,82,83,84,42,42,43,43,43,44,47,47,47,50,50,51,51,52,53,60,63,63,71,71,71,71,71,72,72,72,75,75,76],"card_choices":[{"not_picked":["Steam","Gash"],"picked":"Leap","floor":1},{"not_picked":["Barrage","Hologram"],"picked":"Conserve Battery","floor":3},{"not_picked":["FTL","Scrape"],"picked":"Rip and Tear","floor":7},{"not_picked":["Chaos","Barrage"],"picked":"Loop","floor":10},{"not_picked":["Tempest","Streamline"],"picked":"White Noise","floor":11},{"not_picked":["Hologram","Rip and Tear"],"picked":"Meteor Strike","floor":13},{"not_picked":["Turbo","Beam Cell"],"picked":"Consume","floor":14},{"not_picked":["Reboot","Seek"],"picked":"Machine Learning","floor":16},{"not_picked":["Beam Cell","Fusion"],"picked":"Glacier","floor":18},{"not_picked":["Cold Snap","Sweeping Beam"],"picked":"Ball Lightning","floor":20},{"not_picked":["Fusion","Hologram"],"picked":"Doom and Gloom+1","floor":21},{"not_picked":["Glacier","Melter+1"],"picked":"Conserve Battery","floor":24},{"not_picked":["Tempest+1","Barrage"],"picked":"Defragment","floor":27},{"not_picked":["Beam Cell","Coolheaded","Barrage"],"picked":"Singing Bowl","floor":28},{"not_picked":["Conserve Battery","FTL","Barrage+1"],"picked":"Singing Bowl","floor":31},{"not_picked":["Thunder Strike","All For One"],"picked":"Electrodynamics","floor":33},{"not_picked":["Stack+1","Skim+1"],"picked":"Sunder+1","floor":35},{"not_picked":["Chill","Lockon"],"picked":"Chaos+1","floor":36},{"not_picked":["Leap","Sweeping Beam+1","Steam"],"picked":"Singing Bowl","floor":38},{"not_picked":["Chaos","Reinforced Body+1","Cold Snap+1"],"picked":"Singing Bowl","floor":40},{"not_picked":["Gash","Cold Snap"],"picked":"White Noise","floor":45},{"not_picked":["Conserve Battery","Hologram","Rebound+1"],"picked":"Singing Bowl","floor":48}],"player_experience":486774,"relics_obtained":[{"floor":7,"key":"Incense Burner"},{"floor":9,"key":"Mummified Hand"},{"floor":24,"key":"Juzu Bracelet"},{"floor":26,"key":"Singing Bowl"},{"floor":27,"key":"Bottled Lightning"},{"floor":43,"key":"Frozen Egg 2"}],"event_choices":[{"cards_removed":["Strike_B"],"damage_healed":0,"gold_gain":0,"player_choice":"Card Removal","damage_taken":0,"max_hp_gain":0,"max_hp_loss":0,"event_name":"The Cleric","floor":2,"gold_loss":50},{"damage_healed":0,"gold_gain":0,"player_choice":"Trade","damage_taken":0,"relics_obtained":["FaceOfCleric"],"max_hp_gain":0,"max_hp_loss":0,"event_name":"FaceTrader","floor":5,"gold_loss":0},{"damage_healed":0,"gold_gain":0,"player_choice":"Became a Ghost","damage_taken":0,"max_hp_gain":0,"max_hp_loss":42,"event_name":"Ghosts","floor":22,"gold_loss":0,"cards_obtained":["Ghostly","Ghostly","Ghostly","Ghostly","Ghostly"]},{"cards_removed":["Strike_B"],"damage_healed":0,"gold_gain":0,"player_choice":"Purged","damage_taken":0,"max_hp_gain":0,"max_hp_loss":0,"event_name":"Purifier","floor":29,"gold_loss":0},{"damage_healed":0,"gold_gain":0,"player_choice":"Ignored","damage_taken":0,"max_hp_gain":0,"max_hp_loss":0,"event_name":"The Mausoleum","floor":30,"gold_loss":0},{"cards_removed":["Sweeping Beam"],"damage_healed":0,"gold_gain":0,"player_choice":"Removed Attack","damage_taken":0,"max_hp_gain":0,"max_hp_loss":0,"event_name":"Falling","floor":47,"gold_loss":0}],"is_beta":false,"boss_relics":[{"not_picked":["Orrery","Busted Crown"],"picked":"Runic Pyramid"},{"not_picked":["Tiny House","Snecko Eye"],"picked":"Pandora\u0027s Box"}],"items_purged_floors":[],"is_endless":false,"potions_floor_spawned":[1,10,14,16,18,20,27,33,35,48],"ascension_level":9}