{"gold_per_floor":[115,115,190,38,55,81,99,126,176,351,385,236,266,266,266,368,368,388,406,406,321,115,142,162,162,214,214],"floor_reached":27,"playtime":1337,"items_purged":["Strike_B","Strike_B","Defend_B"],"score":338,"play_id":"7d811745-f252-478c-bb21-646aeffe7a55","local_time":"20181202193346","is_ascension_mode":true,"campfire_choices":[{"data":"Capacitor","floor":15,"key":"SMITH"}],"neow_cost":"NONE","seed_source_timestamp":166830661513326,"circlet_count":0,"master_deck":["Strike_B","Strike_B","Defend_B+1","Defend_B","Defend_B+1","Zap","Dualcast","Self Repair","Capacitor+1","Streamline","Leap","Ball Lightning","Recycle","Doubt","Coolheaded","Glacier","Echo Form","Ball Lightning","RitualDagger","Chaos","Genetic Algorithm","Self Repair","Decay"],"relics":["Cracked Core","NeowsBlessing","Cables","Ancient Tea Set","Strawberry","WingedGreaves","Happy Flower","Torii","Runic Dome","Bag of Preparation","Incense Burner","Blood Vial"],"potions_floor_usage":[13,16,16,16,23],"damage_taken":[{"damage":0,"enemies":"Jaw Worm","floor":1,"turns":1},{"damage":0,"enemies":"Small Slimes","floor":5,"turns":1},{"damage":0,"enemies":"3 Sentries","floor":6,"turns":1},{"damage":0,"enemies":"2 Louse","floor":7,"turns":2},{"damage":23,"enemies":"Lagavulin","floor":8,"turns":6},{"damage":30,"enemies":"3 Sentries","floor":11,"turns":7},{"damage":9,"enemies":"Lagavulin","floor":13,"turns":7},{"damage":13,"enemies":"The Guardian","floor":16,"turns":12},{"damage":8,"enemies":"Spheric Guardian","floor":18,"turns":5},{"damage":9,"enemies":"Shell Parasite","floor":19,"turns":6},{"damage":55,"enemies":"Slavers","floor":23,"turns":6},{"damage":19,"enemies":"Snake Plant","floor":24,"turns":5},{"damage":23,"enemies":"Gremlin Leader","floor":27,"turns":2}],"seed_played":"-2454231833149044883","potions_obtained":[{"floor":1,"key":"Energy Potion"},{"floor":6,"key":"Energy Potion"},{"floor":7,"key":"SteroidPotion"},{"floor":8,"key":"FocusPotion"},{"floor":13,"key":"SteroidPotion"},{"floor":18,"key":"Strength Potion"}],"is_trial":false,"path_per_floor":["M","?","?","$","M","E","M","E","T","?","E","$","E","?","R","B",null,"M","M","?","?","$","E","M","?","T","E"],"character_chosen":"DEFECT","items_purchased":["Capacitor","Coolheaded","Chaos"],"campfire_rested":0,"item_purchase_floors":[4,12,22],"current_hp_per_floor":[75,60,49,49,49,56,63,47,54,54,31,31,29,26,26,20,82,81,79,73,73,73,25,13,13,13,0],"gold":214,"neow_bonus":"THREE_ENEMY_KILL","is_prod":false,"is_daily":false,"chose_seed":false,"campfire_upgraded":1,"win_rate":0,"timestamp":1543797226,"path_taken":["M","?","?","?","M","E","M","E","T","?","E","$","E","?","R","BOSS","M","M","?","?","$","E","M","?","T","E"],"build_version":"2018-11-15","purchased_purges":3,"victory":false,"max_hp_per_floor":[75,75,75,75,75,75,75,75,82,82,82,82,82,82,82,82,82,82,82,82,82,82,82,82,82,82,82],"card_choices":[{"not_picked":["Recycle","Barrage"],"picked":"Self Repair","floor":1},{"not_picked":["Auto Shields","Steam"],"picked":"Streamline","floor":5},{"not_picked":["Steam","Tempest"],"picked":"Leap","floor":6},{"not_picked":["Gash","Hologram"],"picked":"Ball Lightning","floor":7},{"not_picked":["Tempest","Meteor Strike"],"picked":"Recycle","floor":8},{"not_picked":["Aggregate","Gash","Compile Driver"],"picked":"SKIP","floor":11},{"not_picked":["Reprogram","Ball Lightning"],"picked":"Glacier","floor":13},{"not_picked":["Rainbow","Creative AI"],"picked":"Echo Form","floor":16},{"not_picked":["Gash","Rebound","FTL"],"picked":"SKIP","floor":18},{"not_picked":["Compile Driver","Reprogram+1"],"picked":"Ball Lightning","floor":19},{"not_picked":["Sweeping Beam+1","Reprogram"],"picked":"Genetic Algorithm","floor":23},{"not_picked":["FTL+1","Coolheaded"],"picked":"Self Repair","floor":24}],"player_experience":240863,"relics_obtained":[{"floor":6,"key":"Cables"},{"floor":8,"key":"Ancient Tea Set"},{"floor":9,"key":"Strawberry"},{"floor":11,"key":"WingedGreaves"},{"floor":13,"key":"Happy Flower"},{"floor":23,"key":"Incense Burner"},{"floor":26,"key":"Blood Vial"}],"event_choices":[{"damage_healed":0,"gold_gain":0,"player_choice":"Entered Light","damage_taken":15,"max_hp_gain":0,"max_hp_loss":0,"event_name":"Shining Light","floor":2,"gold_loss":0,"cards_upgraded":["Defend_B","Defend_B"]},{"damage_healed":0,"gold_gain":75,"player_choice":"Gather Gold","damage_taken":11,"max_hp_gain":0,"max_hp_loss":0,"event_name":"World of Goop","floor":3,"gold_loss":0},{"damage_healed":0,"gold_gain":175,"player_choice":"AGREE","damage_taken":0,"max_hp_gain":0,"max_hp_loss":0,"event_name":"Liars Game","floor":10,"gold_loss":0,"cards_obtained":["Doubt"]},{"damage_healed":0,"gold_gain":0,"player_choice":"Success","damage_taken":3,"relics_obtained":["Torii"],"max_hp_gain":0,"max_hp_loss":0,"event_name":"Scrap Ooze","floor":14,"gold_loss":0},{"damage_healed":0,"gold_gain":0,"player_choice":"Joined the Cult","damage_taken":6,"max_hp_gain":0,"max_hp_loss":0,"event_name":"Nest","floor":20,"gold_loss":0,"cards_obtained":["RitualDagger"]},{"damage_healed":0,"gold_gain":0,"player_choice":"Obtained Relic","damage_taken":0,"relics_obtained":["Bag of Preparation"],"max_hp_gain":0,"max_hp_loss":0,"event_name":"Addict","floor":21,"gold_loss":85},{"damage_healed":0,"gold_gain":0,"player_choice":"Smashed Altar","damage_taken":0,"max_hp_gain":0,"max_hp_loss":0,"event_name":"Forgotten Altar","floor":25,"gold_loss":0,"cards_obtained":["Decay"]}],"is_beta":false,"boss_relics":[{"not_picked":["Eternal Feather","Busted Crown"],"picked":"Runic Dome"}],"items_purged_floors":[4,12,22],"is_endless":false,"potions_floor_spawned":[1,6,7,8,13,18],"killed_by":"Gremlin Leader","ascension_level":4}