{"gold_per_floor":[110,110,123,48,48,80,80,95,176,233,253,283,283,298,298,374,374,388,313,331,101,101,101,135,135,135,149,149,149,149,49,49,126,126,137,153,171,171,171,171,190,207,230,230,230,247,258,278,278,278,278],"floor_reached":52,"playtime":3353,"items_purged":["Strike_B","Strike_B"],"score":1689,"play_id":"9f9e7a18-60c0-44ef-b090-8ff49103b451","local_time":"20190129190747","is_ascension_mode":true,"campfire_choices":[{"data":"Zap","floor":7.0,"key":"SMITH"},{"data":"Consume","floor":13.0,"key":"SMITH"},{"data":"Biased Cognition","floor":15.0,"key":"SMITH"},{"data":"Chill","floor":23.0,"key":"SMITH"},{"data":"Sunder","floor":25.0,"key":"SMITH"},{"data":"Dualcast","floor":29.0,"key":"SMITH"},{"data":"Conserve Battery","floor":32.0,"key":"SMITH"},{"data":"Madness","floor":40,"key":"SMITH"},{"data":"Madness","floor":45,"key":"SMITH"},{"data":"Barrage","floor":49,"key":"SMITH"}],"neow_cost":"TEN_PERCENT_HP_LOSS","seed_source_timestamp":0,"circlet_count":0,"master_deck":["AscendersBane","Strike_B","Defend_B","Defend_B","Defend_B","Zap+1","Dualcast+1","Biased Cognition+1","Stack","Sunder+1","BootSequence","Conserve Battery+1","Cold Snap","Chill+1","Consume+1","Hologram","Biased Cognition+1","Glacier","White Noise","Conserve Battery","Ball Lightning","Core Surge","Cold Snap","Chill","Madness+1","Madness+1","Parasite","Cold Snap","Barrage+1"],"special_seed":0,"relics":["Cracked Core","Oddly Smooth Stone","Frozen Egg 2","Strawberry","Bird Faced Urn","Inserter","Runic Capacitor","DataDisk","Shuriken","Bag of Marbles","Nloth\u0027s Gift","Sozu","Anchor"],"potions_floor_usage":[],"damage_taken":[{"damage":3.0,"enemies":"2 Louse","floor":1.0,"turns":2.0},{"damage":1.0,"enemies":"Cultist","floor":3.0,"turns":3.0},{"damage":20.0,"enemies":"Lagavulin","floor":6.0,"turns":6.0},{"damage":0.0,"enemies":"Small Slimes","floor":8.0,"turns":3.0},{"damage":0.0,"enemies":"3 Sentries","floor":10.0,"turns":7.0},{"damage":0.0,"enemies":"2 Fungi Beasts","floor":11.0,"turns":3.0},{"damage":20.0,"enemies":"Gremlin Nob","floor":12.0,"turns":3.0},{"damage":0.0,"enemies":"Blue Slaver","floor":14.0,"turns":4.0},{"damage":10.0,"enemies":"Hexaghost","floor":16.0,"turns":9.0},{"damage":5.0,"enemies":"Spheric Guardian","floor":18.0,"turns":4.0},{"damage":0.0,"enemies":"Shell Parasite","floor":20.0,"turns":9.0},{"damage":14.0,"enemies":"Colosseum Slavers","floor":22.0,"turns":4.0},{"damage":12.0,"enemies":"Gremlin Leader","floor":24.0,"turns":9.0},{"damage":7.0,"enemies":"Sentry and Sphere","floor":27.0,"turns":6.0},{"damage":33,"enemies":"Automaton","floor":33,"turns":11},{"damage":1,"enemies":"3 Darklings","floor":35,"turns":5},{"damage":0,"enemies":"3 Shapes","floor":36,"turns":3},{"damage":0,"enemies":"Jaw Worm Horde","floor":37,"turns":4},{"damage":9,"enemies":"Writhing Mass","floor":41,"turns":7},{"damage":0,"enemies":"Sphere and 2 Shapes","floor":42,"turns":8},{"damage":0,"enemies":"Jaw Worm Horde","floor":46,"turns":8},{"damage":0,"enemies":"3 Darklings","floor":47,"turns":11},{"damage":0,"enemies":"Maw","floor":48,"turns":7},{"damage":11,"enemies":"Donu and Deca","floor":50,"turns":7},{"damage":1,"enemies":"Time Eater","floor":51,"turns":19}],"seed_played":"7856512768105345585","potions_obtained":[{"floor":6.0,"key":"AttackPotion"},{"floor":8.0,"key":"LiquidBronze"},{"floor":11.0,"key":"SkillPotion"},{"floor":16.0,"key":"SkillPotion"},{"floor":24.0,"key":"Regen Potion"},{"floor":27.0,"key":"FearPotion"}],"is_trial":false,"path_per_floor":["M","?","M","$","?","E","R","M","T","?","M","E","R","M","R","B",null,"M","?","M","$","?","R","E","R","T","M","T","R","?","$","R","B",null,"M","M","M","?","?","R","M","M","T","?","R","M","M","M","R","B","B",null],"character_chosen":"DEFECT","items_purchased":["Runic Capacitor"],"campfire_rested":0,"item_purchase_floors":[21],"current_hp_per_floor":[61,61,60,60,60,40,40,40,40,47,47,27,27,27,27,21,59,58,58,62,62,54,54,50,50,50,57,57,57,57,57,57,32,61,66,70,71,58,58,58,57,63,63,63,63,67,69,71,71,71,71],"gold":278,"neow_bonus":"THREE_RARE_CARDS","is_prod":false,"is_daily":false,"chose_seed":false,"campfire_upgraded":10,"win_rate":0,"timestamp":1548756467,"path_taken":["M","?","?","?","?","E","R","M","T","?","M","E","R","M","R","BOSS","M","?","M","$","?","R","E","R","T","M","?","R","?","$","R","BOSS","M","?","M","?","?","R","M","M","T","?","R","M","?","M","R","BOSS","BOSS"],"build_version":"2019-01-23","purchased_purges":2,"victory":true,"max_hp_per_floor":[64,64,64,64,64,64,64,64,64,71,71,71,71,71,71,71,71,71,71,71,71,71,71,71,71,71,71,71,71,71,71,71,71,71,71,71,71,71,71,71,71,71,71,71,71,71,71,71,71,71,71],"card_choices":[{"not_picked":["Reboot","Multi-Cast"],"picked":"Biased Cognition","floor":0.0},{"not_picked":["Barrage","Streamline"],"picked":"Stack","floor":1.0},{"not_picked":["Beam Cell","Barrage"],"picked":"Sunder","floor":3.0},{"not_picked":["BootSequence","Fusion"],"picked":"Conserve Battery","floor":6.0},{"not_picked":["Thunder Strike","Ball Lightning"],"picked":"Cold Snap","floor":8.0},{"not_picked":["Rebound","Gash"],"picked":"Chill","floor":10.0},{"not_picked":["Genetic Algorithm","Gash"],"picked":"Static Discharge+1","floor":11.0},{"not_picked":["Sweeping Beam","Streamline"],"picked":"Consume","floor":12.0},{"not_picked":["Chaos","White Noise"],"picked":"Hologram","floor":14.0},{"not_picked":["Core Surge","Rainbow"],"picked":"Biased Cognition+1","floor":16.0},{"not_picked":["Conserve Battery","Cold Snap+1"],"picked":"Glacier","floor":18.0},{"not_picked":["Skim","Stack"],"picked":"White Noise","floor":20.0},{"not_picked":["Go for the Eyes","Steam"],"picked":"Conserve Battery","floor":24.0},{"not_picked":["Turbo","White Noise+1"],"picked":"Ball Lightning","floor":27.0},{"not_picked":["Seek","Fission"],"picked":"Core Surge","floor":33},{"not_picked":["Compile Driver","Go for the Eyes"],"picked":"Cold Snap","floor":35},{"not_picked":["Skim","Lockon","Consume"],"picked":"SKIP","floor":36},{"not_picked":["Barrage","White Noise"],"picked":"Chill","floor":37},{"not_picked":["Gash","Streamline","Storm+1"],"picked":"SKIP","floor":41},{"not_picked":["Sweeping Beam","Reprogram"],"picked":"Cold Snap","floor":42},{"not_picked":["Blizzard+1","Leap+1","Streamline"],"picked":"SKIP","floor":46},{"not_picked":["Steam Power","Double Energy+1","Turbo"],"picked":"SKIP","floor":47},{"not_picked":["Thunder Strike","Genetic Algorithm"],"picked":"Barrage","floor":48}],"player_experience":844464,"relics_obtained":[{"floor":6.0,"key":"Oddly Smooth Stone"},{"floor":9.0,"key":"Frozen Egg 2"},{"floor":10.0,"key":"Strawberry"},{"floor":12.0,"key":"Bird Faced Urn"},{"floor":24.0,"key":"DataDisk"},{"floor":26.0,"key":"Shuriken"},{"floor":28.0,"key":"Bag of Marbles"},{"floor":43,"key":"Anchor"}],"event_choices":[{"damage_healed":0.0,"max_hp_gain":0.0,"max_hp_loss":0.0,"gold_gain":0.0,"event_name":"FaceTrader","player_choice":"Trade","floor":2.0,"gold_loss":0.0,"damage_taken":0.0,"relics_obtained":["CultistMask"]},{"damage_healed":0.0,"max_hp_gain":0.0,"max_hp_loss":0.0,"gold_gain":0.0,"cards_transformed":["Strike_B"],"event_name":"Living Wall","player_choice":"Change","floor":5.0,"gold_loss":0.0,"damage_taken":0.0,"cards_obtained":["BootSequence"]},{"damage_healed":0.0,"max_hp_gain":0.0,"max_hp_loss":0.0,"gold_gain":30.0,"event_name":"Dead Adventurer","player_choice":"Searched \u00272\u0027 times","floor":10.0,"gold_loss":0.0,"damage_taken":0.0},{"cards_removed":["Defend_B"],"damage_healed":0.0,"max_hp_gain":0.0,"max_hp_loss":0.0,"gold_gain":0.0,"event_name":"Beggar","player_choice":"Gave Gold","floor":19.0,"gold_loss":75.0,"damage_taken":0.0},{"damage_healed":0.0,"max_hp_gain":0.0,"max_hp_loss":0.0,"gold_gain":0.0,"event_name":"Colosseum","player_choice":"Fight","floor":22.0,"gold_loss":0.0,"damage_taken":0.0},{"damage_healed":0.0,"max_hp_gain":0.0,"max_hp_loss":0.0,"gold_gain":0.0,"event_name":"Colosseum","player_choice":"Fled From Nobs","floor":22.0,"gold_loss":0.0,"damage_taken":0.0},{"damage_healed":0.0,"max_hp_gain":0.0,"max_hp_loss":0.0,"gold_gain":0.0,"event_name":"N\u0027loth","player_choice":"Traded Relic","floor":30.0,"relics_lost":["CultistMask"],"gold_loss":0.0,"damage_taken":0.0,"relics_obtained":["Nloth\u0027s Gift"]},{"damage_healed":0,"gold_gain":0,"player_choice":"Embrace Madness","damage_taken":13,"max_hp_gain":0,"max_hp_loss":0,"event_name":"Winding Halls","floor":38,"gold_loss":0,"cards_obtained":["Madness","Madness"]},{"damage_healed":0,"gold_gain":0,"player_choice":"Ignored","damage_taken":0,"max_hp_gain":0,"max_hp_loss":0,"event_name":"Mysterious Sphere","floor":39,"gold_loss":0},{"cards_removed":["Static Discharge"],"damage_healed":0,"gold_gain":0,"player_choice":"Removed Power","damage_taken":0,"max_hp_gain":0,"max_hp_loss":0,"event_name":"Falling","floor":44,"gold_loss":0}],"is_beta":false,"boss_relics":[{"not_picked":["Ectoplasm","Runic Pyramid"],"picked":"Inserter"},{"not_picked":["White Beast Statue","Astrolabe"],"picked":"Sozu"}],"items_purged_floors":[4,31],"is_endless":false,"potions_floor_spawned":[6,8,11,16,22,24,27,36,41,48],"ascension_level":20}