{"gold_per_floor":[114,114,129,129,18,78,108,123,148,148,163,178,208,223,223,323,323,338,338,278,293,308,308,323,2,27,69,81,55,85,110,110,210,210,225,225,225,240,240,240,255,270,270,20,50,65,80,95,95,95],"floor_reached":50,"playtime":4247,"items_purged":["Wraith Form v2","Wraith Form v2"],"score":634,"play_id":"8d5d33bf-cc36-42ab-8646-43ce82dc6d42","local_time":"20190205031134","daily_mods":["Specialized","ControlledChaos","DeadlyEvents"],"is_ascension_mode":false,"campfire_choices":[{"data":"Footwork","floor":10,"key":"SMITH"},{"floor":15,"key":"REST"},{"floor":23,"key":"REST"},{"floor":28,"key":"REST"},{"floor":32,"key":"REST"},{"floor":40,"key":"REST"},{"floor":49,"key":"REST"}],"neow_cost":"","seed_source_timestamp":0,"circlet_count":0,"master_deck":["Defend_G","Defend_G","Defend_G","Defend_G","Defend_G","Strike_G","Strike_G","Strike_G","Strike_G","Strike_G","Survivor","Neutralize","Wraith Form v2","Wraith Form v2","Wraith Form v2","Dash","Prepared+1","Footwork+1","PiercingWail","Accuracy","Bouncing Flask","Calculated Gamble","PiercingWail","Burst","Terror","Dagger Throw","Cloak And Dagger","Slice","Backflip","A Thousand Cuts","Prepared","Acrobatics+1","Blur","Distraction","Acrobatics+1","Slice","Slice","Well Laid Plans","Distraction","Panache","Deflect","Concentrate","Noxious Fumes","After Image","Panacea","Sadistic Nature","Good Instincts","Calculated Gamble","Well Laid Plans+1","Noxious Fumes+1","Catalyst+1","Crippling Poison+1","Deflect+1","Concentrate","Footwork","Slice+1","Dagger Spray+1"],"special_seed":17932,"relics":["Ring of the Snake","Frozen Eye","Tiny Chest","Prayer Wheel","PreservedInsect","Unceasing Top","Fusion Hammer","Blood Vial","MawBank","Centennial Puzzle","Incense Burner","Happy Flower","Sozu","Ginger","Blue Candle","Boot","Pen Nib"],"potions_floor_usage":[7,7,12,13,13,20,24,27,30,45,45],"damage_taken":[{"damage":2,"enemies":"2 Louse","floor":1,"turns":5},{"damage":1,"enemies":"Cultist","floor":3,"turns":5},{"damage":3,"enemies":"3 Sentries","floor":6,"turns":8},{"damage":15,"enemies":"Lagavulin","floor":7,"turns":8},{"damage":1,"enemies":"Jaw Worm","floor":8,"turns":6},{"damage":2,"enemies":"Exordium Wildlife","floor":11,"turns":4},{"damage":2,"enemies":"Looter","floor":12,"turns":4},{"damage":4,"enemies":"Gremlin Nob","floor":13,"turns":3},{"damage":3,"enemies":"Red Slaver","floor":14,"turns":3},{"damage":1,"enemies":"Slime Boss","floor":16,"turns":9},{"damage":6,"enemies":"Chosen","floor":18,"turns":5},{"damage":4,"enemies":"2 Thieves","floor":20,"turns":4},{"damage":2,"enemies":"Snake Plant","floor":21,"turns":5},{"damage":28,"enemies":"Cultist and Chosen","floor":22,"turns":9},{"damage":13,"enemies":"3 Cultists","floor":24,"turns":6},{"damage":5,"enemies":"Slavers","floor":27,"turns":7},{"damage":11,"enemies":"Gremlin Leader","floor":30,"turns":5},{"damage":25,"enemies":"Collector","floor":33,"turns":7},{"damage":0,"enemies":"3 Darklings","floor":35,"turns":5},{"damage":0,"enemies":"Orb Walker","floor":38,"turns":4},{"damage":1,"enemies":"3 Darklings","floor":41,"turns":4},{"damage":6,"enemies":"Sphere and 2 Shapes","floor":42,"turns":4},{"damage":20,"enemies":"Giant Head","floor":45,"turns":7},{"damage":1,"enemies":"Writhing Mass","floor":46,"turns":4},{"damage":0,"enemies":"3 Darklings","floor":47,"turns":3},{"damage":30,"enemies":"Transient","floor":48,"turns":5},{"damage":56,"enemies":"Awakened One","floor":50,"turns":8}],"seed_played":"-4750178062839727014","potions_obtained":[{"floor":1,"key":"Weak Potion"},{"floor":2,"key":"Ancient Potion"},{"floor":2,"key":"SteroidPotion"},{"floor":7,"key":"Energy Potion"},{"floor":11,"key":"Weak Potion"},{"floor":12,"key":"GamblersBrew"},{"floor":22,"key":"Explosive Potion"},{"floor":24,"key":"Block Potion"},{"floor":27,"key":"LiquidBronze"},{"floor":30,"key":"GhostInAJar"},{"floor":33,"key":"AttackPotion"}],"is_trial":false,"path_per_floor":["M","?","M","?","$","E","E","M","T","R","M","M","E","M","R","B",null,"M","?","M","M","M","R","M","$","T","E","R","$","E","T","R","B",null,"M","?","?","M","T","R","M","M","T","$","E","M","M","M","R","B"],"character_chosen":"THE_SILENT","items_purchased":["Footwork","Panache","Blood Vial","Concentrate","Boot"],"campfire_rested":6,"item_purchase_floors":[5,25,25,29,44],"current_hp_per_floor":[68,68,67,67,67,64,49,48,48,48,46,44,40,37,58,57,70,64,57,53,51,23,44,31,31,31,28,49,49,40,40,61,38,70,70,70,60,62,62,70,69,64,64,64,46,47,49,21,42,0],"gold":95,"neow_bonus":"","is_prod":false,"is_daily":true,"chose_seed":false,"campfire_upgraded":1,"win_rate":0,"timestamp":1549354294,"path_taken":["M","?","?","?","$","E","?","?","T","R","M","M","?","?","R","BOSS","M","?","M","M","M","R","M","$","T","?","R","$","?","?","R","BOSS","M","?","?","M","?","R","?","M","T","$","?","?","M","M","R","BOSS"],"build_version":"2019-01-23","purchased_purges":2,"victory":false,"max_hp_per_floor":[70,70,70,70,70,70,70,70,70,70,70,70,70,70,70,70,70,70,70,70,70,70,70,70,70,70,70,70,70,70,70,70,70,70,70,70,70,70,70,70,70,70,70,70,70,70,70,70,70,70],"card_choices":[{"not_picked":["Distraction","Terror"],"picked":"Dash","floor":1},{"not_picked":["Flechettes","Dagger Spray"],"picked":"Prepared","floor":3},{"not_picked":["Deflect","Poisoned Stab"],"picked":"PiercingWail","floor":6},{"not_picked":["Predator","Sucker Punch"],"picked":"Accuracy","floor":7},{"not_picked":["Catalyst","Underhanded Strike"],"picked":"Bouncing Flask","floor":8},{"not_picked":["Caltrops","Dagger Throw"],"picked":"Calculated Gamble","floor":8},{"not_picked":["Bane","Catalyst"],"picked":"PiercingWail","floor":11},{"not_picked":["Underhanded Strike","Deflect"],"picked":"Burst","floor":11},{"not_picked":["Dodge and Roll","Prepared"],"picked":"Terror","floor":12},{"not_picked":["Bouncing Flask","Bane"],"picked":"Dagger Throw","floor":12},{"not_picked":["Blade Dance","Predator"],"picked":"Cloak And Dagger","floor":13},{"not_picked":["Finisher","Choke"],"picked":"Slice","floor":14},{"not_picked":["Crippling Poison","Cloak And Dagger"],"picked":"Backflip","floor":14},{"not_picked":["Grand Finale","Adrenaline"],"picked":"A Thousand Cuts","floor":16},{"not_picked":["Dash","Dagger Throw"],"picked":"Prepared","floor":18},{"not_picked":["Terror","Outmaneuver+1"],"picked":"Infinite Blades","floor":18},{"not_picked":["Slice","Tools of the Trade"],"picked":"Acrobatics+1","floor":20},{"not_picked":["Underhanded Strike","Bane"],"picked":"Blur","floor":20},{"not_picked":["All Out Attack+1","Acrobatics"],"picked":"Distraction","floor":21},{"not_picked":["Bouncing Flask","Cloak And Dagger"],"picked":"Acrobatics+1","floor":21},{"not_picked":["Underhanded Strike+1","Bouncing Flask"],"picked":"Slice","floor":22},{"not_picked":["Noxious Fumes","Blade Dance"],"picked":"Slice","floor":22},{"not_picked":["Choke","Night Terror"],"picked":"Well Laid Plans","floor":24},{"not_picked":["Blade Dance","Flechettes"],"picked":"Distraction","floor":24},{"not_picked":["Poisoned Stab","Predator"],"picked":"Deflect","floor":27},{"not_picked":["Dagger Spray+1","Deflect"],"picked":"Noxious Fumes","floor":30},{"not_picked":["Bullet Time","Night Terror"],"picked":"After Image","floor":33},{"not_picked":["Blade Dance","Sucker Punch+1","Poisoned Stab+1"],"picked":"SKIP","floor":35},{"not_picked":["Heel Hook+1","Choke","Blade Dance"],"picked":"SKIP","floor":35},{"not_picked":["Enlightenment","Flash of Steel"],"picked":"Panacea","floor":37},{"not_picked":["Transmutation","Blind"],"picked":"Sadistic Nature","floor":37},{"not_picked":["Dramatic Entrance","Chrysalis"],"picked":"Good Instincts","floor":37},{"not_picked":["Backflip","Slice"],"picked":"Calculated Gamble","floor":38},{"not_picked":["Prepared","PiercingWail+1","Acrobatics"],"picked":"SKIP","floor":38},{"not_picked":["Masterful Stab+1","Dodge and Roll+1"],"picked":"Well Laid Plans+1","floor":41},{"not_picked":["PiercingWail","Cloak And Dagger","Acrobatics"],"picked":"SKIP","floor":41},{"not_picked":["Bane","Dagger Throw"],"picked":"Noxious Fumes+1","floor":42},{"not_picked":["Sucker Punch","Quick Slash+1"],"picked":"Catalyst+1","floor":42},{"not_picked":["Dagger Spray+1","Eviscerate"],"picked":"Crippling Poison+1","floor":45},{"not_picked":["Prepared","Outmaneuver"],"picked":"Deflect+1","floor":46},{"not_picked":["Quick Slash+1","Malaise","Backflip"],"picked":"SKIP","floor":46},{"not_picked":["PiercingWail","Deflect"],"picked":"Concentrate","floor":47},{"not_picked":["Dodge and Roll","Sucker Punch+1"],"picked":"Footwork","floor":47},{"not_picked":["Deflect+1","Deadly Poison+1"],"picked":"Slice+1","floor":48},{"not_picked":["Crippling Poison+1","Backflip"],"picked":"Dagger Spray+1","floor":48}],"player_experience":860573,"relics_obtained":[{"floor":6,"key":"Tiny Chest"},{"floor":7,"key":"Prayer Wheel"},{"floor":9,"key":"PreservedInsect"},{"floor":13,"key":"Unceasing Top"},{"floor":26,"key":"MawBank"},{"floor":27,"key":"Centennial Puzzle"},{"floor":30,"key":"Incense Burner"},{"floor":31,"key":"Happy Flower"},{"floor":39,"key":"Ginger"},{"floor":43,"key":"Blue Candle"},{"floor":45,"key":"Pen Nib"}],"event_choices":[{"damage_healed":0,"gold_gain":0,"player_choice":"Got Potions","damage_taken":0,"max_hp_gain":0,"max_hp_loss":0,"event_name":"Lab","floor":2,"gold_loss":0},{"damage_healed":0,"gold_gain":0,"player_choice":"Forge","damage_taken":0,"max_hp_gain":0,"max_hp_loss":0,"event_name":"Accursed Blacksmith","floor":4,"gold_loss":0,"cards_upgraded":["Prepared"]},{"damage_healed":0,"gold_gain":0,"player_choice":"","damage_taken":7,"max_hp_gain":0,"max_hp_loss":0,"event_name":"Knowing Skull","floor":19,"potions_obtained":[],"gold_loss":0,"cards_obtained":[]},{"cards_removed":["Infinite Blades"],"damage_healed":0,"gold_gain":0,"player_choice":"Removed Power","damage_taken":0,"max_hp_gain":0,"max_hp_loss":0,"event_name":"Falling","floor":36,"gold_loss":0},{"damage_healed":0,"gold_gain":0,"player_choice":"Memory 3","damage_taken":10,"max_hp_gain":0,"max_hp_loss":0,"event_name":"SensoryStone","floor":37,"gold_loss":0}],"is_beta":false,"boss_relics":[{"not_picked":["Astrolabe","WristBlade"],"picked":"Fusion Hammer"},{"not_picked":["Black Star","Cursed Key"],"picked":"Sozu"}],"items_purged_floors":[5,44],"is_endless":false,"potions_floor_spawned":[1,7,11,12,22,24,27,30,33,42,46],"killed_by":"Awakened One","ascension_level":0}