{"gold_per_floor":[118,72,82,82,92,92,103,103,126,166,178,200,212,242,254,266],"floor_reached":16,"playtime":567,"items_purged":[],"score":153,"play_id":"38fe37b4-9e8d-47c9-a7d5-be4abeaa7ea2","local_time":"20181021003357","is_ascension_mode":true,"campfire_choices":[{"data":"Zap","floor":6,"key":"SMITH"},{"floor":11,"key":"REST"},{"data":"Redo","floor":15,"key":"SMITH"}],"neow_cost":"PERCENT_DAMAGE","seed_source_timestamp":97760766136846,"circlet_count":0,"master_deck":["Strike_B","Strike_B","Defend_B","Defend_B","Defend_B","Defend_B","Zap+1","Dualcast","AscendersBane","Redo+1","Scrape","Gash","Steam","Static Discharge","FTL","Static Discharge","Reboot","Capacitor","Ball Lightning","Double Energy"],"relics":["Cracked Core","Bag of Preparation","MawBank","Dream Catcher"],"potions_floor_usage":[10],"damage_taken":[{"damage":6,"enemies":"Cultist","floor":1,"turns":3},{"damage":5,"enemies":"2 Louse","floor":3,"turns":3},{"damage":2,"enemies":"Jaw Worm","floor":5,"turns":3},{"damage":3,"enemies":"Large Slime","floor":7,"turns":5},{"damage":32,"enemies":"Gremlin Nob","floor":10,"turns":3},{"damage":10,"enemies":"Gremlin Gang","floor":12,"turns":4},{"damage":12,"enemies":"Lots of Slimes","floor":14,"turns":3},{"damage":28,"enemies":"The Guardian","floor":16,"turns":4}],"seed_played":"-94337497871875090","potions_obtained":[{"floor":3,"key":"GamblersBrew"},{"floor":5,"key":"PowerPotion"}],"is_trial":false,"path_per_floor":["M","$","M","T","M","R","M","?","T","E","R","M","?","M","R"],"character_chosen":"DEFECT","items_purchased":["Steam"],"campfire_rested":1,"item_purchase_floors":[2],"current_hp_per_floor":[44,44,39,39,37,37,34,34,34,2,24,14,39,27,27,0],"gold":266,"neow_bonus":"TRANSFORM_TWO_CARDS","is_prod":false,"is_daily":false,"chose_seed":false,"campfire_upgraded":2,"win_rate":0,"timestamp":1540049637,"path_taken":["M","$","M","?","M","R","M","?","T","E","R","?","?","M","R","BOSS"],"build_version":"2018-10-19","purchased_purges":0,"victory":false,"max_hp_per_floor":[75,75,75,75,75,75,75,75,75,75,75,75,75,75,75,75],"card_choices":[{"not_picked":["Double Energy","Reinforced Body"],"picked":"Gash","floor":1},{"not_picked":["Sunder","Cold Snap"],"picked":"Static Discharge","floor":3},{"not_picked":["Static Discharge","Go for the Eyes"],"picked":"FTL","floor":5},{"not_picked":["Leap","Steam"],"picked":"Static Discharge","floor":7},{"not_picked":["Blizzard","Turbo"],"picked":"Reboot","floor":10},{"not_picked":["Hologram","Steam"],"picked":"Capacitor","floor":11},{"not_picked":["Reprogram","Redo"],"picked":"Ball Lightning","floor":12},{"not_picked":["Skim","Recycle"],"picked":"Double Energy","floor":14}],"player_experience":524859,"relics_obtained":[{"floor":4,"key":"Bag of Preparation"},{"floor":9,"key":"MawBank"},{"floor":10,"key":"Dream Catcher"}],"event_choices":[{"damage_healed":0,"gold_gain":0,"player_choice":"0 cards matched","damage_taken":0,"max_hp_gain":0,"max_hp_loss":0,"event_name":"Match and Keep!","floor":8,"gold_loss":0,"cards_obtained":[]},{"damage_healed":25,"gold_gain":0,"player_choice":"Banana","damage_taken":0,"max_hp_gain":0,"max_hp_loss":0,"event_name":"Big Fish","floor":13,"gold_loss":0}],"is_beta":true,"boss_relics":[],"items_purged_floors":[],"is_endless":false,"potions_floor_spawned":[3,5],"killed_by":"The Guardian","ascension_level":10}