{"path_per_floor":["M","?","?","$","T","E","$","R","T","E","R","E","M","M","R","B",null,"M","?","M","$","T","E","M","R","T","R"],"character_chosen":"DEFECT","items_purchased":["Darkness","Static Discharge","Storm","Fission+1"],"gold_per_floor":[119,119,119,44,44,76,42,42,68,102,102,128,140,151,151,248,248,234,234,253,25,49,78,90,90,172,172,172],"floor_reached":28,"campfire_rested":1,"playtime":1698,"item_purchase_floors":[4,7,21,21],"current_hp_per_floor":[74,67,49,49,59,30,30,30,30,10,35,21,23,22,22,7,85,70,70,61,61,61,45,42,42,42,42,0],"items_purged":["Strike_B"],"gold":172,"score":252,"play_id":"54b04313-f454-4d85-b4af-f605b1f150b2","local_time":"20180521131650","is_prod":false,"is_daily":false,"chose_seed":false,"is_ascension_mode":false,"campfire_upgraded":4,"timestamp":1526876210,"campfire_choices":[{"data":"Static Discharge","floor":8,"key":"SMITH"},{"floor":11,"key":"REST"},{"data":"Static Discharge","floor":15,"key":"SMITH"},{"data":"Electrodynamics","floor":25,"key":"SMITH"},{"data":"Creative AI","floor":27,"key":"SMITH"}],"path_taken":["M","?","?","$","?","E","?","R","T","E","R","E","M","?","R","BOSS","M","?","M","$","?","E","M","R","T","R","M"],"build_version":"2018-05-18","seed_source_timestamp":6349495505342,"purchased_purges":1,"victory":false,"master_deck":["Strike_B+1","Defend_B","Defend_B","Defend_B+1","Defend_B","Zap","Dualcast+1","Capacitor","Darkness","Turbo+1","Static Discharge+1","Static Discharge+1","Sweeping Beam+1","Rainbow+1","Capacitor","Electrodynamics+1","Turbo+1","Steam Power+1","Storm","Fission+1","Creative AI+1","Aggregate+1"],"max_hp_per_floor":[75,75,75,75,85,85,85,85,85,85,85,85,85,85,85,85,85,85,85,85,85,85,85,85,85,85,85,85],"relics":["Cracked Core","Blood Vial","Pear","Toxic Egg 2","Anchor","War Paint","Smiling Mask","Nuclear Battery","Whetstone","Unceasing Top","Molten Egg 2"],"card_choices":[{"not_picked":["Leap","Rip and Tear"],"picked":"Capacitor","floor":1},{"not_picked":["Doom and Gloom","Steam"],"picked":"Turbo","floor":6},{"not_picked":["Beam Cell","Capacitor"],"picked":"Static Discharge","floor":10},{"not_picked":["Barrage","Ball Lightning"],"picked":"Sweeping Beam","floor":12},{"not_picked":["Steam Power+1","Fusion+1"],"picked":"Rainbow+1","floor":13},{"not_picked":["Beam Cell","Turbo+1"],"picked":"Capacitor","floor":14},{"not_picked":["Machine Learning","All For One"],"picked":"Electrodynamics","floor":16},{"not_picked":["Barrage","Skim+1"],"picked":"Turbo+1","floor":18},{"not_picked":["Capacitor","Beam Cell"],"picked":"Steam Power+1","floor":20},{"not_picked":["Hello World","Scrape+1"],"picked":"Creative AI","floor":23},{"not_picked":["Go for the Eyes","Turbo+1"],"picked":"Aggregate+1","floor":24}],"player_experience":143185,"potions_floor_usage":[16,20,24,28],"damage_taken":[{"damage":1,"enemies":"Jaw Worm","floor":1,"turns":3},{"damage":31,"enemies":"3 Sentries","floor":6,"turns":8},{"damage":22,"enemies":"Gremlin Nob","floor":10,"turns":4},{"damage":16,"enemies":"Lagavulin","floor":12,"turns":5},{"damage":0,"enemies":"Small Slimes","floor":13,"turns":4},{"damage":3,"enemies":"2 Louse","floor":14,"turns":3},{"damage":17,"enemies":"Hexaghost","floor":16,"turns":9},{"damage":15,"enemies":"2 Thieves","floor":18,"turns":4},{"damage":16,"enemies":"3 Byrds","floor":20,"turns":2},{"damage":18,"enemies":"Book of Stabbing","floor":23,"turns":3},{"damage":5,"enemies":"Snake Plant","floor":24,"turns":2},{"damage":53,"enemies":"Chosen and Byrds","floor":28,"turns":5}],"relics_obtained":[{"floor":5,"key":"Pear"},{"floor":6,"key":"Toxic Egg 2"},{"floor":9,"key":"Anchor"},{"floor":10,"key":"War Paint"},{"floor":12,"key":"Smiling Mask"},{"floor":22,"key":"Whetstone"},{"floor":23,"key":"Unceasing Top"},{"floor":26,"key":"Molten Egg 2"}],"event_choices":[{"event_name":"Golden Wing","player_choice":"Card Removal","floor":2,"damage_taken":0},{"event_name":"Scrap Ooze","player_choice":"success","floor":3,"damage_taken":18},{"event_name":"The Lab","player_choice":"Got Potions","floor":19,"damage_taken":0}],"boss_relics":[{"not_picked":["Runic Pyramid","Inserter"],"picked":"Nuclear Battery"}],"items_purged_floors":[21],"potions_floor_spawned":[6,13,18,23],"seed_played":"-1177775013609691731","killed_by":"Chosen and Byrds","ascension_level":0,"potions_obtained":[{"floor":6,"key":"GamblersBrew"},{"floor":13,"key":"Block Potion"},{"floor":18,"key":"Weak Potion"},{"floor":19,"key":"Regen Potion"},{"floor":19,"key":"Poison Potion"},{"floor":23,"key":"Dexterity Potion"}],"is_trial":false}