{"gold_per_floor":[118,118,168,168,185,203,221,221,221,221,252,266,6,34,34,111,111,111,111,44,44,0,0,0,0,0,0,0,0,0,0,0,0,0,0,0,0,0,0,0,0,0,0,0,0,0,0,0,0,0],"floor_reached":50,"playtime":3185,"items_purged":[],"score":960,"play_id":"e6dafc82-7024-477b-a843-7297d95ee84f","local_time":"20181027004944","is_ascension_mode":true,"campfire_choices":[{"data":"Deadly Poison","floor":8.0,"key":"SMITH"},{"data":"Bouncing Flask","floor":10.0,"key":"SMITH"},{"floor":15.0,"key":"REST"},{"data":"Noxious Fumes","floor":23.0,"key":"SMITH"},{"data":"Burst","floor":27.0,"key":"SMITH"},{"floor":30.0,"key":"REST"},{"floor":32.0,"key":"REST"},{"data":"Night Terror","floor":40,"key":"SMITH"},{"floor":45,"key":"REST"},{"floor":47,"key":"REST"},{"floor":49,"key":"REST"}],"neow_cost":"NONE","seed_source_timestamp":658003989515200,"circlet_count":0,"master_deck":["Defend_G+1","Defend_G+1","Defend_G+1","Defend_G+1","Defend_G+1","Strike_G+1","Strike_G+1","Strike_G+1","Survivor+1","Neutralize+1","AscendersBane","Poisoned Stab","Deadly Poison+1","Cloak And Dagger","Bouncing Flask+1","Tactician","Calculated Gamble","PiercingWail","Burst+1","Finisher","Noxious Fumes+1","Blur","Outmaneuver","Blur","Night Terror+1","Cloak And Dagger+1","Escape Plan","Dash+1","Distraction"],"special_seed":0,"relics":["Runic Pyramid","The Courier","Pear","Ancient Tea Set","War Paint","Vajra","Bag of Marbles","Ectoplasm","Frozen Egg 2","Gambling Chip","Busted Crown","Ginger","Dream Catcher","Sundial"],"potions_floor_usage":[44,50,50],"damage_taken":[{"damage":0.0,"enemies":"Small Slimes","floor":1.0,"turns":5.0},{"damage":9.0,"enemies":"Jaw Worm","floor":5.0,"turns":4.0},{"damage":0.0,"enemies":"Cultist","floor":6.0,"turns":3.0},{"damage":1.0,"enemies":"Looter","floor":7.0,"turns":3.0},{"damage":10.0,"enemies":"3 Sentries","floor":11.0,"turns":8.0},{"damage":0.0,"enemies":"Lots of Slimes","floor":12.0,"turns":1.0},{"damage":30.0,"enemies":"Gremlin Nob","floor":14.0,"turns":4.0},{"damage":13.0,"enemies":"Slime Boss","floor":16.0,"turns":9.0},{"damage":10.0,"enemies":"3 Byrds","floor":18.0,"turns":8.0},{"damage":0.0,"enemies":"Chosen","floor":21.0,"turns":3.0},{"damage":0.0,"enemies":"Snake Plant","floor":24.0,"turns":3.0},{"damage":22.0,"enemies":"Shelled Parasite and Fungi","floor":25.0,"turns":5.0},{"damage":20.0,"enemies":"Automaton","floor":33.0,"turns":11.0},{"damage":6.0,"enemies":"Orb Walker","floor":35.0,"turns":4.0},{"damage":4,"enemies":"3 Shapes","floor":37,"turns":6},{"damage":0,"enemies":"Mind Bloom Boss Battle","floor":38,"turns":5},{"damage":29,"enemies":"Nemesis","floor":41,"turns":9},{"damage":5,"enemies":"Transient","floor":42,"turns":6},{"damage":13,"enemies":"3 Darklings","floor":44,"turns":7},{"damage":7,"enemies":"Jaw Worm Horde","floor":46,"turns":6},{"damage":8,"enemies":"4 Shapes","floor":48,"turns":10},{"damage":66,"enemies":"Donu and Deca","floor":50,"turns":8}],"seed_played":"-4537147611183309299","potions_obtained":[{"floor":6.0,"key":"Fire Potion"},{"floor":11.0,"key":"Explosive Potion"},{"floor":12.0,"key":"Fire Potion"},{"floor":16.0,"key":"EssenceOfSteel"},{"floor":24.0,"key":"AttackPotion"},{"floor":25.0,"key":"Strength Potion"},{"floor":35.0,"key":"Strength Potion"},{"floor":44,"key":"AttackPotion"}],"is_trial":false,"path_per_floor":["M","?","?","?","M","M","M","R","T","R","E","M","$","E","R","B",null,"M","?","$","M","?","R","M","M","T","R","T","?","R","$","R","B",null,"M","?","M","?","?","R","E","M","T","M","R","M","R","M","R"],"character_chosen":"THE_SILENT","items_purchased":["War Paint","Vajra","Noxious Fumes"],"campfire_rested":6,"item_purchase_floors":[13,13,20],"current_hp_per_floor":[59,48,48,48,39,39,38,38,48,48,38,38,38,8,30,17,61,51,51,51,51,51,51,51,29,29,29,29,29,51,51,73,53,70,64,64,60,60,60,60,31,26,26,13,35,28,50,42,64,0],"gold":0,"neow_bonus":"BOSS_RELIC","is_prod":false,"is_daily":false,"chose_seed":false,"campfire_upgraded":5,"win_rate":0,"timestamp":1540615784,"path_taken":["M","?","?","?","M","?","M","R","T","R","E","M","$","E","R","BOSS","M","?","$","M","?","R","M","M","T","R","?","?","R","$","R","BOSS","M","?","M","?","?","R","E","M","T","M","R","?","R","M","R","BOSS"],"build_version":"2018-10-19","purchased_purges":0,"victory":false,"max_hp_per_floor":[66,66,66,66,66,66,66,66,76,76,76,76,76,76,76,76,76,76,76,76,76,76,76,76,76,76,76,76,76,76,76,76,76,76,76,76,76,76,76,76,76,76,76,76,76,76,76,76,76,76],"card_choices":[{"not_picked":["Backflip","Escape Plan"],"picked":"Poisoned Stab","floor":1.0},{"not_picked":["Flying Knee","Quick Slash"],"picked":"Deadly Poison","floor":5.0},{"not_picked":["All Out Attack","PiercingWail"],"picked":"Cloak And Dagger","floor":6.0},{"not_picked":["Outmaneuver","Predator"],"picked":"Bouncing Flask","floor":7.0},{"not_picked":["Venomology","Predator"],"picked":"Tactician","floor":11.0},{"not_picked":["Dodge and Roll","Concentrate"],"picked":"Calculated Gamble","floor":12.0},{"not_picked":["Blade Dance","Quick Slash"],"picked":"PiercingWail","floor":14.0},{"not_picked":["Storm of Steel","Phantasmal Killer"],"picked":"Burst","floor":16.0},{"not_picked":["Escape Plan","Poisoned Stab"],"picked":"Finisher","floor":18.0},{"not_picked":["Dodge and Roll","Backflip"],"picked":"Blur","floor":21.0},{"not_picked":["Endless Agony","Eviscerate"],"picked":"Outmaneuver","floor":24.0},{"not_picked":["Poisoned Stab","Sucker Punch","Deflect"],"picked":"SKIP","floor":25.0},{"not_picked":["Adrenaline","Glass Knife"],"picked":"Night Terror","floor":33.0},{"not_picked":[],"picked":"Cloak And Dagger+1","floor":35.0},{"not_picked":["Dagger Spray"],"picked":"SKIP","floor":37},{"not_picked":["Dagger Spray"],"picked":"SKIP","floor":41},{"not_picked":["Accuracy+1"],"picked":"SKIP","floor":42},{"not_picked":["Deadly Poison"],"picked":"SKIP","floor":44},{"not_picked":["Slice+1"],"picked":"SKIP","floor":46},{"not_picked":[],"picked":"Escape Plan","floor":47},{"not_picked":[],"picked":"Dash+1","floor":48},{"not_picked":[],"picked":"Distraction","floor":49}],"player_experience":1511487,"relics_obtained":[{"floor":9.0,"key":"Pear"},{"floor":11.0,"key":"Ancient Tea Set"},{"floor":14.0,"key":"Bag of Marbles"},{"floor":26.0,"key":"Frozen Egg 2"},{"floor":28.0,"key":"Gambling Chip"},{"floor":38,"key":"Ginger"},{"floor":41,"key":"Dream Catcher"},{"floor":43,"key":"Sundial"}],"event_choices":[{"damage_healed":0.0,"max_hp_gain":0.0,"max_hp_loss":0.0,"gold_gain":0.0,"event_name":"Scrap Ooze","player_choice":"Success","floor":2.0,"gold_loss":0.0,"damage_taken":11.0,"relics_obtained":["The Courier"]},{"damage_healed":0.0,"max_hp_gain":0.0,"max_hp_loss":0.0,"gold_gain":100.0,"event_name":"Golden Shrine","player_choice":"Pray","floor":3.0,"gold_loss":0.0,"damage_taken":0.0},{"damage_healed":0.0,"max_hp_gain":0.0,"max_hp_loss":0.0,"gold_gain":0.0,"event_name":"Upgrade Shrine","player_choice":"Upgraded","floor":4.0,"gold_loss":0.0,"damage_taken":0.0,"cards_upgraded":["Neutralize"]},{"damage_healed":0.0,"max_hp_gain":0.0,"max_hp_loss":0.0,"gold_gain":0.0,"event_name":"Back to Basics","player_choice":"Simplicity","floor":19.0,"gold_loss":0.0,"damage_taken":0.0,"cards_upgraded":["Defend_G","Defend_G","Defend_G","Defend_G","Strike_G","Strike_G","Strike_G","Strike_G","Strike_G"]},{"damage_healed":0.0,"max_hp_gain":0.0,"max_hp_loss":0.0,"gold_gain":0.0,"event_name":"Masked Bandits","player_choice":"Paid Fearfully","floor":22.0,"gold_loss":44.0,"damage_taken":0.0},{"damage_healed":0.0,"max_hp_gain":0.0,"max_hp_loss":0.0,"gold_gain":0.0,"cards_transformed":["Strike_G"],"event_name":"Transmorgrifier","player_choice":"Transformed","floor":29.0,"gold_loss":0.0,"damage_taken":0.0,"cards_obtained":["Blur"]},{"damage_healed":0,"gold_gain":0,"player_choice":"Ignored","damage_taken":0,"max_hp_gain":0,"max_hp_loss":0,"event_name":"Mysterious Sphere","floor":36,"gold_loss":0},{"damage_healed":0,"gold_gain":0,"player_choice":"Fight","damage_taken":0,"max_hp_gain":0,"max_hp_loss":0,"event_name":"MindBloom","floor":38,"gold_loss":0},{"cards_removed":["Strike_G"],"damage_healed":0,"gold_gain":0,"player_choice":"Removed Attack","damage_taken":0,"max_hp_gain":0,"max_hp_loss":0,"event_name":"Falling","floor":39,"gold_loss":0}],"is_beta":true,"boss_relics":[{"not_picked":["Black Star","Tiny House"],"picked":"Ectoplasm"},{"not_picked":["Eternal Feather","Philosopher\u0027s Stone"],"picked":"Busted Crown"}],"items_purged_floors":[],"is_endless":false,"potions_floor_spawned":[6,11,12,16,24,25,35,41,42,44,48],"killed_by":"Donu and Deca","ascension_level":20}