{"path_per_floor":["M","M","M","M","$","R","T","R","T","M","R","?","R","E","R","B",null,"M","M","?","$","?","R","E","R","T","?","M","R","?","M","R"],"character_chosen":"DEFECT","items_purchased":["FTL","Glacier","War Paint"],"gold_per_floor":[412,428,446,461,352,352,352,352,352,368,368,443,443,473,473,569,569,584,598,628,300,225,225,252,252,252,252,268,268,268,278,278,278],"floor_reached":33,"campfire_rested":2,"playtime":1765,"item_purchase_floors":[5,21,21],"current_hp_per_floor":[67,66,62,55,55,55,55,55,65,65,65,54,54,46,46,13,78,41,20,9,9,9,32,32,32,32,16,16,39,39,39,39,0],"items_purged":["Strike_B","Strike_B"],"gold":278,"score":313,"play_id":"839822fe-4a86-4082-a103-97a6ed79f449","local_time":"20180618182115","is_prod":false,"is_daily":false,"chose_seed":false,"is_ascension_mode":false,"campfire_upgraded":7,"win_rate":0,"timestamp":1529313675,"campfire_choices":[{"data":"Defragment","floor":6,"key":"SMITH"},{"data":"Dualcast","floor":8,"key":"SMITH"},{"data":"Zap","floor":11,"key":"SMITH"},{"data":"Genetic Algorithm","floor":13,"key":"SMITH"},{"data":"Genetic Algorithm","floor":15,"key":"SMITH"},{"floor":23,"key":"REST"},{"data":"Static Discharge","floor":25,"key":"SMITH"},{"floor":29,"key":"REST"},{"data":"Biased Cognition","floor":32,"key":"SMITH"}],"path_taken":["M","M","M","?","?","R","?","R","T","M","R","?","R","E","R","BOSS","M","M","?","$","?","R","E","R","T","?","M","R","?","M","R","BOSS"],"build_version":"2018-06-14v2","seed_source_timestamp":69088669060159,"purchased_purges":2,"victory":false,"master_deck":["Strike_B","Defend_B+1","Defend_B","Defend_B+1","Defend_B","Zap+1","Dualcast+1","Genetic Algorithm+1","Beam Cell","Defragment+1","Melter","FTL","Biased Cognition+1","Genetic Algorithm+1","Reboot","Static Discharge+1","Ball Lightning+1","Ball Lightning","Glacier","Electrodynamics","Beam Cell","Ghostly","Ghostly","Ghostly","Ghostly","Ghostly","Coolheaded"],"max_hp_per_floor":[68,68,68,68,68,68,68,68,78,78,78,78,78,78,78,78,78,78,78,78,78,78,78,78,78,78,78,78,78,39,39,39,39],"relics":["Cracked Core","Old Coin","Bronze Scales","Pear","Question Card","Nuclear Battery","Red Mask","War Paint","Omamori","Juzu Bracelet","Enchiridion"],"card_choices":[{"not_picked":["Cold Snap","Aggregate"],"picked":"Genetic Algorithm","floor":1},{"not_picked":["Doom and Gloom","Gash"],"picked":"Beam Cell","floor":2},{"not_picked":["Barrage","Compile Driver"],"picked":"Defragment","floor":3},{"not_picked":["Rebound","Beam Cell"],"picked":"Melter","floor":4},{"not_picked":["Ball Lightning","Lockon"],"picked":"Biased Cognition","floor":10},{"not_picked":["Steam","Leap"],"picked":"Genetic Algorithm","floor":14},{"not_picked":["Rainbow","All For One","Hyperbeam"],"picked":"Reboot","floor":16},{"not_picked":["Gash+1","Leap","Rip and Tear"],"picked":"Static Discharge","floor":18},{"not_picked":["Streamline+1","Coolheaded","Steam"],"picked":"Ball Lightning+1","floor":19},{"not_picked":["All For One","Double Energy","Turbo"],"picked":"Ball Lightning","floor":20},{"not_picked":["Barrage+1","FTL","Coolheaded"],"picked":"Electrodynamics","floor":24},{"not_picked":["Scrape","Leap","Compile Driver"],"picked":"Beam Cell","floor":28},{"not_picked":["Leap","Hologram","Stack"],"picked":"Coolheaded","floor":31}],"player_experience":254341,"potions_floor_usage":[24,33,33],"damage_taken":[{"damage":1,"enemies":"Cultist","floor":1,"turns":4},{"damage":1,"enemies":"Jaw Worm","floor":2,"turns":3},{"damage":4,"enemies":"Small Slimes","floor":3,"turns":4},{"damage":7,"enemies":"Looter","floor":4,"turns":3},{"damage":0,"enemies":"Exordium Thugs","floor":10,"turns":3},{"damage":8,"enemies":"3 Sentries","floor":14,"turns":5},{"damage":33,"enemies":"Hexaghost","floor":16,"turns":9},{"damage":37,"enemies":"Chosen","floor":18,"turns":5},{"damage":21,"enemies":"3 Byrds","floor":19,"turns":3},{"damage":11,"floor":20,"turns":3},{"damage":0,"enemies":"Slavers","floor":24,"turns":5},{"damage":0,"enemies":"Centurion and Healer","floor":28,"turns":4},{"damage":0,"enemies":"Slaver and Parasite","floor":31,"turns":5},{"damage":54,"enemies":"Champ","floor":33,"turns":8}],"relics_obtained":[{"floor":7,"key":"Bronze Scales"},{"floor":9,"key":"Pear"},{"floor":14,"key":"Question Card"},{"floor":20,"key":"Red Mask"},{"floor":24,"key":"Omamori"},{"floor":26,"key":"Juzu Bracelet"},{"floor":27,"key":"Enchiridion"}],"event_choices":[{"event_name":"World of Goop","player_choice":"Gather Gold","floor":12,"damage_taken":0},{"event_name":"Masked Bandits","player_choice":"Fought over 598 gold","floor":20,"damage_taken":0},{"event_name":"Beggar","player_choice":"Gave Gold","floor":22,"damage_taken":0},{"event_name":"Cursed Tome","player_choice":"Obtained Book","floor":27,"damage_taken":0},{"event_name":"Ghosts","player_choice":"Became a Ghost","floor":30,"damage_taken":0}],"boss_relics":[{"not_picked":["Coffee Dripper","Ectoplasm"],"picked":"Nuclear Battery"}],"items_purged_floors":[5,21],"is_endless":true,"potions_floor_spawned":[1,2,10,16,19,24],"seed_played":"7802453978387521069","killed_by":"Champ","ascension_level":0,"potions_obtained":[{"floor":1,"key":"Poison Potion"},{"floor":2,"key":"Block Potion"},{"floor":10,"key":"FearPotion"},{"floor":24,"key":"AttackPotion"}],"is_trial":false}