{"gold_per_floor":[110,121,121,121,121,121,151,151,151,161,161,486,233,265,265,368,368,385,401,411,321,332,332,349,349,349,349,362,362,377,54,54,153,153,165,9,23,38,58,58,158,192,239,239,250,250,267,6,6,6],"floor_reached":50,"playtime":3529,"items_purged":["Defend_B","Strike_B"],"score":595,"play_id":"66abe85e-53fa-4166-8a72-bbe0561b5933","local_time":"20181125000831","is_ascension_mode":true,"campfire_choices":[{"data":"Zap","floor":6,"key":"SMITH"},{"floor":8,"key":"RECALL"},{"floor":11,"key":"REST"},{"data":"Apotheosis","floor":15,"key":"SMITH"},{"floor":23,"key":"REST"},{"floor":25,"key":"REST"},{"data":"Echo Form","floor":27,"key":"SMITH"},{"data":"Secret Technique","floor":32,"key":"SMITH"},{"floor":40,"key":"REST"},{"floor":44,"key":"REST"},{"floor":49,"key":"REST"}],"neow_cost":"NONE","seed_source_timestamp":606516940338172,"circlet_count":0,"master_deck":["Strike_B","Defend_B+1","Defend_B+1","Defend_B+1","Zap+1","Dualcast","Compile Driver","Ball Lightning","Go for the Eyes","Glacier","Apotheosis+1","Hologram","Echo Form+1","Ball Lightning","Loop+1","Coolheaded","Conserve Battery","Secret Technique+1","Creative AI+1","FTL+1","Ball Lightning","Conserve Battery+1","BootSequence","Panacea","Self Repair+1"],"relics":["Cracked Core","NeowsBlessing","Oddly Smooth Stone","Matryoshka","Emotion Chip","Happy Flower","Old Coin","Bottled Flame","Velvet Choker","Ancient Tea Set","FossilizedHelix","Frozen Egg 2","Runic Pyramid","War Paint","Dead Branch","Du-Vu Doll","PreservedInsect","MealTicket"],"potions_floor_usage":[10,22,28,30],"damage_taken":[{"damage":0,"enemies":"Small Slimes","floor":1,"turns":1},{"damage":0,"enemies":"Jaw Worm","floor":2,"turns":1},{"damage":0,"enemies":"Gremlin Nob","floor":7,"turns":1},{"damage":0,"enemies":"Cultist","floor":10,"turns":3},{"damage":4,"enemies":"Lagavulin","floor":12,"turns":6},{"damage":8,"enemies":"Gremlin Nob","floor":14,"turns":4},{"damage":4,"enemies":"The Guardian","floor":16,"turns":10},{"damage":12,"enemies":"3 Byrds","floor":18,"turns":4},{"damage":0,"enemies":"Spheric Guardian","floor":19,"turns":4},{"damage":18,"enemies":"Centurion and Healer","floor":20,"turns":5},{"damage":15,"enemies":"Snake Plant","floor":22,"turns":3},{"damage":6,"enemies":"Chosen and Byrds","floor":24,"turns":5},{"damage":0,"enemies":"Shelled Parasite and Fungi","floor":28,"turns":4},{"damage":0,"enemies":"Snecko","floor":30,"turns":4},{"damage":0,"enemies":"Champ","floor":33,"turns":10},{"damage":24,"enemies":"3 Darklings","floor":35,"turns":6},{"damage":0,"enemies":"Orb Walker","floor":37,"turns":4},{"damage":15,"enemies":"Writhing Mass","floor":38,"turns":5},{"damage":2,"enemies":"Maw","floor":39,"turns":7},{"damage":0,"enemies":"Mind Bloom Boss Battle","floor":41,"turns":7},{"damage":54,"enemies":"Giant Head","floor":42,"turns":9},{"damage":4,"enemies":"3 Darklings","floor":45,"turns":5},{"damage":13,"enemies":"4 Shapes","floor":47,"turns":7},{"damage":30,"enemies":"Awakened One","floor":50,"turns":5}],"seed_played":"8220339197284467514","potions_obtained":[{"floor":2,"key":"Regen Potion"},{"floor":7,"key":"Ancient Potion"},{"floor":12,"key":"Ancient Potion"},{"floor":16,"key":"Energy Potion"},{"floor":22,"key":"PowerPotion"},{"floor":30,"key":"AttackPotion"},{"floor":37,"key":"Strength Potion"}],"is_trial":false,"path_per_floor":["M","M","?","?","T","R","E","R","T","M","R","E","$","E","R","B",null,"M","M","M","?","M","R","M","R","T","R","M","?","M","$","R","B",null,"M","$","M","M","M","R","?","E","T","R","M","?","M","$","R","B"],"character_chosen":"DEFECT","items_purchased":["Apotheosis","Conserve Battery","Secret Technique","War Paint","Self Repair+1","MealTicket"],"campfire_rested":6,"item_purchase_floors":[13,31,31,36,48,48],"current_hp_per_floor":[75,75,68,43,43,43,43,43,43,52,74,70,70,62,62,58,75,63,63,45,45,30,52,46,68,68,68,68,68,68,68,68,68,75,51,51,51,36,34,56,56,2,2,24,20,20,7,7,29,0],"gold":6,"neow_bonus":"THREE_ENEMY_KILL","is_prod":false,"is_daily":false,"chose_seed":false,"campfire_upgraded":4,"win_rate":0,"timestamp":1543122511,"path_taken":["M","M","?","?","?","R","E","R","T","?","R","E","$","E","R","BOSS","M","M","M","?","M","R","M","R","T","R","?","?","M","$","R","BOSS","M","?","M","M","M","R","?","E","T","R","M","?","?","$","R","BOSS"],"build_version":"2018-11-15","purchased_purges":2,"victory":false,"max_hp_per_floor":[75,75,75,75,75,75,75,75,75,75,75,75,75,75,75,75,75,75,75,75,75,75,75,75,75,75,75,75,75,75,75,75,75,75,75,75,75,75,75,75,75,75,75,75,75,75,75,75,75,75],"card_choices":[{"not_picked":["Redo","Undo"],"picked":"Compile Driver","floor":1},{"not_picked":["Barrage","Streamline"],"picked":"Ball Lightning","floor":2},{"not_picked":["Undo","Chaos"],"picked":"Go for the Eyes","floor":7},{"not_picked":["Redo","Barrage"],"picked":"Glacier","floor":10},{"not_picked":["Sweeping Beam","Turbo","Thunder Strike"],"picked":"SKIP","floor":12},{"not_picked":["Sweeping Beam","Redo"],"picked":"Hologram","floor":14},{"not_picked":["Amplify","Multi-Cast"],"picked":"Echo Form","floor":16},{"not_picked":["Turbo","Stack"],"picked":"Ball Lightning","floor":18},{"not_picked":["Melter","Gash"],"picked":"Loop+1","floor":19},{"not_picked":["Glacier","Skim+1","Fusion"],"picked":"SKIP","floor":20},{"not_picked":["Steam Power","Streamline","Hologram"],"picked":"SKIP","floor":22},{"not_picked":["Recycle","Streamline","Barrage"],"picked":"SKIP","floor":24},{"not_picked":["Storm","Doom and Gloom"],"picked":"Coolheaded","floor":28},{"not_picked":["Rebound","Auto Shields","Hello World+1"],"picked":"SKIP","floor":30},{"not_picked":["Buffer+1","Seek"],"picked":"Creative AI+1","floor":33},{"not_picked":["Streamline+1","Auto Shields+1"],"picked":"FTL+1","floor":35},{"not_picked":["Streamline+1","Steam+1"],"picked":"Ball Lightning","floor":37},{"not_picked":["Undo+1","Streamline"],"picked":"Conserve Battery+1","floor":38},{"not_picked":["Ball Lightning","Sweeping Beam","Conserve Battery"],"picked":"SKIP","floor":39},{"not_picked":["Coolheaded+1","Hologram"],"picked":"BootSequence","floor":41},{"not_picked":["Chaos+1","Coolheaded+1","Rebound+1"],"picked":"SKIP","floor":42},{"not_picked":["Static Discharge+1","Leap","Sweeping Beam+1"],"picked":"SKIP","floor":45},{"not_picked":["The Bomb","HandOfGreed"],"picked":"Panacea","floor":46},{"not_picked":["Hologram","Barrage+1","Steam+1"],"picked":"SKIP","floor":47}],"player_experience":639074,"relics_obtained":[{"floor":5,"key":"Matryoshka"},{"floor":7,"key":"Emotion Chip"},{"floor":9,"key":"Happy Flower"},{"floor":12,"key":"Old Coin"},{"floor":14,"key":"Bottled Flame"},{"floor":26,"key":"Ancient Tea Set"},{"floor":26,"key":"FossilizedHelix"},{"floor":29,"key":"Frozen Egg 2"},{"floor":41,"key":"Dead Branch"},{"floor":42,"key":"Du-Vu Doll"},{"floor":43,"key":"PreservedInsect"}],"event_choices":[{"cards_removed":["Strike_B"],"damage_healed":0,"gold_gain":0,"player_choice":"Card Removal","damage_taken":7,"max_hp_gain":0,"max_hp_loss":0,"event_name":"Golden Wing","floor":3,"gold_loss":0},{"damage_healed":0,"gold_gain":0,"player_choice":"Success","damage_taken":25,"relics_obtained":["Oddly Smooth Stone"],"max_hp_gain":0,"max_hp_loss":0,"event_name":"Scrap Ooze","floor":4,"gold_loss":0},{"cards_removed":["Strike_B"],"damage_healed":0,"gold_gain":0,"player_choice":"Upgrade and Remove","damage_taken":0,"max_hp_gain":0,"max_hp_loss":0,"event_name":"Designer","floor":21,"gold_loss":90,"cards_upgraded":["Defend_B"]},{"damage_healed":0,"gold_gain":0,"player_choice":"Relic","damage_taken":0,"max_hp_gain":0,"max_hp_loss":0,"event_name":"Wheel of Change","floor":29,"gold_loss":0},{"damage_healed":0,"gold_gain":0,"player_choice":"Fight","damage_taken":0,"max_hp_gain":0,"max_hp_loss":0,"event_name":"MindBloom","floor":41,"gold_loss":0},{"damage_healed":0,"gold_gain":0,"player_choice":"Memory 1","damage_taken":0,"max_hp_gain":0,"max_hp_loss":0,"event_name":"SensoryStone","floor":46,"gold_loss":0}],"is_beta":false,"boss_relics":[{"not_picked":["White Beast Statue","Black Star"],"picked":"Velvet Choker"},{"not_picked":["Snecko Eye","Calling Bell"],"picked":"Runic Pyramid"}],"items_purged_floors":[13,31],"is_endless":false,"potions_floor_spawned":[2,7,12,16,19,22,24,30,37,41,45,47],"killed_by":"Awakened One","ascension_level":1}