{"gold_per_floor":[110,123,140,154,154,154,183,183,230,230,69,69,69,69,69,142,142,152,152,163,53,53,53,71,71,71,71,15,15,15],"floor_reached":30,"playtime":878,"items_purged":[],"score":407,"play_id":"a1191f6b-da7e-40ba-993a-75bb8cad5b93","local_time":"20190109232006","is_ascension_mode":true,"campfire_choices":[{"data":"Zap","floor":6,"key":"SMITH"},{"data":"Go for the Eyes","floor":10,"key":"SMITH"},{"data":"Hologram","floor":13,"key":"SMITH"},{"data":"Self Repair","floor":15,"key":"SMITH"},{"data":"Go for the Eyes","floor":23,"key":"SMITH"},{"data":"Beam Cell","floor":27,"key":"SMITH"}],"neow_cost":"TEN_PERCENT_HP_LOSS","seed_source_timestamp":2009555246740808,"circlet_count":0,"master_deck":["AscendersBane","Strike_B","Defend_B+1","Defend_B+1","Defend_B","Zap+1","Dualcast+1","Beam Cell+1","Force Field","Go for the Eyes+1","Hologram+1","FTL+1","Self Repair+1","Ball Lightning","Self Repair+1","FTL","Core Surge","Leap+1","Go for the Eyes+1","Beam Cell","Shame","Go for the Eyes+1"],"relics":["Cracked Core","Odd Mushroom","War Paint","Cursed Key","Nloth\u0027s Gift","Molten Egg 2"],"potions_floor_usage":[16,30],"damage_taken":[{"damage":1,"enemies":"Cultist","floor":1,"turns":3},{"damage":1,"enemies":"2 Louse","floor":2,"turns":4},{"damage":5,"enemies":"Small Slimes","floor":3,"turns":3},{"damage":4,"enemies":"Looter","floor":4,"turns":3},{"damage":21,"enemies":"The Mushroom Lair","floor":7,"turns":5},{"damage":29,"enemies":"Slime Boss","floor":16,"turns":9},{"damage":7,"enemies":"3 Byrds","floor":18,"turns":5},{"damage":16,"enemies":"Spheric Guardian","floor":20,"turns":4},{"damage":34,"enemies":"Centurion and Healer","floor":24,"turns":10},{"damage":50,"enemies":"Book of Stabbing","floor":30,"turns":4}],"seed_played":"-2742479023619975959","potions_obtained":[{"floor":2,"key":"SteroidPotion"},{"floor":4,"key":"Poison Potion"},{"floor":20,"key":"Strength Potion"}],"is_trial":false,"path_per_floor":["M","M","M","M","?","R","?","?","T","R","$","?","R","T","R","B",null,"M","?","M","?","$","R","M","?","T","R","$","$","E"],"character_chosen":"DEFECT","items_purchased":["Self Repair","FTL","Go for the Eyes+1"],"campfire_rested":0,"item_purchase_floors":[11,11,28],"current_hp_per_floor":[63,62,57,53,34,34,20,41,41,41,41,34,34,34,34,22,54,64,64,64,64,64,64,50,50,50,50,50,50,0],"gold":15,"neow_bonus":"TRANSFORM_TWO_CARDS","is_prod":false,"is_daily":false,"chose_seed":false,"campfire_upgraded":6,"win_rate":0,"timestamp":1547043606,"path_taken":["M","?","M","M","?","R","?","?","T","R","$","?","R","?","R","BOSS","M","?","M","?","$","R","?","?","T","R","?","$","E"],"build_version":"2019-01-03v4","purchased_purges":0,"victory":false,"max_hp_per_floor":[64,64,64,64,64,64,64,64,64,64,64,64,64,64,64,64,64,64,64,64,64,64,64,64,64,64,64,64,64,64],"card_choices":[{"not_picked":["Gash","Steam"],"picked":"Go for the Eyes","floor":1},{"not_picked":["Streamline","Turbo"],"picked":"Hologram","floor":2},{"not_picked":["Rip and Tear","Doom and Gloom"],"picked":"FTL","floor":3},{"not_picked":["Gash","Cold Snap"],"picked":"Self Repair","floor":4},{"not_picked":["Stack","Sweeping Beam"],"picked":"Ball Lightning","floor":7},{"not_picked":["Machine Learning","Multi-Cast"],"picked":"Core Surge","floor":16},{"not_picked":["Compile Driver","Fusion"],"picked":"Leap+1","floor":18},{"not_picked":["Steam","Sweeping Beam"],"picked":"Go for the Eyes","floor":20},{"not_picked":["Leap","Hologram"],"picked":"Beam Cell","floor":24}],"player_experience":806498,"relics_obtained":[{"floor":7,"key":"Odd Mushroom"},{"floor":9,"key":"War Paint"},{"floor":14,"key":"Orichalcum"},{"floor":26,"key":"Molten Egg 2"}],"event_choices":[{"damage_healed":0,"gold_gain":0,"player_choice":"Entered Light","damage_taken":19,"max_hp_gain":0,"max_hp_loss":0,"event_name":"Shining Light","floor":5,"gold_loss":0,"cards_upgraded":["Defend_B","FTL"]},{"damage_healed":0,"gold_gain":0,"player_choice":"Fought Mushrooms","damage_taken":0,"max_hp_gain":0,"max_hp_loss":0,"event_name":"Mushrooms","floor":7,"gold_loss":0},{"damage_healed":21,"gold_gain":0,"player_choice":"Banana","damage_taken":0,"max_hp_gain":0,"max_hp_loss":0,"event_name":"Big Fish","floor":8,"gold_loss":0},{"cards_removed":["Defend_B"],"damage_healed":0,"gold_gain":0,"player_choice":"Card Removal","damage_taken":7,"max_hp_gain":0,"max_hp_loss":0,"event_name":"Golden Wing","floor":12,"gold_loss":0},{"damage_healed":0,"gold_gain":0,"player_choice":"Ignored","damage_taken":0,"max_hp_gain":0,"max_hp_loss":0,"event_name":"Ghosts","floor":19,"gold_loss":0},{"cards_removed":["Strike_B"],"damage_healed":0,"gold_gain":0,"player_choice":"Upgrade and Remove","damage_taken":0,"max_hp_gain":0,"max_hp_loss":0,"event_name":"Designer","floor":21,"gold_loss":110,"cards_upgraded":["Self Repair"]},{"damage_healed":0,"gold_gain":0,"player_choice":"Traded Relic","damage_taken":0,"relics_obtained":["Nloth\u0027s Gift"],"max_hp_gain":0,"max_hp_loss":0,"event_name":"N\u0027loth","floor":25,"relics_lost":["Orichalcum"],"gold_loss":0}],"is_beta":false,"boss_relics":[{"not_picked":["Eternal Feather","Ectoplasm"],"picked":"Cursed Key"}],"items_purged_floors":[],"is_endless":false,"potions_floor_spawned":[2,4,20],"killed_by":"Book of Stabbing","ascension_level":18}