{"gold_per_floor":[366,366,383,165,181,206,206,206,230,230,261,211,222,232,232,337,337,349,349,65,84,84,116,135,135,135,135,165,165,226,253,253,350,350,362,379,136,204,214,240,290,290,290,340,340,409,409,263,263,263],"floor_reached":51,"playtime":2994,"items_purged":["Normality","Strike_R","Strike_R"],"score":828,"play_id":"9276f406-687f-468f-8b1d-0485ef2957b4","local_time":"20190206161047","is_ascension_mode":true,"campfire_choices":[{"data":"Feed","floor":7.0,"key":"SMITH"},{"data":"Inflame","floor":10.0,"key":"SMITH"},{"data":"Armaments","floor":15.0,"key":"SMITH"},{"data":"Limit Break","floor":25.0,"key":"SMITH"},{"data":"Flame Barrier","floor":27.0,"key":"SMITH"},{"data":"Flame Barrier","floor":32.0,"key":"SMITH"},{"data":"Impervious","floor":42,"key":"SMITH"},{"data":"Madness","floor":45,"key":"SMITH"},{"floor":47,"key":"REST"},{"floor":49,"key":"REST"}],"neow_cost":"CURSE","seed_source_timestamp":2473160949502739,"circlet_count":0,"master_deck":["Strike_R","Strike_R","Defend_R","Defend_R","Defend_R","Defend_R","Bash","Cleave+1","Inflame+1","Feed+1","Reaper","Armaments+1","Pummel","Limit Break+1","Flame Barrier+1","Cleave+1","Flame Barrier+1","Dual Wield+1","Impervious+1","Searing Blow+1","Pummel+1","Madness","Madness+1","Limit Break","Spot Weakness"],"special_seed":0,"relics":["Burning Blood","Vajra","Dream Catcher","Paper Frog","Omamori","Meat on the Bone","Sozu","Gremlin Horn","Mango","Darkstone Periapt","Blood Vial","SsserpentHead","Orichalcum","Lizard Tail","Bag of Marbles","Oddly Smooth Stone","Sundial","Bottled Flame"],"potions_floor_usage":[50],"damage_taken":[{"damage":6.0,"enemies":"Jaw Worm","floor":1.0,"turns":4.0},{"damage":1.0,"enemies":"Cultist","floor":3.0,"turns":3.0},{"damage":5.0,"enemies":"Small Slimes","floor":5.0,"turns":2.0},{"damage":40.0,"enemies":"Lagavulin","floor":6.0,"turns":8.0},{"damage":14.0,"enemies":"Gremlin Nob","floor":11.0,"turns":3.0},{"damage":7.0,"enemies":"Looter","floor":13.0,"turns":4.0},{"damage":0.0,"enemies":"Exordium Wildlife","floor":14.0,"turns":2.0},{"damage":55.0,"enemies":"Hexaghost","floor":16.0,"turns":11.0},{"damage":25.0,"enemies":"3 Byrds","floor":18.0,"turns":6.0},{"damage":7.0,"enemies":"Shell Parasite","floor":21.0,"turns":7.0},{"damage":22.0,"enemies":"Gremlin Leader","floor":23.0,"turns":4.0},{"damage":36.0,"enemies":"Snecko","floor":24.0,"turns":8.0},{"damage":32.0,"enemies":"Book of Stabbing","floor":28.0,"turns":6.0},{"damage":12.0,"enemies":"Sentry and Sphere","floor":30.0,"turns":5.0},{"damage":50.0,"enemies":"Slavers","floor":31.0,"turns":6.0},{"damage":54.0,"enemies":"Champ","floor":33.0,"turns":8.0},{"damage":12.0,"enemies":"3 Darklings","floor":35.0,"turns":5.0},{"damage":9.0,"enemies":"Orb Walker","floor":36.0,"turns":4.0},{"damage":30.0,"enemies":"Sphere and 2 Shapes","floor":38.0,"turns":6.0},{"damage":32.0,"enemies":"Writhing Mass","floor":39.0,"turns":7.0},{"damage":22,"enemies":"Reptomancer","floor":40,"turns":6},{"damage":59,"enemies":"Maw","floor":46,"turns":7},{"damage":136,"enemies":"Donu and Deca","floor":50,"turns":10}],"seed_played":"5378017716985767653","potions_obtained":[{"floor":3.0,"key":"Regen Potion"},{"floor":5.0,"key":"Ancient Potion"},{"floor":6.0,"key":"FearPotion"},{"floor":13.0,"key":"LiquidBronze"},{"floor":14.0,"key":"Block Potion"}],"is_trial":false,"path_per_floor":["M","?","M","$","M","E","R","?","T","R","E","?","M","M","R","B",null,"M","?","$","M","$","E","M","R","T","R","E","?","M","E","R","B",null,"M","M","$","M","M","E","?","R","T","T","R","M","R","$","R","B",null],"character_chosen":"IRONCLAD","items_purchased":["Vajra","Gremlin Horn","Flame Barrier","Bag of Marbles","Spot Weakness"],"campfire_rested":2,"item_purchase_floors":[4,20,20,37,48],"current_hp_per_floor":[80,80,80,80,80,61,61,49,49,49,59,59,64,74,74,42,91,84,84,84,87,87,96,80,80,80,80,68,68,72,64,64,39,129,123,122,122,104,80,80,63,63,63,63,63,34,75,75,116,110],"gold":263,"neow_bonus":"TWO_FIFTY_GOLD","is_prod":false,"is_daily":false,"chose_seed":false,"campfire_upgraded":8,"win_rate":0,"timestamp":1549505447,"path_taken":["M","?","M","?","M","E","R","?","T","R","E","?","M","M","R","BOSS","M","?","$","M","$","E","M","R","T","R","E","?","?","E","R","BOSS","M","M","$","?","M","E","?","R","T","?","R","?","R","?","R","BOSS"],"build_version":"2019-01-23","purchased_purges":3,"victory":true,"max_hp_per_floor":[80,80,80,80,80,83,83,83,83,83,87,87,87,91,91,91,91,95,95,95,99,99,113,117,117,117,117,117,117,121,125,125,129,129,129,129,129,133,133,133,133,133,133,133,133,137,137,137,137,137],"card_choices":[{"not_picked":["Perfected Strike","Clash"],"picked":"Cleave","floor":1.0},{"not_picked":["Anger","Rampage"],"picked":"Inflame","floor":3.0},{"not_picked":["Second Wind","Clothesline"],"picked":"Feed","floor":5.0},{"not_picked":["Warcry","Cleave"],"picked":"Reaper","floor":6.0},{"not_picked":["Anger","True Grit"],"picked":"Armaments","floor":11.0},{"not_picked":["Twin Strike","Flex"],"picked":"Pummel","floor":13.0},{"not_picked":["Wild Strike","Sword Boomerang","Havoc"],"picked":"SKIP","floor":14.0},{"not_picked":["Exhume","Bludgeon"],"picked":"Limit Break","floor":16.0},{"not_picked":["Twin Strike+1","Carnage","Hemokinesis"],"picked":"SKIP","floor":18.0},{"not_picked":["Clothesline","Flex"],"picked":"Cleave+1","floor":21.0},{"not_picked":["Power Through","Warcry+1"],"picked":"Flame Barrier","floor":23.0},{"not_picked":["Perfected Strike","Armaments","Flame Barrier"],"picked":"SKIP","floor":24.0},{"not_picked":["Sever Soul+1","Brutality"],"picked":"Dual Wield+1","floor":28.0},{"not_picked":["Wild Strike","Iron Wave+1","Headbutt"],"picked":"SKIP","floor":30.0},{"not_picked":["Shrug It Off","Flex","Dark Embrace"],"picked":"SKIP","floor":31.0},{"not_picked":["Barricade","Feed"],"picked":"Impervious","floor":33.0},{"not_picked":["Armaments+1","Thunderclap"],"picked":"Searing Blow+1","floor":35.0},{"not_picked":["Reckless Charge","Havoc+1","Wild Strike+1"],"picked":"SKIP","floor":36.0},{"not_picked":["Warcry","Shrug It Off+1"],"picked":"Pummel+1","floor":38.0},{"not_picked":["Headbutt+1","Combust","Blood for Blood"],"picked":"SKIP","floor":39.0},{"not_picked":["Iron Wave+1","Pommel Strike","Twin Strike"],"picked":"SKIP","floor":40},{"not_picked":["Sword Boomerang","Cleave"],"picked":"Limit Break","floor":46}],"player_experience":114708,"relics_obtained":[{"floor":6.0,"key":"Dream Catcher"},{"floor":9.0,"key":"Omamori"},{"floor":11.0,"key":"Meat on the Bone"},{"floor":23.0,"key":"Mango"},{"floor":26.0,"key":"Darkstone Periapt"},{"floor":28.0,"key":"Blood Vial"},{"floor":31.0,"key":"Orichalcum"},{"floor":40,"key":"Oddly Smooth Stone"},{"floor":43,"key":"Sundial"},{"floor":44,"key":"Bottled Flame"}],"event_choices":[{"damage_healed":0.0,"max_hp_gain":0.0,"max_hp_loss":0.0,"gold_gain":0.0,"event_name":"Upgrade Shrine","player_choice":"Upgraded","floor":2.0,"gold_loss":0.0,"damage_taken":0.0,"cards_upgraded":["Cleave"]},{"damage_healed":0.0,"max_hp_gain":0.0,"max_hp_loss":0.0,"gold_gain":0.0,"event_name":"Scrap Ooze","player_choice":"Success","floor":8.0,"gold_loss":0.0,"damage_taken":12.0,"relics_obtained":["Paper Frog"]},{"cards_removed":["Strike_R"],"damage_healed":0.0,"max_hp_gain":0.0,"max_hp_loss":0.0,"gold_gain":0.0,"event_name":"The Cleric","player_choice":"Card Removal","floor":12.0,"gold_loss":50.0,"damage_taken":0.0},{"damage_healed":0.0,"max_hp_gain":0.0,"max_hp_loss":0.0,"gold_gain":0.0,"event_name":"Ghosts","player_choice":"Ignored","floor":19.0,"gold_loss":0.0,"damage_taken":0.0},{"damage_healed":0.0,"max_hp_gain":0.0,"max_hp_loss":0.0,"gold_gain":0.0,"event_name":"FaceTrader","player_choice":"Trade","floor":29.0,"gold_loss":0.0,"damage_taken":0.0,"relics_obtained":["SsserpentHead"]},{"damage_healed":0,"gold_gain":0,"player_choice":"Embrace Madness","damage_taken":17,"max_hp_gain":0,"max_hp_loss":0,"event_name":"Winding Halls","floor":41,"gold_loss":0,"cards_obtained":["Madness","Madness"]}],"is_beta":false,"boss_relics":[{"not_picked":["White Beast Statue","Eternal Feather"],"picked":"Sozu"},{"not_picked":["Pandora\u0027s Box","Calling Bell"],"picked":"Lizard Tail"}],"items_purged_floors":[4,37,48],"is_endless":false,"potions_floor_spawned":[3,5,6,13,14,21,23,28,30,35,38,39],"ascension_level":1}