{"gold_per_floor":[114,129,54,69,84,99,129,129,129,147,47,62,77,87,99,211,223,250,277,14,29,44,44,59,74,74,74,104,119,149,164,164,164],"floor_reached":33,"playtime":2746,"items_purged":["Defend_R","Strike_R","Strike_R"],"score":370,"play_id":"2b74c95c-3384-40fc-a40a-438ab5d7be27","local_time":"20181004200219","daily_mods":["Allstar","Diverse","Terminal"],"is_ascension_mode":false,"campfire_choices":[{"data":"Chrysalis","floor":8,"key":"SMITH"},{"data":"Streamline","floor":15,"key":"SMITH"},{"data":"Adrenaline","floor":32,"key":"SMITH"}],"neow_cost":"","seed_source_timestamp":0,"circlet_count":0,"master_deck":["Strike_R","Strike_R+1","Strike_R+1","Defend_R","Defend_R","Defend_R+1","Bash","The Bomb","Chrysalis+1","Panache","Bandage Up","Bandage Up","Sweeping Beam","Cloak And Dagger","Ball Lightning","Deadly Poison","Backstab","Streamline+1","Outmaneuver","Armaments","Havoc","Conserve Battery","Adrenaline+1","Coolheaded+1","Caltrops","Poisoned Stab","Beam Cell","Darkness+1","Ghostly","Ghostly","Ghostly","Ghostly","Ghostly+1","Sword Boomerang","Melter+1","Warcry"],"special_seed":17808,"relics":["Burning Blood","Red Skull","Bottled Flame","Odd Mushroom","MawBank","Sozu","Whetstone","Centennial Puzzle","War Paint","Bottled Lightning"],"potions_floor_usage":[10,16,16,18,19],"damage_taken":[{"damage":3,"enemies":"Small Slimes","floor":1,"turns":4},{"damage":1,"enemies":"Jaw Worm","floor":2,"turns":5},{"damage":0,"enemies":"2 Louse","floor":4,"turns":4},{"damage":14,"enemies":"Exordium Thugs","floor":5,"turns":4},{"damage":0,"enemies":"3 Louse","floor":6,"turns":2},{"damage":21,"enemies":"Lagavulin","floor":7,"turns":4},{"damage":0,"enemies":"The Mushroom Lair","floor":10,"turns":3},{"damage":3,"enemies":"Exordium Wildlife","floor":12,"turns":3},{"damage":0,"enemies":"Gremlin Gang","floor":13,"turns":5},{"damage":22,"enemies":"Gremlin Nob","floor":14,"turns":5},{"damage":37,"enemies":"The Guardian","floor":16,"turns":7},{"damage":5,"enemies":"Chosen","floor":18,"turns":4},{"damage":16,"enemies":"2 Thieves","floor":19,"turns":4},{"damage":17,"enemies":"Shelled Parasite and Fungi","floor":21,"turns":5},{"damage":5,"enemies":"Centurion and Healer","floor":22,"turns":7},{"damage":15,"enemies":"Sentry and Sphere","floor":24,"turns":5},{"damage":4,"enemies":"3 Cultists","floor":25,"turns":5},{"damage":22,"enemies":"Slavers","floor":28,"turns":5},{"damage":0,"enemies":"Centurion and Healer","floor":29,"turns":8},{"damage":0,"enemies":"Book of Stabbing","floor":30,"turns":6},{"damage":13,"enemies":"Snake Plant","floor":31,"turns":5},{"damage":46,"enemies":"Collector","floor":33,"turns":7}],"seed_played":"5617242841730132906","potions_obtained":[{"floor":4,"key":"Explosive Potion"},{"floor":7,"key":"Ancient Potion"},{"floor":10,"key":"Swift Potion"},{"floor":14,"key":"BloodPotion"},{"floor":14,"key":"Swift Potion"},{"floor":16,"key":"Regen Potion"}],"is_trial":false,"path_per_floor":["M","M","$","M","M","M","E","R","T","?","$","M","M","?","R","B",null,"M","M","$","M","M","?","M","M","T","?","E","M","E","M","R"],"character_chosen":"IRONCLAD","items_purchased":["Whetstone"],"campfire_rested":0,"item_purchase_floors":[20],"current_hp_per_floor":[78,77,76,75,74,73,58,58,58,68,68,67,66,51,51,34,62,61,60,59,56,57,48,47,53,53,28,16,26,25,22,22,0],"gold":164,"neow_bonus":"","is_prod":false,"is_daily":true,"chose_seed":false,"campfire_upgraded":3,"win_rate":0,"timestamp":1538697739,"path_taken":["M","M","$","M","M","M","E","R","T","?","$","M","M","?","R","BOSS","M","M","$","M","M","?","M","M","T","?","E","M","E","M","R","BOSS"],"build_version":"2018-10-04","purchased_purges":3,"victory":false,"max_hp_per_floor":[78,77,76,75,74,73,72,71,70,69,68,67,66,65,64,63,62,61,60,59,58,57,61,60,59,58,28,27,26,25,24,23,23],"card_choices":[{"not_picked":["Riddle With Holes","Flechettes"],"picked":"Sweeping Beam","floor":1},{"not_picked":["Scrape","Thunderclap"],"picked":"Cloak And Dagger","floor":2},{"not_picked":["Reckless Charge","Dodge and Roll"],"picked":"Ball Lightning","floor":4},{"not_picked":["Searing Blow","Dual Wield"],"picked":"Deadly Poison","floor":5},{"not_picked":["Grand Finale","Ball Lightning"],"picked":"Backstab","floor":6},{"not_picked":["Calculated Gamble","Endless Agony"],"picked":"Streamline","floor":7},{"not_picked":["Stack","Wild Strike"],"picked":"Outmaneuver","floor":10},{"not_picked":["Dropkick","Shrug It Off"],"picked":"Armaments","floor":12},{"not_picked":["Body Slam","Self Repair"],"picked":"Havoc","floor":13},{"not_picked":["Stack","Leg Sweep"],"picked":"Conserve Battery","floor":14},{"not_picked":["Berserk","Envenom"],"picked":"Adrenaline","floor":16},{"not_picked":["Auto Shields+1","Chaos"],"picked":"Coolheaded+1","floor":18},{"not_picked":["Wild Strike","Slice+1"],"picked":"Caltrops","floor":19},{"not_picked":["Clothesline","Chaos"],"picked":"Poisoned Stab","floor":21},{"not_picked":["Thunderclap","Redo"],"picked":"Beam Cell","floor":22},{"not_picked":["Steam","Intimidate","Bane"],"picked":"SKIP","floor":24},{"not_picked":["Streamline","Feel No Pain"],"picked":"Darkness+1","floor":25},{"not_picked":["Thunder Strike","Calculated Gamble+1"],"picked":"Sword Boomerang","floor":28},{"not_picked":["Sweeping Beam+1","Scrape"],"picked":"Melter+1","floor":29},{"not_picked":["Feel No Pain","Reprogram+1","All For One"],"picked":"SKIP","floor":30},{"not_picked":["Coolheaded","Underhanded Strike"],"picked":"Warcry","floor":31}],"player_experience":162415,"relics_obtained":[{"floor":7,"key":"Red Skull"},{"floor":9,"key":"Bottled Flame"},{"floor":10,"key":"Odd Mushroom"},{"floor":14,"key":"MawBank"},{"floor":26,"key":"Centennial Puzzle"},{"floor":28,"key":"War Paint"},{"floor":30,"key":"Bottled Lightning"}],"event_choices":[{"event_name":"Mushrooms","player_choice":"Fought Mushrooms","floor":10,"damage_taken":0},{"event_name":"Dead Adventurer","player_choice":"Searched \u00272\u0027 times","floor":14,"damage_taken":0},{"event_name":"Forgotten Altar","player_choice":"Shed Blood","floor":23,"damage_taken":0},{"event_name":"Ghosts","player_choice":"Became a Ghost","floor":27,"damage_taken":0}],"is_beta":false,"boss_relics":[{"not_picked":["Calling Bell","Philosopher\u0027s Stone"],"picked":"Sozu"}],"items_purged_floors":[3,11,20],"is_endless":false,"potions_floor_spawned":[4,7,10,14,14,16,18,22,28,30],"killed_by":"Collector","ascension_level":0}