{"gold_per_floor":[114,128,142,142,67,99,99,124,148,148,161,177,177,192,192,269,269,279,290,154,154,54,54,65,65,65,82,82,93,127,127,127,127],"floor_reached":33,"playtime":2528,"items_purged":["Decay","Writhe"],"score":485,"play_id":"b853e5ea-9afb-42c9-8453-de4da8b08066","local_time":"20190102155841","is_ascension_mode":true,"campfire_choices":[{"floor":7.0,"key":"REST"},{"data":"Armaments","floor":10.0,"key":"SMITH"},{"floor":13.0,"key":"REST"},{"floor":15.0,"key":"REST"},{"data":"Perfected Strike","floor":23.0,"key":"SMITH"},{"data":"Disarm","floor":25.0,"key":"SMITH"},{"data":"Double Tap","floor":28.0,"key":"SMITH"},{"data":"Evolve","floor":32.0,"key":"SMITH"}],"neow_cost":"NONE","seed_source_timestamp":0,"circlet_count":0,"master_deck":["AscendersBane","Strike_R","Strike_R","Strike_R","Strike_R","Strike_R","Defend_R","Defend_R","Defend_R","Defend_R","Bash","Disarm+1","Inflame","Armaments+1","Ghostly Armor","Evolve+1","Double Tap+1","Perfected Strike+1","Reaper","Shrug It Off","Immolate","Twin Strike+1","Wild Strike","Headbutt+1","Disarm+1"],"special_seed":0,"relics":["Sozu","Potion Belt","Lantern","Oddly Smooth Stone","Cursed Key","Red Skull","Ancient Tea Set"],"potions_floor_usage":[],"damage_taken":[{"damage":5.0,"enemies":"Small Slimes","floor":1.0,"turns":3.0},{"damage":0.0,"enemies":"Cultist","floor":2.0,"turns":3.0},{"damage":2.0,"enemies":"Jaw Worm","floor":3.0,"turns":4.0},{"damage":26.0,"enemies":"Lagavulin","floor":6.0,"turns":6.0},{"damage":35.0,"enemies":"3 Sentries","floor":8.0,"turns":11.0},{"damage":5.0,"enemies":"Blue Slaver","floor":11.0,"turns":4.0},{"damage":5.0,"enemies":"Looter","floor":12.0,"turns":3.0},{"damage":4.0,"enemies":"Gremlin Gang","floor":14.0,"turns":6.0},{"damage":20.0,"enemies":"The Guardian","floor":16.0,"turns":13.0},{"damage":26.0,"enemies":"Spheric Guardian","floor":18.0,"turns":6.0},{"damage":6.0,"enemies":"Chosen","floor":19.0,"turns":4.0},{"damage":6.0,"enemies":"Snake Plant","floor":24.0,"turns":2.0},{"damage":13.0,"enemies":"Shelled Parasite and Fungi","floor":27.0,"turns":6.0},{"damage":9.0,"enemies":"3 Cultists","floor":29.0,"turns":3.0},{"damage":5.0,"enemies":"Gremlin Leader","floor":30.0,"turns":4.0},{"damage":66,"enemies":"Collector","floor":33,"turns":7}],"seed_played":"-5308149721491027823","potions_obtained":[],"is_trial":false,"path_per_floor":["M","M","M","?","$","E","R","E","T","R","M","M","R","M","R","B",null,"M","M","$","?","$","R","M","R","T","M","R","M","E","?","R","B"],"character_chosen":"IRONCLAD","items_purchased":["Immolate"],"campfire_rested":3,"item_purchase_floors":[20],"current_hp_per_floor":[63,63,61,61,61,35,57,22,22,22,17,12,34,30,52,32,64,38,40,40,40,40,40,34,34,34,43,43,34,50,50,50,0],"gold":127,"neow_bonus":"BOSS_RELIC","is_prod":false,"is_daily":false,"chose_seed":false,"campfire_upgraded":5,"win_rate":0,"timestamp":1546462721,"path_taken":["M","M","M","?","$","E","R","E","T","R","M","M","R","M","R","BOSS","M","?","$","?","$","R","M","R","T","M","R","M","E","?","R","BOSS"],"build_version":"2018-12-20","purchased_purges":2,"victory":false,"max_hp_per_floor":[75,75,75,75,75,75,75,75,75,75,75,75,75,75,75,75,75,75,75,75,75,75,75,75,75,75,75,75,75,75,75,75,75],"card_choices":[{"not_picked":["Heavy Blade","Armaments"],"picked":"Disarm","floor":1.0},{"not_picked":["Wild Strike","Whirlwind"],"picked":"Inflame","floor":2.0},{"not_picked":["Thunderclap","Sentinel","Fire Breathing"],"picked":"SKIP","floor":3.0},{"not_picked":["Body Slam","Perfected Strike"],"picked":"Armaments","floor":6.0},{"not_picked":["Corruption","Havoc"],"picked":"Ghostly Armor","floor":8.0},{"not_picked":["Wild Strike","Havoc"],"picked":"Evolve","floor":11.0},{"not_picked":["Corruption","Sever Soul"],"picked":"Double Tap","floor":12.0},{"not_picked":["Second Wind","Iron Wave"],"picked":"Perfected Strike","floor":14.0},{"not_picked":["Juggernaut","Bludgeon"],"picked":"Reaper","floor":16.0},{"not_picked":["Rampage","Combust","Warcry"],"picked":"SKIP","floor":18.0},{"not_picked":["Flex","Havoc"],"picked":"Shrug It Off","floor":19.0},{"not_picked":["Whirlwind","Sword Boomerang"],"picked":"Twin Strike+1","floor":24.0},{"not_picked":["Sword Boomerang","Iron Wave"],"picked":"Wild Strike","floor":27.0},{"not_picked":["Double Tap","Entrench"],"picked":"Headbutt+1","floor":29.0},{"not_picked":["Infernal Blade","Headbutt"],"picked":"Disarm+1","floor":30.0}],"player_experience":395143,"relics_obtained":[{"floor":6.0,"key":"Potion Belt"},{"floor":8.0,"key":"Lantern"},{"floor":9.0,"key":"Oddly Smooth Stone"},{"floor":30.0,"key":"Ancient Tea Set"}],"event_choices":[{"damage_healed":0.0,"max_hp_gain":0.0,"max_hp_loss":0.0,"gold_gain":0.0,"event_name":"Wheel of Change","player_choice":"Cursed","floor":4.0,"gold_loss":0.0,"damage_taken":0.0,"cards_obtained":["Decay"]},{"damage_healed":0.0,"max_hp_gain":0.0,"max_hp_loss":0.0,"gold_gain":0.0,"event_name":"The Mausoleum","player_choice":"Opened","floor":21.0,"gold_loss":0.0,"damage_taken":0.0,"relics_obtained":["Red Skull"],"cards_obtained":["Writhe"]},{"damage_healed":0.0,"max_hp_gain":0.0,"max_hp_loss":0.0,"gold_gain":0.0,"event_name":"Ghosts","player_choice":"Ignored","floor":31.0,"gold_loss":0.0,"damage_taken":0.0}],"is_beta":false,"boss_relics":[{"not_picked":["White Beast Statue","Runic Cube"],"picked":"Cursed Key"}],"items_purged_floors":[5,22],"is_endless":false,"potions_floor_spawned":[2,3,8,14,18,27,30],"killed_by":"Collector","ascension_level":15}