{"gold_per_floor":[99,99,99,99,99,99,99,99,99,99,99,99,99,99,99,99,99,99,99,99,99,99,99,99,99,99,99,99,99,99,99,99,99,99,99,99,99,79,79,79,79,79,79,79,79,79,79,79,79,79,79],"floor_reached":52,"playtime":3606,"items_purged":[],"score":1770,"play_id":"cd9e5c90-b89e-42ad-afb7-450b272d38e4","local_time":"20181125222937","is_ascension_mode":true,"campfire_choices":[{"data":"Poisoned Stab","floor":6,"key":"SMITH"},{"data":"Footwork","floor":10,"key":"SMITH"},{"data":"Footwork","floor":15,"key":"SMITH"},{"floor":23,"key":"REST"},{"data":"Cloak And Dagger","floor":25,"key":"SMITH"},{"data":"A Thousand Cuts","floor":30,"key":"SMITH"},{"floor":32,"key":"REST"},{"data":"Cloak And Dagger","floor":40,"key":"SMITH"},{"floor":46,"key":"REST"},{"floor":49,"key":"REST"}],"neow_cost":"NONE","seed_source_timestamp":231363770921200,"circlet_count":0,"master_deck":["AscendersBane","Defend_G","Defend_G","Defend_G","Defend_G","Defend_G+1","Strike_G","Strike_G","Survivor","Neutralize+1","Crippling Poison+1","Poisoned Stab+1","Dagger Throw","Footwork+1","Cloak And Dagger+1","Dagger Spray","Footwork+1","Backflip","Venomology","Expertise+1","Cloak And Dagger","Cloak And Dagger+1","Infinite Blades","A Thousand Cuts+1","Doppelganger","Night Terror+1","PiercingWail+1","Flying Knee+1","Quick Slash+1","Impatience","Secret Weapon","Cloak And Dagger+1","Expertise+1","Decay","Predator"],"relics":["Ectoplasm","Bronze Scales","Potion Belt","Philosopher\u0027s Stone","Shuriken","Letter Opener","Oddly Smooth Stone","Astrolabe","Lantern","Happy Flower"],"potions_floor_usage":[8,13,16,19,21,24,27,29,29,31,35,35,35,36,39,41,41,44,48,48,50,50,51,51],"damage_taken":[{"damage":0,"enemies":"Jaw Worm","floor":1,"turns":4},{"damage":2,"enemies":"Small Slimes","floor":4,"turns":4},{"damage":0,"enemies":"Cultist","floor":7,"turns":3},{"damage":0,"enemies":"Exordium Wildlife","floor":8,"turns":4},{"damage":0,"enemies":"Large Slime","floor":11,"turns":4},{"damage":0,"enemies":"Exordium Thugs","floor":12,"turns":4},{"damage":14,"enemies":"3 Sentries","floor":13,"turns":5},{"damage":0,"enemies":"Blue Slaver","floor":14,"turns":3},{"damage":13,"enemies":"The Guardian","floor":16,"turns":10},{"damage":13,"enemies":"Spheric Guardian","floor":18,"turns":6},{"damage":5,"enemies":"3 Byrds","floor":19,"turns":4},{"damage":8,"enemies":"Shelled Parasite and Fungi","floor":21,"turns":5},{"damage":4,"enemies":"3 Cultists","floor":24,"turns":5},{"damage":2,"enemies":"Snake Plant","floor":27,"turns":4},{"damage":4,"enemies":"Shelled Parasite and Fungi","floor":29,"turns":6},{"damage":26,"enemies":"Book of Stabbing","floor":31,"turns":4},{"damage":3,"enemies":"Collector","floor":33,"turns":8},{"damage":0,"enemies":"3 Darklings","floor":35,"turns":4},{"damage":0,"enemies":"3 Shapes","floor":36,"turns":4},{"damage":1,"enemies":"Maw","floor":39,"turns":7},{"damage":28,"enemies":"Giant Head","floor":41,"turns":8},{"damage":5,"enemies":"Sphere and 2 Shapes","floor":42,"turns":4},{"damage":0,"enemies":"Spire Growth","floor":44,"turns":4},{"damage":0,"enemies":"4 Shapes","floor":45,"turns":3},{"damage":0,"enemies":"Maw","floor":48,"turns":7},{"damage":28,"enemies":"Awakened One","floor":50,"turns":13},{"damage":46,"enemies":"Donu and Deca","floor":51,"turns":10}],"seed_played":"5384686082712405009","potions_obtained":[{"floor":1,"key":"AttackPotion"},{"floor":4,"key":"SpeedPotion"},{"floor":14,"key":"SkillPotion"},{"floor":21,"key":"GamblersBrew"},{"floor":27,"key":"GhostInAJar"},{"floor":28,"key":"SteroidPotion"},{"floor":28,"key":"SkillPotion"},{"floor":31,"key":"SpeedPotion"},{"floor":35,"key":"Ancient Potion"},{"floor":38,"key":"Block Potion"},{"floor":41,"key":"Poison Potion"},{"floor":42,"key":"Fire Potion"}],"is_trial":false,"path_per_floor":["M","?","?","M","?","R","M","M","T","R","M","M","E","M","R","B",null,"M","M","T","M","?","R","M","R","T","M","?","M","R","E","R","B",null,"M","M","?","?","M","R","E","M","T","M","M","R","?","M","R","B","B",null],"character_chosen":"THE_SILENT","items_purchased":[],"campfire_rested":4,"item_purchase_floors":[],"current_hp_per_floor":[59,39,39,37,42,42,42,42,42,42,42,42,28,28,28,15,57,44,39,39,31,31,52,48,48,48,46,46,42,42,16,37,34,62,62,62,52,52,51,51,23,18,18,18,18,39,39,39,60,47,1],"gold":79,"neow_bonus":"BOSS_RELIC","is_prod":false,"is_daily":false,"chose_seed":false,"campfire_upgraded":6,"win_rate":0,"timestamp":1543202977,"path_taken":["M","?","?","M","?","R","M","?","T","R","M","M","E","M","R","BOSS","M","M","?","M","?","R","M","R","T","M","?","M","R","E","R","BOSS","M","M","?","?","M","R","E","M","T","M","?","R","?","?","R","BOSS","BOSS"],"build_version":"2018-11-15","purchased_purges":0,"victory":true,"max_hp_per_floor":[66,66,66,66,71,71,71,71,71,71,71,71,71,71,71,71,71,71,71,71,71,71,71,71,71,71,71,71,71,71,71,71,71,71,71,71,71,71,71,71,71,71,71,71,71,71,71,71,71,71,71],"card_choices":[{"not_picked":["Reflex","Cloak And Dagger"],"picked":"Crippling Poison","floor":1},{"not_picked":["Dagger Throw","Deflect"],"picked":"Poisoned Stab","floor":4},{"not_picked":["Underhanded Strike","Flying Knee"],"picked":"Dagger Throw","floor":7},{"not_picked":["Tactician","Flying Knee"],"picked":"Footwork","floor":8},{"not_picked":["Bane","Blade Dance"],"picked":"Cloak And Dagger","floor":11},{"not_picked":["Prepared","Deflect"],"picked":"Dagger Spray","floor":12},{"not_picked":["Deadly Poison","Bullet Time"],"picked":"Footwork","floor":13},{"not_picked":["Blade Dance","Dodge and Roll"],"picked":"Backflip","floor":14},{"not_picked":["Grand Finale","Wraith Form v2"],"picked":"Venomology","floor":16},{"not_picked":["Slice","Sucker Punch","Calculated Gamble"],"picked":"SKIP","floor":18},{"not_picked":["Dodge and Roll","Endless Agony"],"picked":"Expertise+1","floor":19},{"not_picked":["Finisher","Terror"],"picked":"Cloak And Dagger","floor":21},{"not_picked":["Prepared","Outmaneuver"],"picked":"Cloak And Dagger","floor":24},{"not_picked":["Dash","Deadly Poison"],"picked":"Infinite Blades","floor":27},{"not_picked":["Outmaneuver","Deflect"],"picked":"A Thousand Cuts","floor":29},{"not_picked":["Flying Knee","Tactician","Catalyst"],"picked":"SKIP","floor":31},{"not_picked":["Glass Knife","Die Die Die"],"picked":"Doppelganger","floor":33},{"not_picked":["All Out Attack","Poisoned Stab"],"picked":"Quick Slash+1","floor":35},{"not_picked":["Quick Slash","Distraction","Bane"],"picked":"SKIP","floor":36},{"not_picked":["HandOfGreed","Secret Technique"],"picked":"Impatience","floor":37},{"not_picked":["Magnetism","Good Instincts"],"picked":"Secret Weapon","floor":37},{"not_picked":["Dagger Throw+1","Dodge and Roll+1"],"picked":"Cloak And Dagger+1","floor":39},{"not_picked":["Accuracy","Choke","Quick Slash"],"picked":"SKIP","floor":41},{"not_picked":["Flying Knee+1","Underhanded Strike","Well Laid Plans"],"picked":"SKIP","floor":42},{"not_picked":["Bouncing Flask","Predator"],"picked":"Expertise+1","floor":44},{"not_picked":["Dagger Throw","Terror","Infinite Blades"],"picked":"SKIP","floor":45},{"not_picked":["Noxious Fumes","Outmaneuver"],"picked":"Predator","floor":48}],"player_experience":1687621,"relics_obtained":[{"floor":9,"key":"Bronze Scales"},{"floor":13,"key":"Potion Belt"},{"floor":20,"key":"Shuriken"},{"floor":26,"key":"Letter Opener"},{"floor":31,"key":"Oddly Smooth Stone"},{"floor":41,"key":"Lantern"},{"floor":43,"key":"Happy Flower"}],"event_choices":[{"damage_healed":0,"gold_gain":0,"player_choice":"Entered Light","damage_taken":20,"max_hp_gain":0,"max_hp_loss":0,"event_name":"Shining Light","floor":2,"gold_loss":0,"cards_upgraded":["Defend_G","Neutralize"]},{"damage_healed":0,"gold_gain":0,"player_choice":"Grow","damage_taken":0,"max_hp_gain":0,"max_hp_loss":0,"event_name":"Living Wall","floor":3,"gold_loss":0,"cards_upgraded":["Crippling Poison"]},{"damage_healed":0,"gold_gain":0,"player_choice":"Donut","damage_taken":0,"max_hp_gain":5,"max_hp_loss":0,"event_name":"Big Fish","floor":5,"gold_loss":0},{"damage_healed":0,"gold_gain":0,"player_choice":"Ignored","damage_taken":0,"max_hp_gain":0,"max_hp_loss":0,"event_name":"The Mausoleum","floor":22,"gold_loss":0},{"damage_healed":0,"gold_gain":0,"player_choice":"Got Potions","damage_taken":0,"max_hp_gain":0,"max_hp_loss":0,"event_name":"Lab","floor":28,"gold_loss":0},{"damage_healed":0,"gold_gain":0,"player_choice":"Memory 3","damage_taken":10,"max_hp_gain":0,"max_hp_loss":0,"event_name":"SensoryStone","floor":37,"gold_loss":0},{"damage_healed":0,"gold_gain":0,"player_choice":"Bought 1 Potion","damage_taken":0,"max_hp_gain":0,"max_hp_loss":0,"event_name":"The Woman in Blue","floor":38,"gold_loss":0},{"damage_healed":0,"gold_gain":0,"player_choice":"Cursed","damage_taken":0,"max_hp_gain":0,"max_hp_loss":0,"event_name":"Wheel of Change","floor":47,"gold_loss":0,"cards_obtained":["Decay"]}],"is_beta":true,"boss_relics":[{"not_picked":["Eternal Feather","White Beast Statue"],"picked":"Philosopher\u0027s Stone"},{"not_picked":["Sozu","Cursed Key"],"picked":"Astrolabe"}],"items_purged_floors":[],"is_endless":false,"potions_floor_spawned":[1,4,14,21,27,31,35,41,42],"ascension_level":20}