{"gold_per_floor":[112,122,133,144,162,162,190,200,248,213,232,232,232,251,251,356,356,373,56,66,266,46,76,76,76],"floor_reached":25,"playtime":898,"items_purged":[],"score":374,"play_id":"594657d9-fa9d-4bee-95da-1c119f695d01","local_time":"20181222055449","is_ascension_mode":true,"campfire_choices":[{"data":"Cold Snap","floor":6,"key":"SMITH"},{"data":"Defragment","floor":12,"key":"SMITH"},{"data":"Conserve Battery","floor":15,"key":"SMITH"},{"floor":24,"key":"REST"}],"neow_cost":"PERCENT_DAMAGE","seed_source_timestamp":133910509550833,"circlet_count":0,"master_deck":["AscendersBane","Strike_B","Strike_B","Strike_B","Strike_B","Defend_B","Defend_B","Defend_B","Defend_B","Zap","Dualcast","Defragment+1","Conserve Battery+1","Cold Snap+1","Cold Snap+1","Ball Lightning+1","Compile Driver","Core Surge","Capacitor","Machine Learning","Leap","Echo Form+1","BootSequence+1","Storm+1","Chill"],"relics":["Cracked Core","Strawberry","Art of War","Matryoshka","Black Star","Frozen Egg 2","Orichalcum","Dodecahedron","Whetstone"],"potions_floor_usage":[23,23],"damage_taken":[{"damage":7,"enemies":"Jaw Worm","floor":1,"turns":3},{"damage":0,"enemies":"Small Slimes","floor":2,"turns":3},{"damage":0,"enemies":"Cultist","floor":3,"turns":3},{"damage":2,"enemies":"Looter","floor":4,"turns":4},{"damage":3,"enemies":"Exordium Thugs","floor":5,"turns":5},{"damage":25,"enemies":"Gremlin Nob","floor":7,"turns":4},{"damage":7,"enemies":"Red Slaver","floor":8,"turns":2},{"damage":10,"enemies":"Blue Slaver","floor":11,"turns":3},{"damage":1,"enemies":"Exordium Wildlife","floor":14,"turns":3},{"damage":12,"enemies":"The Guardian","floor":16,"turns":11},{"damage":38,"enemies":"Chosen","floor":18,"turns":5},{"damage":21,"enemies":"Shell Parasite","floor":20,"turns":6},{"damage":14,"enemies":"Gremlin Leader","floor":23,"turns":6},{"damage":34,"enemies":"Slavers","floor":25,"turns":2}],"seed_played":"3151029769848049822","potions_obtained":[{"floor":1,"key":"Fire Potion"},{"floor":4,"key":"Ancient Potion"},{"floor":8,"key":"Energy Potion"},{"floor":16,"key":"PowerPotion"},{"floor":18,"key":"SkillPotion"}],"is_trial":false,"path_per_floor":["M","M","M","M","M","R","E","M","T","?","M","R","?","M","R","B",null,"M","$","M","?","$","E","R","E"],"character_chosen":"DEFECT","items_purchased":["Frozen Egg 2","Echo Form+1","Storm+1","Orichalcum"],"campfire_rested":1,"item_purchase_floors":[19,19,22,22],"current_hp_per_floor":[57,57,57,55,52,52,34,27,27,51,41,41,41,40,40,28,79,41,41,20,20,20,6,34,0],"gold":76,"neow_bonus":"TWENTY_PERCENT_HP_BONUS","is_prod":false,"is_daily":false,"chose_seed":false,"campfire_upgraded":3,"win_rate":0,"timestamp":1545476089,"path_taken":["M","M","M","M","M","R","E","M","T","?","M","R","?","M","R","BOSS","M","$","?","?","?","E","R","E"],"build_version":"2018-12-20","purchased_purges":0,"victory":false,"max_hp_per_floor":[89,89,89,89,89,89,96,96,96,96,96,96,96,96,96,96,96,96,96,96,96,96,96,96,96],"card_choices":[{"not_picked":["Loop","Redo"],"picked":"Defragment","floor":1},{"not_picked":["Steam","Hologram"],"picked":"Conserve Battery","floor":2},{"not_picked":["Self Repair","Barrage"],"picked":"Cold Snap","floor":3},{"not_picked":["BootSequence","Hello World"],"picked":"Cold Snap","floor":4},{"not_picked":["Barrage","Coolheaded"],"picked":"Ball Lightning","floor":5},{"not_picked":["Gash","Hologram"],"picked":"Compile Driver","floor":7},{"not_picked":["Rebound","Beam Cell"],"picked":"Core Surge","floor":8},{"not_picked":["Cold Snap","Ball Lightning","Doom and Gloom"],"picked":"SKIP","floor":11},{"not_picked":["Coolheaded","Barrage"],"picked":"Capacitor","floor":14},{"not_picked":["Fission","Multi-Cast"],"picked":"Machine Learning","floor":16},{"not_picked":["Streamline","Scrape+1"],"picked":"Leap","floor":18},{"not_picked":["Cold Snap+1","Conserve Battery"],"picked":"BootSequence+1","floor":20},{"not_picked":["Beam Cell+1","Conserve Battery"],"picked":"Chill","floor":23}],"player_experience":390323,"relics_obtained":[{"floor":7,"key":"Strawberry"},{"floor":9,"key":"Art of War"},{"floor":23,"key":"Dodecahedron"},{"floor":23,"key":"Whetstone"}],"event_choices":[{"damage_healed":24,"gold_gain":0,"player_choice":"Healed","damage_taken":0,"max_hp_gain":0,"max_hp_loss":0,"event_name":"The Cleric","floor":10,"gold_loss":35},{"damage_healed":0,"gold_gain":0,"player_choice":"Gave Potion","damage_taken":0,"relics_obtained":["Matryoshka"],"max_hp_gain":0,"max_hp_loss":0,"event_name":"WeMeetAgain","floor":13,"gold_loss":0},{"damage_healed":0,"gold_gain":200,"player_choice":"Gold","damage_taken":0,"max_hp_gain":0,"max_hp_loss":0,"event_name":"Wheel of Change","floor":21,"gold_loss":0}],"is_beta":false,"boss_relics":[{"not_picked":["FrozenCore","Lizard Tail"],"picked":"Black Star"}],"items_purged_floors":[],"is_endless":false,"potions_floor_spawned":[1,4,8,16,18,20],"killed_by":"Slavers","ascension_level":11}