{"gold_per_floor":[114,130,130,130,146,164,239,46,71,71,87,12,30,44,44,140,140,153,153,169,169,134,134,148,148,171,171,188,89,100,100,100,196,196,214,214,228,228,228,246,246,259,259,279,279,295,295,305,305,305],"floor_reached":50,"playtime":4796,"items_purged":["Defend_R"],"score":538,"play_id":"71b6a22e-e8b2-4751-b4e6-1720304e082a","local_time":"20180923180112","is_ascension_mode":false,"campfire_choices":[{"data":"Pommel Strike","floor":10,"key":"SMITH"},{"floor":15,"key":"REST"},{"floor":23,"key":"REST"},{"floor":25,"key":"REST"},{"data":"Armaments","floor":27,"key":"SMITH"},{"floor":32,"key":"REST"},{"data":"Barricade","floor":41,"key":"SMITH"},{"floor":47,"key":"REST"},{"floor":49,"key":"REST"}],"neow_cost":"NONE","seed_source_timestamp":837475772983092,"circlet_count":0,"master_deck":["Strike_R","Strike_R","Strike_R","Strike_R","Defend_R","Defend_R","Defend_R","Bash","Anger","Battle Trance","Thunderclap","Pommel Strike+1","Feed+1","Battle Trance","Clash","The Bomb","Flex","Ghostly Armor","Seeing Red","Impervious","Cleave","Rage","Armaments+1","Rage","Discovery","Barricade+1","Armaments+1","Power Through+1","Feel No Pain+1","Shrug It Off+1","Headbutt+1","Hemokinesis","Demon Form","Pommel Strike+1"],"relics":["Orrery","Runic Pyramid","Nilry\u0027s Codex","Bag of Preparation","Nloth\u0027s Gift","Sozu","Omamori","Kunai"],"potions_floor_usage":[33,46,48],"damage_taken":[{"damage":10,"enemies":"Small Slimes","floor":1,"turns":2},{"damage":0,"enemies":"2 Louse","floor":2,"turns":2},{"damage":0,"enemies":"Cultist","floor":5,"turns":2},{"damage":16,"enemies":"2 Fungi Beasts","floor":6,"turns":3},{"damage":22,"enemies":"Exordium Thugs","floor":11,"turns":3},{"damage":5,"enemies":"Blue Slaver","floor":13,"turns":2},{"damage":0,"enemies":"3 Louse","floor":14,"turns":1},{"damage":0,"enemies":"Slime Boss","floor":16,"turns":5},{"damage":10,"enemies":"3 Byrds","floor":18,"turns":3},{"damage":29,"enemies":"Chosen","floor":20,"turns":5},{"damage":21,"enemies":"Snake Plant","floor":24,"turns":4},{"damage":17,"enemies":"Cultist and Chosen","floor":28,"turns":7},{"damage":7,"enemies":"Shelled Parasite and Fungi","floor":30,"turns":6},{"damage":89,"enemies":"Automaton","floor":33,"turns":10},{"damage":0,"enemies":"3 Darklings","floor":35,"turns":6},{"damage":14,"enemies":"Orb Walker","floor":37,"turns":3},{"damage":6,"enemies":"Spire Growth","floor":40,"turns":7},{"damage":53,"enemies":"4 Shapes","floor":42,"turns":5},{"damage":19,"enemies":"Reptomancer","floor":44,"turns":9},{"damage":2,"enemies":"Transient","floor":46,"turns":5},{"damage":4,"enemies":"3 Darklings","floor":48,"turns":6},{"damage":87,"enemies":"Awakened One","floor":50,"turns":5}],"seed_played":"-6697518912072531777","potions_obtained":[{"floor":6,"key":"Dexterity Potion"},{"floor":11,"key":"Block Potion"},{"floor":13,"key":"Energy Potion"},{"floor":14,"key":"SteroidPotion"},{"floor":20,"key":"Regen Potion"},{"floor":33,"key":"Explosive Potion"}],"is_trial":false,"path_per_floor":["M","M","?","?","M","M","?","$","T","R","M","$","M","M","R","B",null,"M","?","M","?","$","R","M","R","T","R","M","$","M","?","R","B",null,"M","?","M","?","?","M","R","M","T","M","?","M","R","M","R"],"character_chosen":"IRONCLAD","items_purchased":["The Bomb","Rage","Discovery"],"campfire_rested":6,"item_purchase_floors":[8,22,29],"current_hp_per_floor":[70,70,75,75,75,59,59,59,59,59,41,41,40,40,67,67,93,87,71,46,51,51,81,64,95,95,95,78,78,75,75,107,18,109,109,109,95,95,95,89,89,40,40,21,21,19,52,48,81,0],"gold":305,"neow_bonus":"BOSS_RELIC","is_prod":false,"is_daily":false,"chose_seed":false,"campfire_upgraded":3,"win_rate":0.0,"timestamp":1537740072,"path_taken":["M","M","?","?","M","M","?","?","T","R","M","$","M","M","R","BOSS","M","?","M","?","$","R","?","R","T","R","M","$","M","?","R","BOSS","M","?","?","?","?","M","R","M","T","M","?","M","R","M","R","BOSS"],"build_version":"2018-09-20","purchased_purges":1,"victory":false,"max_hp_per_floor":[80,80,85,85,85,85,85,85,85,85,89,89,93,93,93,93,93,97,97,101,101,101,101,105,105,105,105,105,105,109,109,109,109,109,109,109,109,109,109,109,109,113,113,113,113,113,113,113,113,117],"card_choices":[{"not_picked":["Clothesline","Pummel"],"picked":"Warcry","floor":0},{"not_picked":["Warcry","Intimidate"],"picked":"Anger","floor":0},{"not_picked":["Barricade","Body Slam"],"picked":"Battle Trance","floor":0},{"not_picked":["Hemokinesis","Bloodletting"],"picked":"Intimidate","floor":0},{"not_picked":["Flex","Pommel Strike"],"picked":"Thunderclap","floor":0},{"not_picked":["True Grit","Body Slam"],"picked":"Pommel Strike","floor":1},{"not_picked":["Iron Wave","Cleave"],"picked":"Feed","floor":2},{"not_picked":["Twin Strike","Disarm"],"picked":"Battle Trance","floor":5},{"not_picked":["Dual Wield","Battle Trance"],"picked":"Clash","floor":6},{"not_picked":["Iron Wave","Body Slam"],"picked":"Flex","floor":11},{"not_picked":["Twin Strike","Searing Blow"],"picked":"Ghostly Armor","floor":13},{"not_picked":["Iron Wave","Body Slam"],"picked":"Seeing Red","floor":14},{"not_picked":["Bludgeon","Offering"],"picked":"Impervious","floor":16},{"not_picked":["Twin Strike+1","Heavy Blade"],"picked":"Cleave","floor":18},{"not_picked":["Shrug It Off","Sword Boomerang","Anger"],"picked":"SKIP","floor":20},{"not_picked":["Battle Trance","Carnage"],"picked":"Armaments","floor":24},{"not_picked":["Perfected Strike","Feed"],"picked":"Rage","floor":28},{"not_picked":["True Grit","Anger","Iron Wave"],"picked":"SKIP","floor":30},{"not_picked":["Berserk","Reaper"],"picked":"Barricade","floor":33},{"not_picked":["Body Slam","Twin Strike"],"picked":"Armaments+1","floor":35},{"not_picked":["Carnage+1","Dropkick"],"picked":"Power Through+1","floor":37},{"not_picked":["Thunderclap","Warcry+1"],"picked":"Feel No Pain+1","floor":40},{"not_picked":["Sword Boomerang+1","Burning Pact"],"picked":"Shrug It Off+1","floor":42},{"not_picked":["Flex+1","Anger"],"picked":"Headbutt+1","floor":44},{"not_picked":["Clash","Shockwave+1"],"picked":"Demon Form","floor":46},{"not_picked":["Offering","Thunderclap"],"picked":"Pommel Strike+1","floor":48}],"player_experience":28680,"relics_obtained":[{"floor":9,"key":"Boot"},{"floor":19,"key":"Nilry\u0027s Codex"},{"floor":26,"key":"Bag of Preparation"},{"floor":43,"key":"Kunai"}],"event_choices":[{"event_name":"Big Fish","player_choice":"Donut","floor":3,"damage_taken":0},{"event_name":"Accursed Blacksmith","player_choice":"Forge","floor":4,"damage_taken":0},{"event_name":"Golden Wing","player_choice":"Gained Gold","floor":7,"damage_taken":0},{"event_name":"Cursed Tome","player_choice":"Obtained Book","floor":19,"damage_taken":0},{"event_name":"Bonfire Elementals","player_choice":"COMMON","floor":21,"damage_taken":0},{"event_name":"N\u0027loth","player_choice":"Traded a Boot","floor":31,"damage_taken":0},{"event_name":"Falling","player_choice":"Removed Attack","floor":36,"damage_taken":0},{"event_name":"Tomb of Lord Red Mask","player_choice":"Ignored","floor":38,"damage_taken":0},{"event_name":"WeMeetAgain","player_choice":"Potion","floor":39,"damage_taken":0},{"event_name":"Transmorgrifier","player_choice":"Transform","floor":45,"damage_taken":0}],"is_beta":false,"boss_relics":[{"not_picked":["Calling Bell","Tiny House"],"picked":"Runic Pyramid"},{"not_picked":["Astrolabe","Coffee Dripper"],"picked":"Sozu"}],"items_purged_floors":[12],"is_endless":false,"potions_floor_spawned":[6,11,13,14,16,20,28,33,37,42,48],"killed_by":"Awakened One","ascension_level":0}