{"gold_per_floor":[214,233,258,271,283,318,333,351,351,369,385,385,415,429,429,528,528,547,547,563,563,563,592,592,276,325,354,367,394,358,368,368,469,469,480,480,494,514,13,13,29,48,48,59,59,59,159,169,169,169],"floor_reached":51,"playtime":3087,"items_purged":["Havoc","Strike_R+1"],"score":750,"play_id":"e3f70d2b-f6bd-4c8d-b1d5-b2a537fe5497","local_time":"20190207201932","is_ascension_mode":false,"campfire_choices":[{"data":"Bash","floor":12,"key":"SMITH"},{"data":"Ghostly Armor","floor":15,"key":"SMITH"},{"floor":24,"key":"REST"},{"floor":32,"key":"RECALL"},{"floor":40,"key":"REST"},{"floor":45,"key":"REST"},{"floor":49,"key":"REST"}],"neow_cost":"NONE","seed_source_timestamp":646354551123165,"circlet_count":0,"master_deck":["Strike_R+1","Defend_R+1","Defend_R+1","Defend_R+1","Defend_R+1","Bash+1","Sword Boomerang","Clothesline","Headbutt","Ghostly Armor+1","Reaper","Spot Weakness","Hemokinesis+1","Iron Wave+1","Shrug It Off","Iron Wave","Armaments","Flame Barrier","Disarm","Demon Form","Whirlwind","Parasite","Flame Barrier+1","Parasite"],"relics":["Burning Blood","Pen Nib","Boot","Letter Opener","Bottled Flame","Fusion Hammer","Magic Flower","Vajra","Whetstone","PreservedInsect","Kunai","Velvet Choker","Happy Flower","Singing Bowl","Molten Egg 2","Mango"],"potions_floor_usage":[6,23,23,33,33,50,50],"damage_taken":[{"damage":5,"enemies":"Cultist","floor":1,"turns":4},{"damage":11,"enemies":"Jaw Worm","floor":2,"turns":4},{"damage":0,"enemies":"2 Louse","floor":4,"turns":3},{"damage":5,"enemies":"Looter","floor":5,"turns":4},{"damage":12,"enemies":"Gremlin Nob","floor":6,"turns":4},{"damage":3,"enemies":"Exordium Wildlife","floor":7,"turns":3},{"damage":3,"enemies":"2 Fungi Beasts","floor":8,"turns":4},{"damage":11,"enemies":"Exordium Thugs","floor":10,"turns":4},{"damage":7,"enemies":"3 Louse","floor":11,"turns":3},{"damage":16,"enemies":"Lagavulin","floor":13,"turns":5},{"damage":8,"enemies":"2 Fungi Beasts","floor":14,"turns":3},{"damage":38,"enemies":"Slime Boss","floor":16,"turns":10},{"damage":21,"enemies":"2 Thieves","floor":18,"turns":4},{"damage":8,"enemies":"Spheric Guardian","floor":20,"turns":4},{"damage":20,"enemies":"Gremlin Leader","floor":23,"turns":8},{"damage":23,"enemies":"Book of Stabbing","floor":27,"turns":6},{"damage":6,"enemies":"Shelled Parasite and Fungi","floor":28,"turns":6},{"damage":6,"enemies":"Gremlin Leader","floor":29,"turns":5},{"damage":9,"enemies":"Centurion and Healer","floor":31,"turns":8},{"damage":41,"enemies":"Champ","floor":33,"turns":13},{"damage":10,"enemies":"Orb Walker","floor":35,"turns":4},{"damage":8,"enemies":"3 Shapes","floor":37,"turns":6},{"damage":0,"enemies":"Writhing Mass","floor":38,"turns":5},{"damage":14,"enemies":"Transient","floor":41,"turns":5},{"damage":3,"enemies":"4 Shapes","floor":42,"turns":3},{"damage":31,"enemies":"3 Darklings","floor":44,"turns":5},{"damage":0,"enemies":"Mind Bloom Boss Battle","floor":47,"turns":4},{"damage":8,"enemies":"Writhing Mass","floor":48,"turns":8},{"damage":82,"enemies":"Donu and Deca","floor":50,"turns":10}],"seed_played":"-5596822250139994026","potions_obtained":[{"floor":2,"key":"Block Potion"},{"floor":4,"key":"Strength Potion"},{"floor":6,"key":"Regen Potion"},{"floor":10,"key":"SneckoOil"},{"floor":13,"key":"Dexterity Potion"},{"floor":23,"key":"PowerPotion"},{"floor":28,"key":"FearPotion"},{"floor":35,"key":"LiquidBronze"},{"floor":38,"key":"Weak Potion"}],"is_trial":false,"path_per_floor":["M","M","T","M","M","E","M","M","T","M","M","R","E","M","R","B",null,"M","?","M","?","?","E","R","$","T","E","M","E","$","M","R","B",null,"M","?","M","M","$","R","M","M","T","M","R","?","?","M","R","B",null],"character_chosen":"IRONCLAD","items_purchased":["Shrug It Off","Iron Wave","Vajra","Disarm","Happy Flower","Singing Bowl"],"campfire_rested":4,"item_purchase_floors":[25,25,25,30,39,39],"current_hp_per_floor":[80,75,75,80,80,74,77,80,80,75,74,74,64,62,62,30,80,65,65,63,63,63,49,73,73,73,66,69,72,72,72,72,64,80,79,79,80,80,80,80,77,84,84,64,86,82,96,98,98,40],"gold":169,"neow_bonus":"HUNDRED_GOLD","is_prod":false,"is_daily":false,"chose_seed":false,"campfire_upgraded":2,"win_rate":0,"timestamp":1549588772,"path_taken":["M","M","?","M","M","E","M","M","T","M","M","R","E","M","R","BOSS","M","?","M","?","?","E","R","$","T","E","M","E","$","M","R","BOSS","M","?","M","M","$","R","M","M","T","M","R","?","?","M","R","BOSS"],"build_version":"2019-01-23","purchased_purges":2,"victory":true,"max_hp_per_floor":[80,80,80,80,80,80,80,80,80,80,80,80,80,80,80,80,80,80,80,80,80,80,80,80,80,80,80,80,80,80,80,80,80,80,80,80,80,80,80,80,82,84,84,86,86,82,96,98,98,98],"card_choices":[{"not_picked":["Evolve","Seeing Red"],"picked":"Sword Boomerang","floor":1},{"not_picked":["Searing Blow","Warcry"],"picked":"Clothesline","floor":2},{"not_picked":["Havoc","Entrench","Blood for Blood"],"picked":"SKIP","floor":4},{"not_picked":["Sever Soul","True Grit","Cleave"],"picked":"SKIP","floor":5},{"not_picked":["Bloodletting","Impervious","Heavy Blade"],"picked":"SKIP","floor":6},{"not_picked":["Fire Breathing","Sword Boomerang","Cleave"],"picked":"SKIP","floor":7},{"not_picked":["Fire Breathing","Reckless Charge"],"picked":"Headbutt","floor":8},{"not_picked":["Body Slam","Thunderclap"],"picked":"Ghostly Armor","floor":10},{"not_picked":["Flex","Sever Soul","Immolate"],"picked":"SKIP","floor":11},{"not_picked":["Clash","Thunderclap","Shockwave"],"picked":"SKIP","floor":13},{"not_picked":["Clothesline","Intimidate","Clash"],"picked":"SKIP","floor":14},{"not_picked":["Exhume","Feed"],"picked":"Reaper","floor":16},{"not_picked":["Intimidate+1","Body Slam"],"picked":"Spot Weakness","floor":18},{"not_picked":["Combust","Sever Soul","Pommel Strike"],"picked":"SKIP","floor":20},{"not_picked":["Spot Weakness+1","Havoc+1"],"picked":"Iron Wave","floor":23},{"not_picked":["Iron Wave","Sentinel"],"picked":"Armaments","floor":27},{"not_picked":["Wild Strike","Seeing Red","Sentinel"],"picked":"SKIP","floor":28},{"not_picked":["Shrug It Off","Carnage"],"picked":"Flame Barrier","floor":29},{"not_picked":["Iron Wave","Feed","Perfected Strike+1"],"picked":"SKIP","floor":31},{"not_picked":["Exhume","Double Tap"],"picked":"Demon Form","floor":33},{"not_picked":["Anger+1","Dual Wield"],"picked":"Whirlwind","floor":35},{"not_picked":["Blood for Blood","Pommel Strike+1","Rupture+1"],"picked":"SKIP","floor":37},{"not_picked":["Clothesline+1","Body Slam+1","Havoc+1"],"picked":"SKIP","floor":38},{"not_picked":["Pommel Strike","Whirlwind+1","Body Slam"],"picked":"Singing Bowl","floor":41},{"not_picked":["Thunderclap","Rage+1","Bloodletting+1"],"picked":"Singing Bowl","floor":42},{"not_picked":["Spot Weakness","Feel No Pain","Cleave+1"],"picked":"Singing Bowl","floor":44},{"not_picked":["Pummel+1","Power Through+1"],"picked":"Flame Barrier+1","floor":47},{"not_picked":["Headbutt+1","Clash+1","Infernal Blade+1"],"picked":"Singing Bowl","floor":48}],"player_experience":200337,"relics_obtained":[{"floor":3,"key":"Pen Nib"},{"floor":6,"key":"Boot"},{"floor":9,"key":"Letter Opener"},{"floor":13,"key":"Bottled Flame"},{"floor":23,"key":"Magic Flower"},{"floor":26,"key":"Whetstone"},{"floor":27,"key":"PreservedInsect"},{"floor":29,"key":"Kunai"},{"floor":43,"key":"Molten Egg 2"},{"floor":47,"key":"Mango"}],"event_choices":[{"damage_healed":0,"gold_gain":0,"player_choice":"Simplicity","damage_taken":0,"max_hp_gain":0,"max_hp_loss":0,"event_name":"Back to Basics","floor":19,"gold_loss":0,"cards_upgraded":["Strike_R","Strike_R","Strike_R","Strike_R","Strike_R","Defend_R","Defend_R","Defend_R","Defend_R"]},{"damage_healed":0,"gold_gain":0,"player_choice":"Ignored","damage_taken":0,"max_hp_gain":0,"max_hp_loss":0,"event_name":"Cursed Tome","floor":21,"gold_loss":0},{"damage_healed":0,"gold_gain":0,"cards_transformed":["Strike_R","Strike_R"],"player_choice":"Became Test Subject","damage_taken":0,"max_hp_gain":0,"max_hp_loss":0,"event_name":"Drug Dealer","floor":22,"gold_loss":0,"cards_obtained":["Hemokinesis","Havoc"]},{"cards_removed":["Strike_R"],"damage_healed":0,"gold_gain":0,"player_choice":"Removed Attack","damage_taken":0,"max_hp_gain":0,"max_hp_loss":0,"event_name":"Falling","floor":36,"gold_loss":0},{"damage_healed":0,"gold_gain":0,"player_choice":"Max HP","damage_taken":0,"max_hp_gain":0,"max_hp_loss":4,"event_name":"Winding Halls","floor":46,"gold_loss":0},{"damage_healed":0,"gold_gain":0,"player_choice":"Fight","damage_taken":0,"max_hp_gain":0,"max_hp_loss":0,"event_name":"MindBloom","floor":47,"gold_loss":0}],"is_beta":false,"boss_relics":[{"not_picked":["Coffee Dripper","Philosopher\u0027s Stone"],"picked":"Fusion Hammer"},{"not_picked":["Calling Bell","Astrolabe"],"picked":"Velvet Choker"}],"items_purged_floors":[25,39],"is_endless":false,"potions_floor_spawned":[2,4,6,10,13,23,28,31,35,38,44,48],"ascension_level":0}