{"gold_per_floor":[111,125,50,65,78,78,110,127,127,127,145,178,190,126,126,200,200,200,100,15,15,15,15,15,15,15,15,15,15,15,15,15,15,15,15,15,15,15,15,15,15,15,15,15,15,15,15],"floor_reached":47,"playtime":3486,"items_purged":["Parasite"],"score":1142,"play_id":"39d6e8e4-506b-46e0-b812-f9fb552fb2b3","local_time":"20190203190145","is_ascension_mode":true,"campfire_choices":[{"data":"Glass Knife","floor":6.0,"key":"SMITH"},{"floor":10.0,"key":"REST"},{"floor":15.0,"key":"REST"},{"floor":23,"key":"REST"},{"floor":25,"key":"REST"},{"floor":32,"key":"REST"},{"data":"Accuracy","floor":40,"key":"SMITH"},{"floor":46,"key":"REST"}],"neow_cost":"CURSE","seed_source_timestamp":0,"circlet_count":0,"master_deck":["AscendersBane","Defend_G","Defend_G","Defend_G","Defend_G","Defend_G","Strike_G","Strike_G","Strike_G","Survivor","Neutralize","Glass Knife+1","Cloak And Dagger","Terror","Blade Dance","Cloak And Dagger","Malaise","Cloak And Dagger","Cloak And Dagger","Well Laid Plans","A Thousand Cuts","Blur","Accuracy+1","Leg Sweep","Prepared+1","Cloak And Dagger","Backflip+1","Calculated Gamble+1","Blade Dance+1","Malaise","Deflect","Deflect+1","Acrobatics+1","Blur+1","After Image","Deflect+1"],"special_seed":0,"relics":["Ring of the Snake","Incense Burner","Letter Opener","Sundial","Ectoplasm","Darkstone Periapt","Kunai","Bag of Marbles","Tiny House","Prayer Wheel","The Specimen"],"potions_floor_usage":[19,27,29,33,37,41,41],"damage_taken":[{"damage":0.0,"enemies":"Jaw Worm","floor":1.0,"turns":4.0},{"damage":2.0,"enemies":"Small Slimes","floor":2.0,"turns":4.0},{"damage":0.0,"enemies":"Cultist","floor":4.0,"turns":3.0},{"damage":5.0,"enemies":"Large Slime","floor":5.0,"turns":5.0},{"damage":32.0,"enemies":"Lagavulin","floor":7.0,"turns":8.0},{"damage":17.0,"enemies":"Exordium Thugs","floor":8.0,"turns":4.0},{"damage":1.0,"enemies":"2 Fungi Beasts","floor":11.0,"turns":6.0},{"damage":0.0,"enemies":"3 Sentries","floor":12.0,"turns":9.0},{"damage":1.0,"enemies":"Gremlin Gang","floor":13.0,"turns":8.0},{"damage":25.0,"enemies":"Slime Boss","floor":16.0,"turns":13.0},{"damage":5,"enemies":"Chosen","floor":18,"turns":7},{"damage":14,"enemies":"2 Thieves","floor":19,"turns":5},{"damage":8,"enemies":"Snecko","floor":22,"turns":7},{"damage":6,"enemies":"Shelled Parasite and Fungi","floor":24,"turns":5},{"damage":18,"enemies":"Sentry and Sphere","floor":27,"turns":8},{"damage":3,"enemies":"Centurion and Healer","floor":28,"turns":7},{"damage":3,"enemies":"Gremlin Leader","floor":29,"turns":7},{"damage":3,"enemies":"Snake Plant","floor":30,"turns":6},{"damage":5,"enemies":"Shelled Parasite and Fungi","floor":31,"turns":6},{"damage":1,"enemies":"Automaton","floor":33,"turns":14},{"damage":0,"enemies":"Orb Walker","floor":35,"turns":3},{"damage":10,"enemies":"3 Darklings","floor":37,"turns":6},{"damage":13,"enemies":"Reptomancer","floor":41,"turns":6},{"damage":3,"enemies":"Transient","floor":42,"turns":6},{"damage":24,"enemies":"Nemesis","floor":45,"turns":11},{"damage":39,"enemies":"Sphere and 2 Shapes","floor":47,"turns":5}],"seed_played":"8453966577335836515","potions_obtained":[{"floor":4.0,"key":"Fire Potion"},{"floor":5.0,"key":"Dexterity Potion"},{"floor":7.0,"key":"GhostInAJar"},{"floor":8.0,"key":"SkillPotion"},{"floor":12.0,"key":"Weak Potion"},{"floor":16.0,"key":"GhostInAJar"},{"floor":24,"key":"Regen Potion"},{"floor":29,"key":"Explosive Potion"},{"floor":31,"key":"FearPotion"},{"floor":34,"key":"EssenceOfSteel"},{"floor":37,"key":"LiquidBronze"}],"is_trial":false,"path_per_floor":["M","M","$","M","M","R","E","M","T","R","M","E","M","?","R","B",null,"M","M","?","?","M","R","M","R","T","M","M","E","M","M","R","B",null,"M","$","M","?","$","R","E","M","T","$","E","R","M"],"character_chosen":"THE_SILENT","items_purchased":[],"campfire_rested":6,"item_purchase_floors":[],"current_hp_per_floor":[59,57,57,57,52,52,20,3,3,21,20,20,19,19,37,12,50,45,31,31,31,23,41,35,53,53,49,46,43,40,35,53,52,65,65,65,55,55,55,55,42,39,39,39,15,35,0],"gold":15,"neow_bonus":"THREE_RARE_CARDS","is_prod":false,"is_daily":false,"chose_seed":false,"campfire_upgraded":2,"win_rate":0,"timestamp":1549216905,"path_taken":["M","M","$","M","M","R","E","M","T","R","M","E","M","?","R","BOSS","M","M","?","?","M","R","M","R","T","M","M","E","M","M","R","BOSS","M","?","M","?","$","R","E","M","T","$","E","R","M"],"build_version":"2019-01-23","purchased_purges":1,"victory":false,"max_hp_per_floor":[66,66,63,63,63,63,63,63,63,63,63,63,63,63,63,63,63,63,63,63,63,63,63,63,63,63,63,63,63,63,63,63,63,68,68,68,68,68,68,68,68,68,68,68,68,68,68],"card_choices":[{"not_picked":["Venomology","Wraith Form v2"],"picked":"Glass Knife","floor":0.0},{"not_picked":["Slice","Outmaneuver","Flying Knee"],"picked":"SKIP","floor":1.0},{"not_picked":["Quick Slash","Bane"],"picked":"Cloak And Dagger","floor":2.0},{"not_picked":["Eviscerate","Dagger Spray"],"picked":"Terror","floor":4.0},{"not_picked":["Underhanded Strike","Calculated Gamble"],"picked":"Blade Dance","floor":5.0},{"not_picked":["Dagger Throw","Setup"],"picked":"Cloak And Dagger","floor":7.0},{"not_picked":["Blur","Acrobatics"],"picked":"Malaise","floor":8.0},{"not_picked":["PiercingWail","Deflect"],"picked":"Cloak And Dagger","floor":11.0},{"not_picked":["Dagger Spray","Deadly Poison"],"picked":"Cloak And Dagger","floor":12.0},{"not_picked":["Bane","Calculated Gamble"],"picked":"Well Laid Plans","floor":13.0},{"not_picked":["Phantasmal Killer","Glass Knife"],"picked":"A Thousand Cuts","floor":16.0},{"not_picked":["Finisher","Slice"],"picked":"Blur","floor":18},{"not_picked":["Deadly Poison","Underhanded Strike","Poisoned Stab"],"picked":"SKIP","floor":19},{"not_picked":["Underhanded Strike","Calculated Gamble"],"picked":"Leg Sweep","floor":22},{"not_picked":["Riddle With Holes","Finisher"],"picked":"Prepared+1","floor":24},{"not_picked":["Sucker Punch","Flying Knee+1"],"picked":"Cloak And Dagger","floor":27},{"not_picked":["Flying Knee","Outmaneuver+1"],"picked":"Backflip+1","floor":28},{"not_picked":["Poisoned Stab","Quick Slash","Tactician"],"picked":"SKIP","floor":29},{"not_picked":["Heel Hook","Storm of Steel"],"picked":"Calculated Gamble+1","floor":30},{"not_picked":["Predator","Dagger Spray+1"],"picked":"Blade Dance","floor":31},{"not_picked":["Tools of the Trade","Die Die Die"],"picked":"Malaise","floor":33},{"not_picked":["Deadly Poison","Underhanded Strike"],"picked":"Deflect","floor":34},{"not_picked":["Poisoned Stab","Prepared"],"picked":"Deflect+1","floor":35},{"not_picked":["Backflip","Underhanded Strike"],"picked":"Acrobatics+1","floor":37},{"not_picked":["Crippling Poison","Slice"],"picked":"Blur+1","floor":41},{"not_picked":["Terror","Poisoned Stab"],"picked":"After Image","floor":42},{"not_picked":["PiercingWail","Outmaneuver"],"picked":"Deflect+1","floor":42},{"not_picked":["Tactician","Skewer","Dagger Throw"],"picked":"SKIP","floor":45}],"player_experience":631948,"relics_obtained":[{"floor":7.0,"key":"Incense Burner"},{"floor":9.0,"key":"Letter Opener"},{"floor":12.0,"key":"Sundial"},{"floor":26,"key":"Kunai"},{"floor":29,"key":"Bag of Marbles"},{"floor":41,"key":"Prayer Wheel"},{"floor":45,"key":"The Specimen"}],"event_choices":[{"damage_healed":0.0,"max_hp_gain":0.0,"max_hp_loss":0.0,"gold_gain":0.0,"event_name":"World of Goop","player_choice":"Left Gold","floor":14.0,"gold_loss":64.0,"damage_taken":0.0},{"damage_healed":0,"gold_gain":0,"player_choice":"Obtained Relic","damage_taken":0,"relics_obtained":["Darkstone Periapt"],"max_hp_gain":0,"max_hp_loss":0,"event_name":"Addict","floor":20,"gold_loss":85},{"damage_healed":0,"gold_gain":0,"cards_transformed":["Strike_G"],"player_choice":"Transformed","damage_taken":0,"max_hp_gain":0,"max_hp_loss":0,"event_name":"Transmorgrifier","floor":21,"gold_loss":0,"cards_obtained":["Accuracy"]},{"cards_removed":["Strike_G"],"damage_healed":0,"gold_gain":0,"player_choice":"Removed Attack","damage_taken":0,"max_hp_gain":0,"max_hp_loss":0,"event_name":"Falling","floor":38,"gold_loss":0}],"is_beta":false,"boss_relics":[{"not_picked":["Astrolabe","Snecko Eye"],"picked":"Ectoplasm"},{"not_picked":["Velvet Choker","Busted Crown"],"picked":"Tiny House"}],"items_purged_floors":[3],"is_endless":false,"potions_floor_spawned":[4,5,7,8,12,13,16,18,24,29,31,37],"killed_by":"Sphere and 2 Shapes","ascension_level":20}