{"gold_per_floor":[119,131,4,24,24,24,24,24,24,37,72,72,82,115,115,217,217,230,250,28,44,144,144,44,44,97,111,36,56,74,74],"floor_reached":31,"playtime":2463,"items_purged":["Strike_R","Strike_R"],"score":247,"play_id":"fd75d366-a90c-4555-8299-47eb40adc2fc","local_time":"20190119201029","is_ascension_mode":false,"campfire_choices":[{"data":"Whirlwind","floor":6,"key":"SMITH"},{"data":"Infernal Blade","floor":8,"key":"SMITH"},{"data":"Metallicize","floor":12,"key":"SMITH"},{"data":"Spot Weakness","floor":15,"key":"SMITH"},{"floor":23,"key":"REST"}],"neow_cost":"NONE","seed_source_timestamp":503867705597747,"circlet_count":0,"master_deck":["Strike_R","Strike_R","Defend_R","Defend_R+1","Defend_R+1","Defend_R","Bash","Combust","Infernal Blade+1","Shrug It Off","Havoc","Iron Wave","Whirlwind+1","Spot Weakness+1","Metallicize+1","Inflame","Demon Form","True Grit+1","Body Slam","Impervious","Carnage","Shockwave","Uppercut","Ghostly Armor"],"relics":["Burning Blood","Gremlin Horn","Pantograph","Question Card","Fusion Hammer","War Paint","Unceasing Top","Bottled Tornado","Blood Vial"],"potions_floor_usage":[13,13,14,16,19,22,27],"damage_taken":[{"damage":5,"enemies":"Cultist","floor":1,"turns":4},{"damage":2,"enemies":"2 Louse","floor":2,"turns":2},{"damage":6,"enemies":"Small Slimes","floor":4,"turns":3},{"damage":11,"enemies":"Exordium Wildlife","floor":10,"turns":2},{"damage":27,"enemies":"Gremlin Nob","floor":11,"turns":4},{"damage":0,"enemies":"Exordium Thugs","floor":13,"turns":4},{"damage":11,"enemies":"3 Sentries","floor":14,"turns":3},{"damage":33,"enemies":"The Guardian","floor":16,"turns":11},{"damage":15,"enemies":"3 Byrds","floor":18,"turns":4},{"damage":5,"enemies":"Chosen","floor":19,"turns":6},{"damage":9,"enemies":"3 Cultists","floor":21,"turns":3},{"damage":17,"enemies":"Colosseum Slavers","floor":22,"turns":5},{"damage":28,"enemies":"Colosseum Nobs","floor":22,"turns":5},{"damage":27,"enemies":"Shelled Parasite and Fungi","floor":27,"turns":3},{"damage":17,"enemies":"Snake Plant","floor":29,"turns":4},{"damage":31,"enemies":"Centurion and Healer","floor":30,"turns":4},{"damage":12,"enemies":"3 Cultists","floor":31,"turns":3}],"seed_played":"-74689090658475249","potions_obtained":[{"floor":4,"key":"BloodPotion"},{"floor":10,"key":"Dexterity Potion"},{"floor":11,"key":"GamblersBrew"},{"floor":13,"key":"Fire Potion"},{"floor":14,"key":"Weak Potion"},{"floor":21,"key":"EssenceOfSteel"},{"floor":22,"key":"Fire Potion"}],"is_trial":false,"path_per_floor":["M","M","$","M","?","R","$","R","T","M","E","R","M","E","R","B",null,"M","M","$","M","?","R","$","?","T","M","$","M","M","M"],"character_chosen":"IRONCLAD","items_purchased":["Shrug It Off","Havoc","Iron Wave","War Paint","Uppercut"],"campfire_rested":1,"item_purchase_floors":[3,3,3,20,28],"current_hp_per_floor":[80,80,80,80,73,73,73,73,73,68,47,47,61,56,56,53,80,71,72,72,69,36,60,60,60,60,41,41,32,9,0],"gold":74,"neow_bonus":"THREE_CARDS","is_prod":false,"is_daily":false,"chose_seed":false,"campfire_upgraded":4,"win_rate":0,"timestamp":1547946629,"path_taken":["M","M","?","M","?","R","$","R","T","M","E","R","M","E","R","BOSS","M","M","$","M","?","R","$","?","T","M","?","?","M","M"],"build_version":"2019-01-17v2","purchased_purges":2,"victory":false,"max_hp_per_floor":[80,80,80,80,80,80,80,80,80,80,80,80,80,80,80,80,80,80,80,80,80,80,80,80,80,80,80,80,80,80,80],"card_choices":[{"not_picked":["Headbutt","Thunderclap"],"picked":"Combust","floor":0},{"not_picked":["Sword Boomerang","Corruption","Perfected Strike"],"picked":"SKIP","floor":1},{"not_picked":["Thunderclap","Bloodletting"],"picked":"Infernal Blade","floor":2},{"not_picked":["Clothesline","Shrug It Off"],"picked":"Whirlwind","floor":4},{"not_picked":["Clothesline","Warcry"],"picked":"Spot Weakness","floor":10},{"not_picked":["Twin Strike","Flex"],"picked":"Metallicize","floor":11},{"not_picked":["Ghostly Armor","Body Slam"],"picked":"Inflame","floor":13},{"not_picked":["Headbutt","Havoc","Searing Blow"],"picked":"SKIP","floor":14},{"not_picked":["Feed","Barricade","Immolate"],"picked":"Demon Form","floor":16},{"not_picked":["Hemokinesis+1","Reckless Charge","Entrench"],"picked":"True Grit+1","floor":18},{"not_picked":["Wild Strike+1","Sword Boomerang","Perfected Strike"],"picked":"Body Slam","floor":19},{"not_picked":["Warcry","Whirlwind","Clothesline"],"picked":"Impervious","floor":21},{"not_picked":["Corruption","Dropkick","Flex"],"picked":"Carnage","floor":22},{"not_picked":["Wild Strike+1","Havoc","True Grit+1"],"picked":"Shockwave","floor":27},{"not_picked":["Iron Wave","Twin Strike","Thunderclap","Perfected Strike"],"picked":"SKIP","floor":29},{"not_picked":["Seeing Red","Flex","Wild Strike"],"picked":"Ghostly Armor","floor":30}],"player_experience":68996,"relics_obtained":[{"floor":9,"key":"Gremlin Horn"},{"floor":11,"key":"Pantograph"},{"floor":14,"key":"Question Card"},{"floor":22,"key":"Unceasing Top"},{"floor":22,"key":"Bottled Tornado"},{"floor":26,"key":"Blood Vial"}],"event_choices":[{"cards_removed":["Strike_R"],"damage_healed":0,"gold_gain":0,"player_choice":"Card Removal","damage_taken":7,"max_hp_gain":0,"max_hp_loss":0,"event_name":"Golden Wing","floor":5,"gold_loss":0},{"damage_healed":0,"gold_gain":0,"player_choice":"Fight","damage_taken":0,"max_hp_gain":0,"max_hp_loss":0,"event_name":"Colosseum","floor":22,"gold_loss":0},{"damage_healed":0,"gold_gain":0,"player_choice":"Fought Nobs","damage_taken":0,"max_hp_gain":0,"max_hp_loss":0,"event_name":"Colosseum","floor":22,"gold_loss":0},{"damage_healed":0,"gold_gain":0,"player_choice":"Ignored","damage_taken":0,"max_hp_gain":0,"max_hp_loss":0,"event_name":"Beggar","floor":25,"gold_loss":0}],"is_beta":false,"boss_relics":[{"not_picked":["Cursed Key","Empty Cage"],"picked":"Fusion Hammer"}],"items_purged_floors":[20,24],"is_endless":false,"potions_floor_spawned":[4,10,11,13,14,21,22,22],"killed_by":"3 Cultists","ascension_level":0}