{"gold_per_floor":[117,132,149,249,266,266,300,300,300,300,314,332,347,363,363,461,461,473,493,507,203,223,223,223],"floor_reached":24,"playtime":1276,"items_purged":["Strike_B"],"score":214,"play_id":"8da41ca5-7eb8-44fe-88fe-b2891271cd23","local_time":"20190112170636","is_ascension_mode":true,"campfire_choices":[{"data":"Consume","floor":6,"key":"SMITH"},{"floor":8,"key":"REST"},{"floor":10,"key":"REST"},{"floor":15,"key":"REST"},{"floor":23,"key":"REST"}],"neow_cost":"NONE","seed_source_timestamp":919498442999307,"circlet_count":0,"master_deck":["Strike_B","Strike_B","Strike_B","Defend_B","Defend_B","Defend_B","Defend_B","Zap","Dualcast","Conserve Battery","Consume+1","Capacitor","Ball Lightning","Redo","Ball Lightning","Cold Snap","Chaos","Defragment+1","Seek","FTL","Ball Lightning+1","Hologram","Glacier"],"relics":["Cracked Core","Letter Opener","Frozen Egg 2","Black Star","Toy Ornithopter"],"potions_floor_usage":[],"damage_taken":[{"damage":2,"enemies":"2 Louse","floor":1,"turns":2},{"damage":3,"enemies":"Cultist","floor":2,"turns":4},{"damage":5,"enemies":"Small Slimes","floor":3,"turns":4},{"damage":9,"enemies":"3 Louse","floor":5,"turns":4},{"damage":56,"enemies":"Gremlin Nob","floor":7,"turns":6},{"damage":8,"enemies":"Large Slime","floor":11,"turns":5},{"damage":10,"enemies":"Looter","floor":12,"turns":3},{"damage":6,"enemies":"3 Louse","floor":13,"turns":3},{"damage":10,"enemies":"Blue Slaver","floor":14,"turns":3},{"damage":14,"enemies":"Slime Boss","floor":16,"turns":8},{"damage":21,"enemies":"Shell Parasite","floor":18,"turns":6},{"damage":11,"enemies":"Spheric Guardian","floor":19,"turns":5},{"damage":32,"enemies":"Chosen and Byrds","floor":20,"turns":6},{"damage":9,"enemies":"Centurion and Healer","floor":22,"turns":6},{"damage":35,"enemies":"Book of Stabbing","floor":24,"turns":5}],"seed_played":"-1811701028570844035","potions_obtained":[{"floor":5,"key":"Swift Potion"},{"floor":7,"key":"LiquidBronze"},{"floor":11,"key":"SneckoOil"},{"floor":16,"key":"EntropicBrew"}],"is_trial":false,"path_per_floor":["M","M","M","?","M","R","E","R","T","R","M","M","M","M","R","B",null,"M","M","M","$","M","R","E"],"character_chosen":"DEFECT","items_purchased":["Toy Ornithopter","Hologram"],"campfire_rested":4,"item_purchase_floors":[21,21],"current_hp_per_floor":[80,77,72,72,63,63,7,31,31,55,47,37,31,21,45,31,82,61,50,18,18,9,33,0],"gold":223,"neow_bonus":"TEN_PERCENT_HP_BONUS","is_prod":false,"is_daily":false,"chose_seed":false,"campfire_upgraded":1,"win_rate":0,"timestamp":1547309196,"path_taken":["M","M","M","?","?","R","E","R","T","R","M","M","M","M","R","BOSS","M","M","?","$","M","R","E"],"build_version":"2019-01-10","purchased_purges":1,"victory":false,"max_hp_per_floor":[82,82,82,82,82,82,82,82,82,82,82,82,82,82,82,82,82,82,82,82,82,82,82,82],"card_choices":[{"not_picked":["Rebound","Hologram"],"picked":"Conserve Battery","floor":1},{"not_picked":["Sweeping Beam","Go for the Eyes"],"picked":"Consume","floor":2},{"not_picked":["Steam","Turbo"],"picked":"Capacitor","floor":3},{"not_picked":["Genetic Algorithm","Echo Form"],"picked":"Ball Lightning","floor":5},{"not_picked":["Steam Power","Leap"],"picked":"Redo","floor":7},{"not_picked":["Scrape","Buffer+1"],"picked":"Ball Lightning","floor":11},{"not_picked":["Streamline","Stack"],"picked":"Cold Snap","floor":12},{"not_picked":["Stack","Beam Cell"],"picked":"Chaos","floor":13},{"not_picked":["Compile Driver","Aggregate"],"picked":"Defragment+1","floor":14},{"not_picked":["Hyperbeam","Meteor Strike"],"picked":"Seek","floor":16},{"not_picked":["Lockon+1","Ball Lightning","Turbo"],"picked":"SKIP","floor":18},{"not_picked":["Streamline+1","Sweeping Beam+1"],"picked":"FTL","floor":19},{"not_picked":["Go for the Eyes","Lockon"],"picked":"Ball Lightning+1","floor":20},{"not_picked":["Doom and Gloom","Steam Power"],"picked":"Glacier","floor":22}],"player_experience":152198,"relics_obtained":[{"floor":7,"key":"Letter Opener"},{"floor":9,"key":"Frozen Egg 2"}],"event_choices":[{"damage_healed":0,"gold_gain":100,"player_choice":"Pray","damage_taken":0,"max_hp_gain":0,"max_hp_loss":0,"event_name":"Golden Shrine","floor":4,"gold_loss":0}],"is_beta":false,"boss_relics":[{"not_picked":["Velvet Choker","Empty Cage"],"picked":"Black Star"}],"items_purged_floors":[21],"is_endless":false,"potions_floor_spawned":[5,7,11,16,19,20,22],"killed_by":"Book of Stabbing","ascension_level":1}