{"gold_per_floor":[116,116,116,136,153,180,197,223,223,223,233,268,88,101,101,202,202,215,215,215,215,226,226,255,255,308,338,351,351,351,363,363,465,465,476,525,544,32,45,45,60,60,60,72,83,98,116,0,0,0],"floor_reached":51,"playtime":2790,"items_purged":["Regret"],"score":860,"play_id":"a95a5551-3f90-43bd-8f27-5ebef6da041b","local_time":"20180912164728","is_ascension_mode":true,"campfire_choices":[{"floor":10,"key":"REST"},{"data":"Static Discharge","floor":15,"key":"SMITH"},{"data":"Fission","floor":23,"key":"SMITH"},{"data":"Consume","floor":25,"key":"SMITH"},{"data":"Electrodynamics","floor":30,"key":"SMITH"},{"data":"Capacitor","floor":32,"key":"SMITH"},{"data":"Multi-Cast","floor":40,"key":"SMITH"},{"floor":42,"key":"REST"},{"floor":49,"key":"REST"}],"neow_cost":"NONE","seed_source_timestamp":69513479692903,"circlet_count":0,"master_deck":["Defend_B","Defend_B+1","Defend_B","Zap","Dualcast","Conserve Battery","Glacier","Conserve Battery+1","Self Repair","Static Discharge+1","Electrodynamics+1","Capacitor+1","Ball Lightning","Fission+1","Steam+1","BootSequence+1","Genetic Algorithm+1","Stack+1","Bite","Bite","Bite","Bite","Bite","Consume+1","Capacitor","Capacitor+1","Self Repair+1","Static Discharge+1","Multi-Cast+1","Go for the Eyes","Fission+1","Creative AI","Barrage+1"],"relics":["Cracked Core","NeowsBlessing","Ancient Tea Set","Anchor","Pear","Singing Bowl","Astrolabe","MutagenicStrength","War Paint","Smiling Mask","Oddly Smooth Stone","Eternal Feather","Prayer Wheel","DollysMirror","Incense Burner","Gambling Chip","Red Mask"],"potions_floor_usage":[6,8,36,50],"damage_taken":[{"damage":0,"enemies":"Cultist","floor":1,"turns":1},{"damage":0,"enemies":"2 Louse","floor":4,"turns":1},{"damage":0,"enemies":"Small Slimes","floor":5,"turns":1},{"damage":29,"enemies":"Lagavulin","floor":6,"turns":10},{"damage":5,"enemies":"2 Fungi Beasts","floor":7,"turns":6},{"damage":35,"enemies":"Gremlin Nob","floor":8,"turns":6},{"damage":3,"enemies":"Exordium Thugs","floor":11,"turns":3},{"damage":13,"enemies":"3 Sentries","floor":12,"turns":5},{"damage":0,"enemies":"Gremlin Gang","floor":14,"turns":3},{"damage":34,"enemies":"The Guardian","floor":16,"turns":8},{"damage":20,"enemies":"Chosen","floor":18,"turns":5},{"damage":17,"enemies":"Spheric Guardian","floor":22,"turns":5},{"damage":27,"enemies":"Slavers","floor":24,"turns":5},{"damage":28,"enemies":"Book of Stabbing","floor":27,"turns":8},{"damage":1,"enemies":"Centurion and Healer","floor":28,"turns":10},{"damage":2,"enemies":"Snake Plant","floor":31,"turns":5},{"damage":42,"enemies":"Automaton","floor":33,"turns":9},{"damage":2,"enemies":"3 Darklings","floor":35,"turns":3},{"damage":41,"enemies":"Mysterious Sphere","floor":36,"turns":4},{"damage":0,"enemies":"3 Shapes","floor":37,"turns":2},{"damage":49,"enemies":"Maw","floor":39,"turns":8},{"damage":69,"enemies":"Jaw Worm Horde","floor":41,"turns":5},{"damage":23,"enemies":"Reptomancer","floor":44,"turns":6},{"damage":0,"enemies":"4 Shapes","floor":45,"turns":4},{"damage":81,"enemies":"Transient","floor":46,"turns":5},{"damage":28,"enemies":"Maw","floor":47,"turns":7},{"damage":70,"enemies":"Donu and Deca","floor":50,"turns":7}],"seed_played":"-2624429576587982901","potions_obtained":[{"floor":2,"key":"Dexterity Potion"},{"floor":2,"key":"Weak Potion"},{"floor":2,"key":"Fruit Juice"},{"floor":7,"key":"FearPotion"},{"floor":11,"key":"SteroidPotion"},{"floor":16,"key":"Explosive Potion"},{"floor":18,"key":"FairyPotion"},{"floor":24,"key":"Block Potion"},{"floor":37,"key":"EntropicBrew"}],"is_trial":false,"path_per_floor":["M","?","?","M","M","E","M","E","T","R","M","E","$","M","R","B",null,"M","?","?","?","M","R","E","R","T","E","M","?","R","M","R","B",null,"M","?","M","$","M","R","M","R","T","M","M","M","M","?","R","B"],"character_chosen":"DEFECT","items_purchased":["Capacitor","Ball Lightning","DollysMirror","Incense Burner"],"campfire_rested":3,"item_purchase_floors":[13,13,38,38],"current_hp_per_floor":[75,75,75,75,75,51,53,35,35,62,61,59,59,63,63,38,94,81,81,81,81,79,79,65,65,65,56,78,78,78,94,94,79,94,96,72,76,76,58,76,25,75,75,79,85,31,36,36,90,24],"gold":0,"neow_bonus":"THREE_ENEMY_KILL","is_prod":false,"is_daily":false,"chose_seed":false,"campfire_upgraded":6,"win_rate":0,"timestamp":1536738448,"path_taken":["M","?","?","M","?","E","?","E","T","R","?","E","$","M","R","BOSS","M","?","?","?","M","R","E","R","T","E","?","?","R","M","R","BOSS","M","?","?","$","M","R","M","R","T","M","M","M","M","?","R","BOSS"],"build_version":"2018-09-10","purchased_purges":1,"victory":true,"max_hp_per_floor":[75,75,75,75,75,80,80,90,90,90,90,92,92,94,94,94,94,94,94,94,94,94,94,94,94,94,94,94,94,94,94,94,94,94,96,96,100,100,104,104,108,108,108,108,112,116,120,120,120,120],"card_choices":[{"not_picked":["Rebound","Storm"],"picked":"Conserve Battery","floor":1},{"not_picked":["Stack","Rebound"],"picked":"Glacier","floor":4},{"not_picked":["Heatsinks","Compile Driver"],"picked":"Conserve Battery","floor":5},{"not_picked":["Conserve Battery","Heatsinks"],"picked":"Self Repair","floor":6},{"not_picked":["Auto Shields","Doom and Gloom"],"picked":"Static Discharge","floor":7},{"not_picked":["Redo","Ball Lightning"],"picked":"Electrodynamics","floor":8},{"not_picked":["Blizzard","Heatsinks","Sweeping Beam"],"picked":"SKIP","floor":11},{"not_picked":["Darkness","Redo","Ball Lightning"],"picked":"Singing Bowl","floor":12},{"not_picked":["Turbo","Tempest","Hologram"],"picked":"Singing Bowl","floor":14},{"not_picked":["Hyperbeam","Echo Form"],"picked":"Fission","floor":16},{"not_picked":["Go for the Eyes+1","Redo"],"picked":"Stack+1","floor":18},{"not_picked":["Rebound","Chaos+1"],"picked":"Consume","floor":22},{"not_picked":["Rip and Tear","Sweeping Beam+1"],"picked":"Capacitor","floor":24},{"not_picked":["Skim","Hologram"],"picked":"Capacitor+1","floor":27},{"not_picked":["Stack","Steam"],"picked":"Self Repair+1","floor":28},{"not_picked":["Undo+1","Steam Power"],"picked":"Static Discharge+1","floor":31},{"not_picked":["Reboot","All For One"],"picked":"Multi-Cast","floor":33},{"not_picked":["Scrape+1","Double Energy","Streamline"],"picked":"Singing Bowl","floor":35},{"not_picked":["Hologram","Auto Shields+1"],"picked":"Go for the Eyes","floor":36},{"not_picked":["Beam Cell","Streamline","Stack"],"picked":"Singing Bowl","floor":37},{"not_picked":["Go for the Eyes","Auto Shields+1","Multi-Cast"],"picked":"Singing Bowl","floor":37},{"not_picked":["Coolheaded+1","Turbo","Go for the Eyes"],"picked":"Singing Bowl","floor":39},{"not_picked":["Coolheaded","Storm","Rebound"],"picked":"Singing Bowl","floor":39},{"not_picked":["Hologram+1","Tempest+1","Barrage+1"],"picked":"Singing Bowl","floor":41},{"not_picked":["Self Repair+1","Barrage","Hologram+1"],"picked":"Singing Bowl","floor":41},{"not_picked":["Gash","Static Discharge"],"picked":"Creative AI","floor":44},{"not_picked":["BootSequence+1","Hologram+1"],"picked":"Barrage+1","floor":44},{"not_picked":["Stack","Self Repair+1","Go for the Eyes+1"],"picked":"Singing Bowl","floor":45},{"not_picked":["White Noise","Consume","Tempest"],"picked":"Singing Bowl","floor":45},{"not_picked":["Lockon","Steam","Turbo"],"picked":"Singing Bowl","floor":46},{"not_picked":["Stack","Coolheaded","Hologram+1"],"picked":"Singing Bowl","floor":46},{"not_picked":["Recycle+1","Steam+1","Darkness"],"picked":"Singing Bowl","floor":47},{"not_picked":["Glacier+1","Sweeping Beam","Compile Driver+1"],"picked":"Singing Bowl","floor":47}],"player_experience":415755,"relics_obtained":[{"floor":6,"key":"Anchor"},{"floor":8,"key":"Pear"},{"floor":9,"key":"Blood Vial"},{"floor":12,"key":"Singing Bowl"},{"floor":24,"key":"War Paint"},{"floor":26,"key":"Smiling Mask"},{"floor":27,"key":"Oddly Smooth Stone"},{"floor":36,"key":"Prayer Wheel"},{"floor":43,"key":"Gambling Chip"}],"event_choices":[{"event_name":"The Lab","player_choice":"Got Potions","floor":2,"damage_taken":0},{"event_name":"Big Fish","player_choice":"Box","floor":3,"damage_taken":0},{"event_name":"Vampires","player_choice":"Became a vampire (Vial)","floor":19,"damage_taken":0},{"event_name":"Ghosts","player_choice":"Ignored","floor":20,"damage_taken":0},{"event_name":"Drug Dealer","player_choice":"Inject Mutagens","floor":21,"damage_taken":0},{"event_name":"Back to Basics","player_choice":"Elegance","floor":29,"damage_taken":0},{"event_name":"Mysterious Sphere","player_choice":"Fight","floor":36,"damage_taken":0},{"event_name":"Tomb of Lord Red Mask","player_choice":"Paid","floor":48,"damage_taken":0}],"is_beta":true,"boss_relics":[{"not_picked":["Ectoplasm","White Beast Statue"],"picked":"Astrolabe"},{"not_picked":["Busted Crown","Runic Pyramid"],"picked":"Eternal Feather"}],"items_purged_floors":[13],"is_endless":false,"potions_floor_spawned":[4,5,7,11,16,18,24,28,37,41,45],"ascension_level":3}