{"gold_per_floor":[118,118,118,128,128,128,162,162,233,251,238,270,270,28,28,125,125,138,151,76,86,86,86,102,137,137,165,183,183,194,206,206,206],"floor_reached":33,"playtime":3569,"items_purged":["Strike_G"],"score":322,"play_id":"9e4cca8b-a7b9-4b56-96c5-88911c9f2e66","local_time":"20190208133543","is_ascension_mode":false,"campfire_choices":[{"floor":6,"key":"RECALL"},{"floor":8,"key":"REST"},{"data":"Neutralize","floor":15,"key":"SMITH"},{"data":"Wraith Form v2","floor":23,"key":"SMITH"},{"data":"RitualDagger","floor":29,"key":"SMITH"},{"floor":32,"key":"REST"}],"neow_cost":"NONE","seed_source_timestamp":604938408908509,"circlet_count":0,"master_deck":["Defend_G","Defend_G","Defend_G","Defend_G","Defend_G","Strike_G","Strike_G","Survivor","Neutralize+1","Dagger Spray","Backflip","PiercingWail","Deadly Poison","Quick Slash","Dagger Throw","Noxious Fumes","Acrobatics","Deflect","Wraith Form v2+1","Parasite","Injury","Clumsy","Poisoned Stab","Well Laid Plans+1","Bouncing Flask","RitualDagger+1","Prepared","Prepared","PiercingWail","Setup+1","Terror+1","Catalyst+1"],"relics":["Ring of the Snake","Tough Bandages","Bronze Scales","Shuriken","Gambling Chip","Calling Bell","Snake Skull","Kunai","Nunchaku","Strawberry","Dead Branch"],"potions_floor_usage":[7,24,27,27,33,33],"damage_taken":[{"damage":0,"enemies":"2 Louse","floor":1,"turns":3},{"damage":4,"enemies":"Cultist","floor":4,"turns":4},{"damage":31,"enemies":"3 Sentries","floor":7,"turns":13},{"damage":0,"enemies":"Jaw Worm","floor":10,"turns":3},{"damage":0,"enemies":"Exordium Thugs","floor":11,"turns":5},{"damage":14,"enemies":"Lagavulin","floor":12,"turns":5},{"damage":4,"enemies":"The Guardian","floor":16,"turns":9},{"damage":0,"enemies":"Shell Parasite","floor":18,"turns":5},{"damage":6,"enemies":"2 Thieves","floor":19,"turns":3},{"damage":0,"enemies":"Centurion and Healer","floor":21,"turns":7},{"damage":19,"enemies":"3 Cultists","floor":24,"turns":5},{"damage":4,"enemies":"Book of Stabbing","floor":25,"turns":6},{"damage":9,"enemies":"Gremlin Leader","floor":27,"turns":7},{"damage":3,"enemies":"Shelled Parasite and Fungi","floor":28,"turns":6},{"damage":11,"enemies":"Sentry and Sphere","floor":30,"turns":7},{"damage":3,"enemies":"Centurion and Healer","floor":31,"turns":8},{"damage":62,"enemies":"Automaton","floor":33,"turns":6}],"seed_played":"-5319166985224693028","potions_obtained":[{"floor":4,"key":"Block Potion"},{"floor":7,"key":"EssenceOfSteel"},{"floor":16,"key":"SneckoOil"},{"floor":19,"key":"Strength Potion"},{"floor":21,"key":"EssenceOfSteel"},{"floor":25,"key":"Fire Potion"},{"floor":30,"key":"Fire Potion"},{"floor":31,"key":"Dexterity Potion"}],"is_trial":false,"path_per_floor":["M","?","?","M","?","R","E","R","T","M","M","E","?","$","R","B",null,"M","M","?","M","?","R","M","E","T","E","M","R","M","M","R","B"],"character_chosen":"THE_SILENT","items_purchased":["Noxious Fumes","Acrobatics","Deflect"],"campfire_rested":2,"item_purchase_floors":[14,14,14],"current_hp_per_floor":[77,82,75,71,71,71,40,64,64,64,64,50,50,50,50,46,82,82,76,76,76,70,70,51,54,54,45,42,42,31,28,54,0],"gold":206,"neow_bonus":"TEN_PERCENT_HP_BONUS","is_prod":false,"is_daily":false,"chose_seed":false,"campfire_upgraded":3,"win_rate":0,"timestamp":1549629343,"path_taken":["M","?","?","M","?","R","E","R","T","?","M","E","?","$","R","BOSS","M","M","?","M","?","R","M","E","T","E","?","R","M","M","R","BOSS"],"build_version":"2019-01-23","purchased_purges":1,"victory":false,"max_hp_per_floor":[77,82,82,82,82,82,82,82,82,82,82,82,82,82,82,82,82,82,82,82,82,82,82,82,89,89,89,89,89,89,89,89,89],"card_choices":[{"not_picked":["Acrobatics","Eviscerate"],"picked":"Dagger Spray","floor":1},{"not_picked":["Slice","Reflex"],"picked":"Backflip","floor":4},{"not_picked":["Acrobatics","Backflip"],"picked":"PiercingWail","floor":7},{"not_picked":["Deflect","Heel Hook"],"picked":"Deadly Poison","floor":10},{"not_picked":["Slice","Glass Knife"],"picked":"Quick Slash","floor":11},{"not_picked":["PiercingWail","Heel Hook"],"picked":"Dagger Throw","floor":12},{"not_picked":["Bullet Time","Doppelganger"],"picked":"Wraith Form v2","floor":16},{"not_picked":["Deflect","Underhanded Strike"],"picked":"Poisoned Stab","floor":18},{"not_picked":["A Thousand Cuts","Masterful Stab"],"picked":"Well Laid Plans+1","floor":19},{"not_picked":["PiercingWail","Choke"],"picked":"Bouncing Flask","floor":21},{"not_picked":["Finisher","Eviscerate+1"],"picked":"Prepared","floor":24},{"not_picked":["Heel Hook","Deadly Poison+1"],"picked":"Prepared","floor":25},{"not_picked":["Accuracy","Infinite Blades"],"picked":"PiercingWail","floor":27},{"not_picked":["Expertise+1","Deflect"],"picked":"Setup+1","floor":28},{"not_picked":["Sucker Punch","Dodge and Roll"],"picked":"Terror+1","floor":30},{"not_picked":["Finisher","Die Die Die"],"picked":"Catalyst+1","floor":31}],"player_experience":603918,"relics_obtained":[{"floor":7,"key":"Bronze Scales"},{"floor":9,"key":"Shuriken"},{"floor":12,"key":"Gambling Chip"},{"floor":17,"key":"Snake Skull"},{"floor":17,"key":"Kunai"},{"floor":17,"key":"Nunchaku"},{"floor":25,"key":"Strawberry"},{"floor":27,"key":"Dead Branch"}],"event_choices":[{"damage_healed":0,"gold_gain":0,"player_choice":"Donut","damage_taken":0,"max_hp_gain":5,"max_hp_loss":0,"event_name":"Big Fish","floor":2,"gold_loss":0},{"damage_healed":0,"gold_gain":0,"player_choice":"Success","damage_taken":7,"relics_obtained":["Tough Bandages"],"max_hp_gain":0,"max_hp_loss":0,"event_name":"Scrap Ooze","floor":3,"gold_loss":0},{"damage_healed":0,"gold_gain":0,"player_choice":"Ignored","damage_taken":0,"max_hp_gain":0,"max_hp_loss":0,"event_name":"NoteForYourself","floor":5,"gold_loss":0},{"cards_removed":["Strike_G"],"damage_healed":0,"gold_gain":0,"player_choice":"Purged","damage_taken":0,"max_hp_gain":0,"max_hp_loss":0,"event_name":"Purifier","floor":13,"gold_loss":0},{"cards_removed":["Strike_G"],"damage_healed":0,"gold_gain":0,"player_choice":"Gave Gold","damage_taken":0,"max_hp_gain":0,"max_hp_loss":0,"event_name":"Beggar","floor":20,"gold_loss":75},{"damage_healed":0,"gold_gain":0,"player_choice":"Joined the Cult","damage_taken":6,"max_hp_gain":0,"max_hp_loss":0,"event_name":"Nest","floor":22,"gold_loss":0,"cards_obtained":["RitualDagger"]}],"is_beta":false,"boss_relics":[{"not_picked":["Black Star","Fusion Hammer"],"picked":"Calling Bell"}],"items_purged_floors":[14],"is_endless":false,"potions_floor_spawned":[4,7,16,19,21,25,30,31],"killed_by":"Automaton","ascension_level":0}