{"gold_per_floor":[214,227,243,36,36,67,67,82,82,117,117,150,150,168,168,168],"floor_reached":16,"playtime":735,"items_purged":[],"score":126,"play_id":"a510be6a-df4a-4b6a-96e8-5a49666a16f0","local_time":"20190205213335","is_ascension_mode":true,"campfire_choices":[{"data":"Blur","floor":7.0,"key":"SMITH"},{"data":"Dash","floor":11.0,"key":"SMITH"},{"data":"Bullet Time","floor":15.0,"key":"SMITH"}],"neow_cost":"NONE","seed_source_timestamp":2408554448488127,"circlet_count":0,"master_deck":["Defend_G","Defend_G","Defend_G","Defend_G","Defend_G","Strike_G","Strike_G","Strike_G","Strike_G","Strike_G","Survivor","Neutralize","Skewer+1","Blur+1","Dash+1","Outmaneuver","Crippling Poison","Bullet Time+1"],"special_seed":0,"relics":["Ring of the Snake","Membership Card","Regal Pillow","Bottled Flame","Thread and Needle","Omamori"],"potions_floor_usage":[16],"damage_taken":[{"damage":1.0,"enemies":"Cultist","floor":1.0,"turns":5.0},{"damage":4.0,"enemies":"Jaw Worm","floor":2.0,"turns":4.0},{"damage":0.0,"enemies":"Small Slimes","floor":3.0,"turns":3.0},{"damage":9.0,"enemies":"3 Sentries","floor":6.0,"turns":9.0},{"damage":0.0,"enemies":"Blue Slaver","floor":8.0,"turns":5.0},{"damage":12.0,"enemies":"Gremlin Nob","floor":10.0,"turns":4.0},{"damage":3.0,"enemies":"Lagavulin","floor":12.0,"turns":7.0},{"damage":0.0,"enemies":"Looter","floor":14.0,"turns":4.0},{"damage":48,"enemies":"Slime Boss","floor":16,"turns":17}],"seed_played":"-6469344466260168985","potions_obtained":[{"floor":1.0,"key":"SteroidPotion"},{"floor":2.0,"key":"Strength Potion"},{"floor":8.0,"key":"SpeedPotion"}],"is_trial":false,"path_per_floor":["M","M","M","$","?","E","R","M","T","E","R","E","?","M","R","B"],"character_chosen":"THE_SILENT","items_purchased":["Membership Card"],"campfire_rested":0,"item_purchase_floors":[4],"current_hp_per_floor":[69,65,65,65,65,56,56,56,56,44,44,41,41,41,41,0],"gold":168,"neow_bonus":"HUNDRED_GOLD","is_prod":false,"is_daily":false,"chose_seed":false,"campfire_upgraded":3,"win_rate":0,"timestamp":1549438415,"path_taken":["M","M","M","$","?","E","R","?","T","E","R","E","?","M","R","BOSS"],"build_version":"2019-01-23","purchased_purges":0,"victory":false,"max_hp_per_floor":[70,70,70,70,70,70,70,70,70,70,70,70,70,70,70,70],"card_choices":[{"not_picked":["Eviscerate","Noxious Fumes"],"picked":"Skewer","floor":1.0},{"not_picked":["Choke","Predator","Dodge and Roll"],"picked":"SKIP","floor":2.0},{"not_picked":["Tactician","Quick Slash","Expertise"],"picked":"SKIP","floor":3.0},{"not_picked":["Acrobatics","Dagger Throw"],"picked":"Blur","floor":6.0},{"not_picked":["Well Laid Plans","Poisoned Stab"],"picked":"Dash","floor":8.0},{"not_picked":["Well Laid Plans","Sucker Punch"],"picked":"Outmaneuver","floor":10.0},{"not_picked":["Bane","Deflect"],"picked":"Crippling Poison","floor":12.0},{"not_picked":["Flying Knee","Prepared"],"picked":"Bullet Time","floor":14.0}],"player_experience":109966,"relics_obtained":[{"floor":6.0,"key":"Regal Pillow"},{"floor":9.0,"key":"Bottled Flame"},{"floor":10.0,"key":"Thread and Needle"},{"floor":12.0,"key":"Omamori"}],"event_choices":[{"damage_healed":0.0,"max_hp_gain":0.0,"max_hp_loss":0.0,"gold_gain":0.0,"event_name":"Accursed Blacksmith","player_choice":"Forge","floor":5.0,"gold_loss":0.0,"damage_taken":0.0,"cards_upgraded":["Skewer"]},{"damage_healed":0.0,"max_hp_gain":0.0,"max_hp_loss":0.0,"gold_gain":0.0,"event_name":"Wheel of Change","player_choice":"Cursed","floor":13.0,"gold_loss":0.0,"damage_taken":0.0,"cards_obtained":["Decay"]}],"is_beta":false,"boss_relics":[],"items_purged_floors":[],"is_endless":false,"potions_floor_spawned":[1,2,8],"killed_by":"Slime Boss","ascension_level":1}