{"gold_per_floor":[144,144,189,234,279,279,369,369,369,369,369,414,167,212,212,512,512,557,168,213,213,258,206,251,341,341,395,440,440,440,440,440,740,740,785,830,830,875,186,186,186,231,231,321,321,411,411,456,456,456],"floor_reached":51,"playtime":2461,"items_purged":[],"score":1127,"play_id":"4ba7899e-a6a5-4bd4-a351-ecc37a84bd2a","local_time":"20181124224441","daily_mods":["Cursed Run","Hoarder","Midas"],"is_ascension_mode":false,"campfire_choices":[{"floor":6,"key":"REST"},{"floor":8,"key":"REST"},{"floor":15,"key":"REST"},{"floor":29,"key":"REST"},{"floor":32,"key":"REST"},{"data":"Writhe","floor":41,"key":"PURGE"},{"data":"Writhe","floor":45,"key":"PURGE"},{"data":"Writhe","floor":47,"key":"PURGE"},{"data":"Defend_R","floor":49,"key":"PURGE"}],"neow_cost":"","seed_source_timestamp":0,"circlet_count":0,"master_deck":["Defend_R","Defend_R","Defend_R","Bash","Perfected Strike","Perfected Strike","Perfected Strike","Anger","Anger","Anger","Ghostly Armor","Ghostly Armor","Ghostly Armor","Armaments","Armaments","Armaments","Spot Weakness","Spot Weakness","Spot Weakness","Heavy Blade+1","Heavy Blade+1","Heavy Blade+1","Parasite","Parasite","Parasite","Parasite","Parasite","Parasite","Flash of Steel+1","Flash of Steel+1","Flash of Steel+1","Injury","Injury","Injury","Demon Form","Demon Form","Demon Form","Heavy Blade+1","Heavy Blade+1","Heavy Blade+1","Inflame","Inflame","Metamorphosis","Metamorphosis","Metamorphosis","Havoc","Havoc","Havoc","Bite+1","Bite+1","Bite+1","Bite+1","Bite+1","Bite+1","Bite+1","Bite+1","Bite+1","Bite+1","Bite+1","Bite+1","Bite+1","Bite+1","Bite+1","True Grit","True Grit","True Grit","Evolve","Evolve","Evolve","Inflame+1","Inflame+1","Inflame+1","Metallicize","Metallicize","Metallicize","Decay","Decay","Decay","Shame","Shame","Shame","Reaper+1","Reaper+1","Reaper+1","Shrug It Off","Shrug It Off","Shrug It Off","Feel No Pain","Feel No Pain","Feel No Pain","Trip","Trip","Trip","Decay","Decay","Decay","Immolate+1","Immolate+1","Immolate+1","Warcry+1","Warcry+1","Warcry+1","Shame","Shame","Shame"],"special_seed":17860,"relics":["Cursed Key","Darkstone Periapt","Du-Vu Doll","Molten Egg 2","Incense Burner","Mercury Hourglass","Anchor","Mark of Pain","Bronze Scales","Bag of Marbles","Red Skull","Red Mask","Black Star","Peace Pipe","Magic Flower","Paper Frog","Pear","The Courier","Blood Vial","Pen Nib"],"potions_floor_usage":[18,35,36,36,44,44,48],"damage_taken":[{"damage":0,"enemies":"Small Slimes","floor":1,"turns":3},{"damage":0,"enemies":"Cultist","floor":3,"turns":2},{"damage":1,"enemies":"Jaw Worm","floor":4,"turns":2},{"damage":0,"enemies":"2 Fungi Beasts","floor":5,"turns":2},{"damage":8,"enemies":"Lagavulin","floor":7,"turns":5},{"damage":0,"enemies":"Blue Slaver","floor":12,"turns":1},{"damage":0,"enemies":"Large Slime","floor":14,"turns":3},{"damage":6,"enemies":"Hexaghost","floor":16,"turns":5},{"damage":0,"enemies":"Shell Parasite","floor":18,"turns":4},{"damage":2,"enemies":"3 Byrds","floor":20,"turns":3},{"damage":0,"enemies":"Snecko","floor":22,"turns":1},{"damage":1,"enemies":"3 Cultists","floor":24,"turns":4},{"damage":15,"enemies":"Slavers","floor":25,"turns":3},{"damage":11,"enemies":"Masked Bandits","floor":27,"turns":4},{"damage":0,"enemies":"Centurion and Healer","floor":28,"turns":4},{"damage":15,"enemies":"Automaton","floor":33,"turns":5},{"damage":0,"enemies":"Orb Walker","floor":35,"turns":1},{"damage":14,"enemies":"3 Darklings","floor":36,"turns":3},{"damage":32,"enemies":"Maw","floor":38,"turns":6},{"damage":0,"enemies":"Spire Growth","floor":42,"turns":2},{"damage":43,"enemies":"Nemesis","floor":44,"turns":5},{"damage":0,"enemies":"Reptomancer","floor":46,"turns":1},{"damage":0,"enemies":"Transient","floor":48,"turns":5},{"damage":105,"enemies":"Awakened One","floor":50,"turns":7}],"seed_played":"-1394780119887161805","potions_obtained":[{"floor":4,"key":"Strength Potion"},{"floor":12,"key":"LiquidBronze"},{"floor":16,"key":"Block Potion"},{"floor":20,"key":"Fire Potion"},{"floor":27,"key":"Regen Potion"},{"floor":35,"key":"Block Potion"},{"floor":42,"key":"Block Potion"},{"floor":46,"key":"Block Potion"}],"is_trial":false,"path_per_floor":["M","?","M","M","M","R","E","R","T","?","?","M","$","M","R","B",null,"M","$","M","?","M","$","M","E","T","?","M","R","?","?","R","B",null,"M","M","?","M","$","?","R","M","T","E","R","E","R","M","R","B",null],"character_chosen":"IRONCLAD","items_purchased":["Flash of Steel+1","Anchor","Inflame","Metamorphosis","Bronze Scales","True Grit","Peace Pipe","Magic Flower","Trip"],"campfire_rested":5,"item_purchase_floors":[13,13,19,19,19,23,39,39,39],"current_hp_per_floor":[80,80,80,79,79,80,72,80,86,92,85,85,85,85,92,92,98,98,98,96,68,68,68,68,56,62,60,69,74,74,80,80,80,86,86,75,75,70,70,70,70,75,81,81,81,81,81,102,102,25],"gold":456,"neow_bonus":"","is_prod":false,"is_daily":true,"chose_seed":false,"campfire_upgraded":0,"win_rate":0,"timestamp":1543117481,"path_taken":["M","?","?","M","M","R","E","R","T","?","?","M","$","?","R","BOSS","M","$","M","?","M","$","M","E","T","?","M","R","?","?","R","BOSS","M","M","?","M","$","?","R","?","T","E","R","E","R","M","R","BOSS"],"build_version":"2018-11-15","purchased_purges":0,"victory":true,"max_hp_per_floor":[80,80,80,80,80,80,80,80,86,92,92,92,92,92,92,98,98,98,98,98,68,68,68,68,68,74,74,74,74,74,80,80,86,86,86,86,86,86,86,86,86,86,92,102,102,102,102,102,102,108],"card_choices":[{"not_picked":["Headbutt","Dropkick"],"picked":"Perfected Strike","floor":1},{"not_picked":["Havoc","Iron Wave"],"picked":"Ghostly Armor","floor":3},{"not_picked":["Twin Strike","Juggernaut"],"picked":"Armaments","floor":4},{"not_picked":["Rage","Pummel"],"picked":"Spot Weakness","floor":5},{"not_picked":["Rupture","Headbutt"],"picked":"Heavy Blade","floor":7},{"not_picked":["Armaments","Twin Strike+1","Sword Boomerang+1"],"picked":"SKIP","floor":12},{"not_picked":["Bloodletting","Reckless Charge+1","Cleave+1"],"picked":"SKIP","floor":14},{"not_picked":["Brutality","Exhume"],"picked":"Demon Form","floor":16},{"not_picked":["Pommel Strike+1","Evolve"],"picked":"Heavy Blade+1","floor":18},{"not_picked":["Armaments","Combust"],"picked":"Havoc","floor":20},{"not_picked":["Thunderclap+1","Flex","Twin Strike+1"],"picked":"SKIP","floor":22},{"not_picked":["Warcry+1","Armaments"],"picked":"Evolve","floor":24},{"not_picked":["Pommel Strike+1","Body Slam+1"],"picked":"Inflame+1","floor":25},{"not_picked":["Anger+1","Inflame"],"picked":"Metallicize","floor":27},{"not_picked":["Spot Weakness","Demon Form","Thunderclap+1"],"picked":"SKIP","floor":28},{"not_picked":["Exhume","Impervious"],"picked":"Reaper+1","floor":33},{"not_picked":["Thunderclap+1","Intimidate"],"picked":"Shrug It Off","floor":35},{"not_picked":["Armaments","Shrug It Off+1"],"picked":"Feel No Pain","floor":36},{"not_picked":["True Grit","Bludgeon+1","Anger+1"],"picked":"SKIP","floor":38},{"not_picked":["Pommel Strike+1","Twin Strike+1","Armaments"],"picked":"SKIP","floor":42},{"not_picked":["Thunderclap+1","Iron Wave+1","Battle Trance"],"picked":"SKIP","floor":44},{"not_picked":["Rupture","Anger+1"],"picked":"Immolate+1","floor":46},{"not_picked":["Body Slam+1","Reckless Charge+1"],"picked":"Warcry+1","floor":48}],"player_experience":636613,"relics_obtained":[{"floor":7,"key":"Molten Egg 2"},{"floor":9,"key":"Incense Burner"},{"floor":25,"key":"Bag of Marbles"},{"floor":26,"key":"Red Skull"},{"floor":27,"key":"Red Mask"},{"floor":43,"key":"Paper Frog"},{"floor":44,"key":"Pear"},{"floor":44,"key":"The Courier"},{"floor":46,"key":"Blood Vial"},{"floor":46,"key":"Pen Nib"}],"event_choices":[{"damage_healed":0,"gold_gain":0,"player_choice":"1 cards matched","damage_taken":0,"max_hp_gain":0,"max_hp_loss":0,"event_name":"Match and Keep!","floor":2,"gold_loss":0,"cards_obtained":["Anger"]},{"damage_healed":21,"gold_gain":0,"player_choice":"Healed and dodged fight","damage_taken":0,"max_hp_gain":0,"max_hp_loss":0,"event_name":"Mushrooms","floor":10,"gold_loss":0,"cards_obtained":["Parasite"]},{"damage_healed":0,"gold_gain":0,"player_choice":"Success","damage_taken":7,"relics_obtained":["Mercury Hourglass"],"max_hp_gain":0,"max_hp_loss":0,"event_name":"Scrap Ooze","floor":11,"gold_loss":0},{"damage_healed":0,"gold_gain":0,"player_choice":"Became a vampire","damage_taken":0,"max_hp_gain":0,"max_hp_loss":30,"event_name":"Vampires","floor":21,"gold_loss":0,"cards_obtained":["Bite","Bite","Bite","Bite","Bite"]},{"damage_healed":0,"gold_gain":0,"player_choice":"Fought Bandits","damage_taken":0,"max_hp_gain":0,"max_hp_loss":0,"event_name":"Masked Bandits","floor":27,"gold_loss":0},{"damage_healed":0,"gold_gain":0,"player_choice":"Ignored","damage_taken":0,"max_hp_gain":0,"max_hp_loss":0,"event_name":"Ghosts","floor":30,"gold_loss":0},{"damage_healed":0,"gold_gain":0,"player_choice":"Smashed Altar","damage_taken":0,"max_hp_gain":0,"max_hp_loss":0,"event_name":"Forgotten Altar","floor":31,"gold_loss":0,"cards_obtained":["Decay"]},{"cards_removed":["Inflame"],"damage_healed":0,"gold_gain":0,"player_choice":"Removed Power","damage_taken":0,"max_hp_gain":0,"max_hp_loss":0,"event_name":"Falling","floor":37,"gold_loss":0},{"damage_healed":0,"gold_gain":0,"player_choice":"Ignored","damage_taken":0,"max_hp_gain":0,"max_hp_loss":0,"event_name":"SecretPortal","floor":40,"gold_loss":0}],"is_beta":false,"boss_relics":[{"not_picked":["Sozu","Orrery"],"picked":"Mark of Pain"},{"not_picked":["Snecko Eye","Pandora\u0027s Box"],"picked":"Black Star"}],"items_purged_floors":[],"is_endless":false,"potions_floor_spawned":[4,12,16,20,27,28,35,42,46],"ascension_level":0}