{"gold_per_floor":[112,124,55,75,75,75,86,96,96,114,114,144,144,168,168,298,298,311,311,311,236,260,275,290,314,314,241,256,256,256,274,274,274],"floor_reached":33,"playtime":1638,"items_purged":[],"score":303,"play_id":"2259aa1a-bb4e-4cf8-889e-93ef1fd6a3ae","local_time":"20180903183120","daily_mods":["Draft"],"is_ascension_mode":false,"campfire_choices":[{"data":"Accuracy","floor":6,"key":"SMITH"},{"data":"Cloak And Dagger","floor":11,"key":"SMITH"},{"data":"Cloak And Dagger","floor":15,"key":"SMITH"},{"data":"Storm of Steel","floor":29,"key":"SMITH"},{"data":"Cloak And Dagger","floor":32,"key":"SMITH"}],"neow_cost":"","seed_source_timestamp":72032417180225,"circlet_count":0,"master_deck":["Blade Dance","Blade Dance","Cloak And Dagger+1","Calculated Gamble","Cloak And Dagger+1","Backflip","Escape Plan","Backflip","Dodge and Roll","Prepared","Dagger Spray","Cloak And Dagger+1","Deflect","Dodge and Roll","PiercingWail","Dagger Spray","Accuracy+1","Outmaneuver","Backflip","After Image","Storm of Steel+1","Cloak And Dagger","Cloak And Dagger","PiercingWail","Dodge and Roll","Setup+1","Infinite Blades","Backflip"],"relics":["Ring of the Snake","Darkstone Periapt","Snake Skull","Golden Idol","Coffee Dripper","MutagenicStrength","Bronze Scales"],"potions_floor_usage":[16,33],"damage_taken":[{"damage":0,"enemies":"Cultist","floor":1,"turns":4},{"damage":3,"enemies":"Jaw Worm","floor":2,"turns":4},{"damage":0,"enemies":"2 Louse","floor":4,"turns":2},{"damage":4,"enemies":"Red Slaver","floor":7,"turns":6},{"damage":1,"enemies":"Exordium Thugs","floor":8,"turns":4},{"damage":2,"enemies":"Large Slime","floor":10,"turns":5},{"damage":24,"enemies":"Gremlin Nob","floor":12,"turns":4},{"damage":2,"enemies":"Looter","floor":14,"turns":4},{"damage":2,"enemies":"Slime Boss","floor":16,"turns":11},{"damage":9,"enemies":"2 Thieves","floor":18,"turns":4},{"damage":0,"enemies":"Spheric Guardian","floor":22,"turns":1},{"damage":3,"enemies":"Snake Plant","floor":23,"turns":6},{"damage":0,"enemies":"3 Cultists","floor":24,"turns":5},{"damage":15,"enemies":"Cultist and Chosen","floor":25,"turns":7},{"damage":4,"enemies":"Chosen and Byrds","floor":28,"turns":5},{"damage":0,"enemies":"Shelled Parasite and Fungi","floor":31,"turns":4},{"damage":44,"enemies":"Collector","floor":33,"turns":7}],"seed_played":"7104384565319044441","potions_obtained":[{"floor":4,"key":"Explosive Potion"},{"floor":10,"key":"AttackPotion"},{"floor":12,"key":"SpeedPotion"},{"floor":22,"key":"Energy Potion"}],"is_trial":true,"path_per_floor":["M","M","$","M","?","R","M","M","T","M","R","E","?","M","R","B",null,"M","?","?","?","M","M","M","M","T","$","M","R","$","M","R"],"character_chosen":"THE_SILENT","items_purchased":["Accuracy","Infinite Blades"],"campfire_rested":0,"item_purchase_floors":[3,27],"current_hp_per_floor":[70,67,67,67,60,60,56,55,55,53,53,29,12,10,10,8,70,61,61,61,61,61,58,58,43,43,43,39,39,39,39,39,0],"gold":274,"neow_bonus":"","is_prod":false,"is_daily":false,"chose_seed":false,"campfire_upgraded":5,"win_rate":0,"timestamp":1535967080,"path_taken":["M","M","$","?","?","R","M","?","T","M","R","E","?","M","R","BOSS","M","?","?","?","M","M","M","M","T","$","M","R","$","M","R","BOSS"],"build_version":"2018-08-30","purchased_purges":0,"victory":false,"max_hp_per_floor":[70,70,70,70,70,70,70,70,70,70,70,70,70,70,70,70,70,70,70,70,70,70,70,70,70,70,70,70,70,70,70,70,70],"card_choices":[{"not_picked":["Dagger Throw","Backflip"],"picked":"Blade Dance","floor":0},{"not_picked":["Dagger Throw","Blur"],"picked":"Blade Dance","floor":0},{"not_picked":["Sucker Punch","Slice"],"picked":"Cloak And Dagger","floor":0},{"not_picked":["Slice","Bane"],"picked":"Calculated Gamble","floor":0},{"not_picked":["Infinite Blades","Backstab"],"picked":"Cloak And Dagger","floor":0},{"not_picked":["Caltrops","Flying Knee"],"picked":"Backflip","floor":0},{"not_picked":["Flying Knee","Catalyst"],"picked":"Escape Plan","floor":0},{"not_picked":["Sucker Punch","Predator"],"picked":"Slice","floor":0},{"not_picked":["Noxious Fumes","Quick Slash"],"picked":"Backflip","floor":0},{"not_picked":["Sucker Punch","Underhanded Strike"],"picked":"Dodge and Roll","floor":0},{"not_picked":["Crippling Poison","Choke"],"picked":"Prepared","floor":0},{"not_picked":["Dash","Underhanded Strike"],"picked":"Dagger Spray","floor":0},{"not_picked":["Sucker Punch","PiercingWail"],"picked":"Cloak And Dagger","floor":0},{"not_picked":["Poisoned Stab","PiercingWail"],"picked":"Deflect","floor":0},{"not_picked":["Deadly Poison","Underhanded Strike"],"picked":"Dodge and Roll","floor":0},{"not_picked":["Prepared","Terror"],"picked":"PiercingWail","floor":1},{"not_picked":["Catalyst","Sucker Punch"],"picked":"Dagger Spray","floor":2},{"not_picked":["Concentrate","Reflex"],"picked":"Dagger Throw","floor":4},{"not_picked":["Acrobatics","Terror"],"picked":"Outmaneuver","floor":7},{"not_picked":["Slice","Deflect","Quick Slash"],"picked":"SKIP","floor":8},{"not_picked":["Reflex","Leg Sweep"],"picked":"Backflip","floor":10},{"not_picked":["Catalyst","Dagger Throw"],"picked":"After Image","floor":12},{"not_picked":["Leg Sweep","Sucker Punch","Reflex"],"picked":"SKIP","floor":14},{"not_picked":["Phantasmal Killer","Die Die Die"],"picked":"Storm of Steel","floor":16},{"not_picked":["Skewer","Prepared"],"picked":"Cloak And Dagger","floor":18},{"not_picked":["Masterful Stab","Acrobatics","Bouncing Flask"],"picked":"SKIP","floor":22},{"not_picked":["Heel Hook","Slice"],"picked":"PiercingWail","floor":23},{"not_picked":["Tactician","Doppelganger"],"picked":"Dodge and Roll","floor":24},{"not_picked":["Underhanded Strike","Endless Agony"],"picked":"Setup+1","floor":25},{"not_picked":["Bane","Deadly Poison+1"],"picked":"Backflip","floor":28},{"not_picked":["Skewer","Sucker Punch","Riddle With Holes"],"picked":"SKIP","floor":31}],"player_experience":380382,"relics_obtained":[{"floor":9,"key":"Darkstone Periapt"},{"floor":12,"key":"Snake Skull"},{"floor":26,"key":"Bronze Scales"}],"event_choices":[{"event_name":"Golden Wing","player_choice":"Card Removal","floor":5,"damage_taken":0},{"event_name":"Golden Idol","player_choice":"Take Damage","floor":13,"damage_taken":0},{"event_name":"Drug Dealer","player_choice":"Inject Mutagens","floor":19,"damage_taken":0},{"event_name":"The Library","player_choice":"Read","floor":20,"damage_taken":0},{"event_name":"Beggar","player_choice":"Gave Gold","floor":21,"damage_taken":0}],"is_beta":true,"boss_relics":[{"not_picked":["Black Star","Lizard Tail"],"picked":"Coffee Dripper"}],"items_purged_floors":[],"is_endless":false,"potions_floor_spawned":[4,10,12,22,24,31],"killed_by":"Collector","ascension_level":0}