{"gold_per_floor":[117,117,128,148,159,159,188,188,188,188,218,229,245,263,263,368,368,384,34,45,45,45,78,40,72,72,72,72,84,99,113,113,113],"floor_reached":33,"playtime":2052,"items_purged":[],"score":324,"play_id":"181fab3b-d3d4-4c3d-b9e2-bb06cde7fae6","local_time":"20190120141434","is_ascension_mode":false,"campfire_choices":[{"data":"Choke","floor":6,"key":"SMITH"},{"data":"Noxious Fumes","floor":8,"key":"SMITH"},{"floor":15,"key":"REST"},{"data":"Tactician","floor":27,"key":"SMITH"},{"floor":32,"key":"REST"}],"neow_cost":"NONE","seed_source_timestamp":1579912917786889,"circlet_count":0,"master_deck":["Defend_G+1","Defend_G+1","Defend_G+1","Defend_G+1","Strike_G+1","Strike_G+1","Strike_G+1","Strike_G+1","Survivor","Neutralize","Prepared","Noxious Fumes+1","Backflip","Choke+1","Bane","Flying Knee","Endless Agony","Tools of the Trade","Tactician+1","Leg Sweep","Finisher","Crippling Poison","Skewer","Prepared+1","Flechettes"],"relics":["Ring of the Snake","Singing Bowl","Lantern","Letter Opener","Torii","Snecko Eye","Gambling Chip","Blue Candle","Dead Branch","Ninja Scroll"],"potions_floor_usage":[14,25,33,33,33],"damage_taken":[{"damage":0,"enemies":"Cultist","floor":1,"turns":5},{"damage":12,"enemies":"Jaw Worm","floor":3,"turns":6},{"damage":0,"enemies":"Small Slimes","floor":4,"turns":3},{"damage":4,"enemies":"Blue Slaver","floor":5,"turns":5},{"damage":32,"enemies":"Gremlin Nob","floor":7,"turns":5},{"damage":20,"enemies":"Lagavulin","floor":11,"turns":7},{"damage":0,"enemies":"Exordium Wildlife","floor":12,"turns":3},{"damage":0,"enemies":"Looter","floor":13,"turns":1},{"damage":0,"enemies":"Exordium Thugs","floor":14,"turns":2},{"damage":7,"enemies":"Hexaghost","floor":16,"turns":9},{"damage":0,"enemies":"Chosen","floor":18,"turns":3},{"damage":21,"enemies":"Spheric Guardian","floor":20,"turns":4},{"damage":25,"enemies":"Gremlin Leader","floor":23,"turns":3},{"damage":1,"enemies":"Slavers","floor":25,"turns":3},{"damage":12,"enemies":"Shelled Parasite and Fungi","floor":29,"turns":4},{"damage":2,"enemies":"Cultist and Chosen","floor":30,"turns":2},{"damage":0,"enemies":"Snecko","floor":31,"turns":2},{"damage":54,"enemies":"Automaton","floor":33,"turns":7}],"seed_played":"8604420290819417669","potions_obtained":[{"floor":3,"key":"Explosive Potion"},{"floor":5,"key":"LiquidBronze"},{"floor":12,"key":"Fire Potion"},{"floor":16,"key":"Energy Potion"},{"floor":23,"key":"Fire Potion"},{"floor":29,"key":"FearPotion"}],"is_trial":false,"path_per_floor":["M","?","M","M","M","R","E","R","T","?","E","M","M","M","R","B",null,"M","$","M","?","?","E","$","E","T","R","?","M","M","M","R","B"],"character_chosen":"THE_SILENT","items_purchased":["Gambling Chip","Leg Sweep","Skewer"],"campfire_rested":2,"item_purchase_floors":[19,19,24],"current_hp_per_floor":[77,74,62,62,58,58,26,26,26,26,6,6,8,10,34,27,81,81,81,62,62,62,39,39,38,38,38,38,26,26,28,54,0],"gold":113,"neow_bonus":"TEN_PERCENT_HP_BONUS","is_prod":false,"is_daily":false,"chose_seed":false,"campfire_upgraded":3,"win_rate":0.0,"timestamp":1547990074,"path_taken":["M","?","M","M","M","R","E","R","T","?","E","M","M","?","R","BOSS","M","$","M","?","?","E","?","E","T","R","?","M","M","M","R","BOSS"],"build_version":"2019-01-17v2","purchased_purges":0,"victory":false,"max_hp_per_floor":[77,77,77,77,77,77,77,77,77,77,77,77,79,81,81,81,81,81,81,83,83,83,85,85,85,85,85,85,85,87,89,89,89],"card_choices":[{"not_picked":["Outmaneuver","Leg Sweep"],"picked":"Prepared","floor":1},{"not_picked":["Dagger Spray","Leg Sweep"],"picked":"Noxious Fumes","floor":3},{"not_picked":["Deadly Poison","Underhanded Strike"],"picked":"Backflip","floor":4},{"not_picked":["Poisoned Stab","Footwork"],"picked":"Choke","floor":5},{"not_picked":["Prepared","Blade Dance"],"picked":"Bane","floor":7},{"not_picked":["Night Terror","Blade Dance"],"picked":"Flying Knee","floor":11},{"not_picked":["Dagger Spray","Distraction"],"picked":"Endless Agony","floor":12},{"not_picked":["Bane","All Out Attack","Quick Slash"],"picked":"Singing Bowl","floor":13},{"not_picked":["Flying Knee","Noxious Fumes","Outmaneuver"],"picked":"Singing Bowl","floor":14},{"not_picked":["Glass Knife","Grand Finale"],"picked":"Tools of the Trade","floor":16},{"not_picked":["Backflip","Deflect"],"picked":"Tactician","floor":18},{"not_picked":["Expertise","Prepared","Concentrate+1"],"picked":"Singing Bowl","floor":20},{"not_picked":["Sucker Punch","Dagger Spray","Slice+1"],"picked":"Singing Bowl","floor":23},{"not_picked":["Poisoned Stab","Footwork"],"picked":"Prepared+1","floor":25},{"not_picked":["Slice","Deadly Poison+1"],"picked":"Flechettes","floor":29},{"not_picked":["Sucker Punch+1","Dodge and Roll","Adrenaline"],"picked":"Singing Bowl","floor":30},{"not_picked":["Prepared","Well Laid Plans","Cloak And Dagger"],"picked":"Singing Bowl","floor":31}],"player_experience":208055,"relics_obtained":[{"floor":7,"key":"Lantern"},{"floor":9,"key":"Letter Opener"},{"floor":11,"key":"Torii"},{"floor":23,"key":"Blue Candle"},{"floor":25,"key":"Dead Branch"},{"floor":26,"key":"Ninja Scroll"}],"event_choices":[{"damage_healed":0,"gold_gain":0,"player_choice":"Success","damage_taken":3,"relics_obtained":["Singing Bowl"],"max_hp_gain":0,"max_hp_loss":0,"event_name":"Scrap Ooze","floor":2,"gold_loss":0},{"damage_healed":0,"gold_gain":0,"player_choice":"Ignored","damage_taken":0,"max_hp_gain":0,"max_hp_loss":0,"event_name":"NoteForYourself","floor":10,"gold_loss":0},{"damage_healed":0,"gold_gain":0,"cards_transformed":["Defend_G","Strike_G"],"player_choice":"Became Test Subject","damage_taken":0,"max_hp_gain":0,"max_hp_loss":0,"event_name":"Drug Dealer","floor":21,"gold_loss":0,"cards_obtained":["Finisher","Crippling Poison"]},{"damage_healed":0,"gold_gain":0,"player_choice":"Simplicity","damage_taken":0,"max_hp_gain":0,"max_hp_loss":0,"event_name":"Back to Basics","floor":22,"gold_loss":0,"cards_upgraded":["Defend_G","Defend_G","Defend_G","Defend_G","Strike_G","Strike_G","Strike_G","Strike_G"]},{"damage_healed":0,"gold_gain":0,"player_choice":"Ignored","damage_taken":0,"max_hp_gain":0,"max_hp_loss":0,"event_name":"Beggar","floor":28,"gold_loss":0}],"is_beta":false,"boss_relics":[{"not_picked":["Ring of the Serpent","Philosopher\u0027s Stone"],"picked":"Snecko Eye"}],"items_purged_floors":[],"is_endless":false,"potions_floor_spawned":[3,5,12,16,23,29,31],"killed_by":"Automaton","ascension_level":0}