{"gold_per_floor":[159,174,174,185,185,219,9,9],"floor_reached":8,"playtime":497,"items_purged":[],"score":70,"play_id":"9f9549d1-51e1-4044-a42e-4ee3e8e47f82","local_time":"20190118141114","is_ascension_mode":true,"campfire_choices":[],"neow_cost":"NONE","seed_source_timestamp":836592656919722,"circlet_count":0,"master_deck":["Defend_G","Defend_G","Defend_G+1","Defend_G","Defend_G","Strike_G","Strike_G","Strike_G","Strike_G","Strike_G","Survivor","Neutralize","Dagger Throw+1","Dagger Throw+1","Dagger Spray","Deadly Poison"],"relics":["Tiny House","Meat on the Bone","TwistedFunnel"],"potions_floor_usage":[6,6],"damage_taken":[{"damage":0,"enemies":"Cultist","floor":1,"turns":3},{"damage":0,"enemies":"Jaw Worm","floor":2,"turns":3},{"damage":1,"enemies":"Small Slimes","floor":4,"turns":3},{"damage":60,"enemies":"Lagavulin","floor":6,"turns":10},{"damage":19,"enemies":"Gremlin Gang","floor":8,"turns":1}],"seed_played":"5705768183870097081","potions_obtained":[{"floor":0,"key":"SpeedPotion"},{"floor":4,"key":"Explosive Potion"}],"is_trial":false,"path_per_floor":["M","M","?","M","?","E","$","M"],"character_chosen":"THE_SILENT","items_purchased":["TwistedFunnel"],"campfire_rested":0,"item_purchase_floors":[7],"current_hp_per_floor":[75,75,75,74,74,14,14,0],"gold":9,"neow_bonus":"BOSS_RELIC","is_prod":false,"is_daily":false,"chose_seed":false,"campfire_upgraded":0,"win_rate":0,"timestamp":1547838674,"path_taken":["M","?","?","M","?","E","$","?"],"build_version":"2019-01-17v2","purchased_purges":0,"victory":false,"max_hp_per_floor":[75,75,75,75,75,75,75,75],"card_choices":[{"not_picked":["Sucker Punch","Endless Agony"],"picked":"Dagger Throw","floor":0},{"not_picked":["Cloak And Dagger","Grand Finale"],"picked":"Dagger Throw","floor":1},{"not_picked":["Distraction","Underhanded Strike"],"picked":"Dagger Spray","floor":2},{"not_picked":["Deflect","Outmaneuver","Prepared"],"picked":"SKIP","floor":4},{"not_picked":["Predator","Dagger Spray"],"picked":"Deadly Poison","floor":6}],"player_experience":249277,"relics_obtained":[{"floor":6,"key":"Meat on the Bone"}],"event_choices":[{"damage_healed":0,"gold_gain":0,"player_choice":"Grow","damage_taken":0,"max_hp_gain":0,"max_hp_loss":0,"event_name":"Living Wall","floor":3,"gold_loss":0,"cards_upgraded":["Dagger Throw"]},{"damage_healed":0,"gold_gain":0,"player_choice":"Upgraded","damage_taken":0,"max_hp_gain":0,"max_hp_loss":0,"event_name":"Upgrade Shrine","floor":5,"gold_loss":0,"cards_upgraded":["Dagger Throw"]}],"is_beta":false,"boss_relics":[],"items_purged_floors":[],"is_endless":false,"potions_floor_spawned":[4],"killed_by":"Gremlin Gang","ascension_level":5}