{"gold_per_floor":[112,54,204,204,204,204,222,222,222,242,242,256,275,339,339,415,415,434,359,384,404,423,423,437,449,523,99,131,131,142,161,161,161],"floor_reached":33,"playtime":2612,"items_purged":["Strike_G"],"score":538,"play_id":"bea69714-c4d0-4685-9f42-c4976439f8a6","local_time":"20190120193340","is_ascension_mode":true,"campfire_choices":[{"data":"Neutralize","floor":6,"key":"SMITH"},{"data":"Deadly Poison","floor":15,"key":"SMITH"},{"floor":23,"key":"REST"},{"floor":29,"key":"REST"},{"floor":32,"key":"REST"}],"neow_cost":"NONE","seed_source_timestamp":11512679457100,"circlet_count":0,"master_deck":["AscendersBane","Defend_G","Defend_G","Defend_G+1","Defend_G","Defend_G+1","Strike_G","Survivor","Neutralize+1","Cloak And Dagger","Deadly Poison+1","Choke","Leg Sweep","Backflip","Well Laid Plans","Night Terror","Cloak And Dagger","Caltrops","Backflip","Discovery","Escape Plan"],"relics":["Empty Cage","Gremlin Horn","Tiny Chest","Fusion Hammer","Bag of Preparation","Bottled Tornado","PreservedInsect","Turnip"],"potions_floor_usage":[16,18,24,25,28,28],"damage_taken":[{"damage":1,"enemies":"2 Louse","floor":1,"turns":4},{"damage":0,"enemies":"Jaw Worm","floor":7,"turns":4},{"damage":0,"enemies":"Small Slimes","floor":10,"turns":3},{"damage":6,"enemies":"Looter","floor":12,"turns":5},{"damage":0,"enemies":"2 Fungi Beasts","floor":13,"turns":3},{"damage":6,"enemies":"Lagavulin","floor":14,"turns":10},{"damage":16,"enemies":"Hexaghost","floor":16,"turns":12},{"damage":8,"enemies":"Spheric Guardian","floor":18,"turns":7},{"damage":6,"enemies":"3 Byrds","floor":21,"turns":7},{"damage":37,"enemies":"Sentry and Sphere","floor":22,"turns":8},{"damage":6,"enemies":"Snecko","floor":24,"turns":11},{"damage":9,"enemies":"Shelled Parasite and Fungi","floor":25,"turns":8},{"damage":13,"enemies":"Slavers","floor":28,"turns":10},{"damage":12,"enemies":"3 Cultists","floor":30,"turns":7},{"damage":3,"enemies":"Snake Plant","floor":31,"turns":5},{"damage":62,"enemies":"Champ","floor":33,"turns":18}],"seed_played":"8326052505675051441","potions_obtained":[{"floor":7,"key":"Energy Potion"},{"floor":10,"key":"Block Potion"},{"floor":16,"key":"Regen Potion"},{"floor":21,"key":"Explosive Potion"},{"floor":25,"key":"EssenceOfSteel"}],"is_trial":false,"path_per_floor":["M","$","?","?","?","R","M","?","T","M","?","M","M","E","R","B",null,"M","?","T","M","M","R","M","M","T","$","E","R","M","M","R","B"],"character_chosen":"THE_SILENT","items_purchased":["Deadly Poison","PreservedInsect","GhostInAJar","Discovery"],"campfire_rested":3,"item_purchase_floors":[2,27,27,27],"current_hp_per_floor":[58,58,58,38,38,38,38,38,38,38,43,37,37,31,31,15,57,63,63,63,57,20,41,35,26,26,26,13,34,22,19,40,0],"gold":161,"neow_bonus":"BOSS_RELIC","is_prod":false,"is_daily":false,"chose_seed":false,"campfire_upgraded":2,"win_rate":0,"timestamp":1548030820,"path_taken":["M","$","?","?","?","R","?","?","T","M","?","M","M","E","R","BOSS","M","?","?","M","?","R","M","M","T","$","E","R","M","M","R","BOSS"],"build_version":"2019-01-16","purchased_purges":1,"victory":false,"max_hp_per_floor":[66,66,66,66,66,66,66,66,66,66,71,71,71,71,71,71,71,71,71,71,71,71,71,71,71,71,71,71,71,71,71,71,71],"card_choices":[{"not_picked":["Underhanded Strike","Expertise"],"picked":"Cloak And Dagger","floor":1},{"not_picked":["Expertise","Tactician"],"picked":"Choke","floor":7},{"not_picked":["Masterful Stab","Choke"],"picked":"Leg Sweep","floor":10},{"not_picked":["Cloak And Dagger","Deflect"],"picked":"Backflip","floor":12},{"not_picked":["Tools of the Trade","Backflip"],"picked":"Well Laid Plans","floor":13},{"not_picked":["Finisher","All Out Attack","Outmaneuver"],"picked":"SKIP","floor":14},{"not_picked":["Unload","Storm of Steel"],"picked":"Night Terror","floor":16},{"not_picked":["Expertise","Bouncing Flask"],"picked":"Cloak And Dagger","floor":18},{"not_picked":["Sucker Punch","Dodge and Roll"],"picked":"Caltrops","floor":21},{"not_picked":["Finisher","Prepared","Underhanded Strike"],"picked":"SKIP","floor":22},{"not_picked":["Distraction","Bouncing Flask","Sucker Punch"],"picked":"SKIP","floor":24},{"not_picked":["Cloak And Dagger","Blade Dance"],"picked":"Backflip","floor":25},{"not_picked":["Storm of Steel","Sucker Punch","Deflect"],"picked":"SKIP","floor":28},{"not_picked":["Quick Slash+1","Predator","Sucker Punch"],"picked":"SKIP","floor":30},{"not_picked":["Sucker Punch","Heel Hook"],"picked":"Escape Plan","floor":31}],"player_experience":1902810,"relics_obtained":[{"floor":9,"key":"Gremlin Horn"},{"floor":14,"key":"Tiny Chest"},{"floor":20,"key":"Bag of Preparation"},{"floor":26,"key":"Bottled Tornado"},{"floor":28,"key":"Turnip"}],"event_choices":[{"damage_healed":0,"gold_gain":150,"player_choice":"AGREE","damage_taken":0,"max_hp_gain":0,"max_hp_loss":0,"event_name":"Liars Game","floor":3,"gold_loss":0,"cards_obtained":["Doubt"]},{"damage_healed":0,"gold_gain":0,"player_choice":"Entered Light","damage_taken":20,"max_hp_gain":0,"max_hp_loss":0,"event_name":"Shining Light","floor":4,"gold_loss":0,"cards_upgraded":["Defend_G","Defend_G"]},{"damage_healed":0,"gold_gain":0,"player_choice":"0 cards matched","damage_taken":0,"max_hp_gain":0,"max_hp_loss":0,"event_name":"Match and Keep!","floor":5,"gold_loss":0,"cards_obtained":[]},{"cards_removed":["Doubt"],"damage_healed":0,"gold_gain":0,"player_choice":"Forget","damage_taken":0,"max_hp_gain":0,"max_hp_loss":0,"event_name":"Living Wall","floor":8,"gold_loss":0},{"damage_healed":0,"gold_gain":0,"player_choice":"Donut","damage_taken":0,"max_hp_gain":5,"max_hp_loss":0,"event_name":"Big Fish","floor":11,"gold_loss":0},{"cards_removed":["Strike_G"],"damage_healed":0,"gold_gain":0,"player_choice":"Gave Gold","damage_taken":0,"max_hp_gain":0,"max_hp_loss":0,"event_name":"Beggar","floor":19,"gold_loss":75}],"is_beta":true,"boss_relics":[{"not_picked":["Black Star","Calling Bell"],"picked":"Fusion Hammer"}],"items_purged_floors":[27],"is_endless":false,"potions_floor_spawned":[7,10,14,16,21,22,25],"killed_by":"Champ","ascension_level":20}