{"gold_per_floor":[118,129,129,147,163,163,177,24,24,48,82,82,62,100,100,231,231,252,252,268,33,33,64,64,99,125,148,164,205,224,224,224,344,344,367,386,407,422,289,289,330,346,346,46,77,77,115,139,139,139],"floor_reached":51,"playtime":5232,"items_purged":["Defend_R","Strike_R"],"score":847,"play_id":"551a0f76-9da7-404e-b21b-c9363b386f37","local_time":"20190129155255","is_ascension_mode":true,"campfire_choices":[{"floor":6.0,"key":"REST"},{"floor":12.0,"key":"REST"},{"data":"Clothesline","floor":15.0,"key":"SMITH"},{"data":"Flex","floor":24.0,"key":"SMITH"},{"data":"True Grit","floor":32.0,"key":"SMITH"},{"data":"Corruption","floor":40,"key":"SMITH"},{"data":"Feed","floor":49,"key":"SMITH"}],"neow_cost":"NONE","seed_source_timestamp":0,"circlet_count":0,"master_deck":["Strike_R","Strike_R","Strike_R","Strike_R","Defend_R","Defend_R","Defend_R","Bash+1","Carnage+1","Feel No Pain","Injury","Clothesline+1","Flame Barrier","Evolve","Disarm","Sword Boomerang+1","Flex+1","Whirlwind","Limit Break+1","Entrench","Sword Boomerang","Rupture","True Grit+1","Pummel","True Grit+1","Burning Pact+1","Heavy Blade+1","Flame Barrier","Reaper","Shrug It Off+1","Armaments","Spot Weakness+1","Corruption+1","Combust","Immolate","Impervious","Armaments+1","Feed+1"],"special_seed":0,"relics":["Burning Blood","Golden Idol","Shuriken","Pear","Whetstone","Coffee Dripper","PreservedInsect","Lantern","Bronze Scales","Vajra","Singing Bowl","Snecko Eye","Smiling Mask","Mummified Hand","Anchor","GremlinMask","Bag of Marbles"],"potions_floor_usage":[38,47,50,50],"damage_taken":[{"damage":6.0,"enemies":"Cultist","floor":1.0,"turns":3.0},{"damage":5.0,"enemies":"Small Slimes","floor":2.0,"turns":3.0},{"damage":0.0,"enemies":"2 Louse","floor":4.0,"turns":2.0},{"damage":39.0,"enemies":"Exordium Thugs","floor":5.0,"turns":5.0},{"damage":9.0,"enemies":"Red Slaver","floor":7.0,"turns":3.0},{"damage":24.0,"enemies":"Exordium Wildlife","floor":10.0,"turns":5.0},{"damage":37.0,"enemies":"3 Sentries","floor":11.0,"turns":7.0},{"damage":17.0,"enemies":"Lagavulin","floor":14.0,"turns":9.0},{"damage":43.0,"enemies":"The Guardian","floor":16.0,"turns":13.0},{"damage":20.0,"enemies":"Spheric Guardian","floor":18.0,"turns":4.0},{"damage":16.0,"enemies":"Chosen","floor":20.0,"turns":5.0},{"damage":41.0,"enemies":"Slavers","floor":23.0,"turns":6.0},{"damage":14.0,"enemies":"Book of Stabbing","floor":25.0,"turns":5.0},{"damage":15.0,"enemies":"Snecko","floor":27.0,"turns":5.0},{"damage":0.0,"enemies":"Chosen and Byrds","floor":28.0,"turns":6.0},{"damage":6.0,"enemies":"Gremlin Leader","floor":29.0,"turns":4.0},{"damage":11.0,"enemies":"Shelled Parasite and Fungi","floor":30.0,"turns":5.0},{"damage":58.0,"enemies":"Champ","floor":33.0,"turns":11.0},{"damage":42.0,"enemies":"3 Darklings","floor":35.0,"turns":6.0},{"damage":15.0,"enemies":"3 Shapes","floor":36.0,"turns":4.0},{"damage":15.0,"enemies":"3 Darklings","floor":37.0,"turns":4.0},{"damage":14,"enemies":"Jaw Worm Horde","floor":38,"turns":4},{"damage":22,"enemies":"Nemesis","floor":41,"turns":3},{"damage":8,"enemies":"4 Shapes","floor":42,"turns":5},{"damage":3,"enemies":"Giant Head","floor":45,"turns":5},{"damage":6,"enemies":"Reptomancer","floor":47,"turns":5},{"damage":2,"enemies":"Maw","floor":48,"turns":6},{"damage":50,"enemies":"Time Eater","floor":50,"turns":8}],"seed_played":"-7911464003536790080","potions_obtained":[{"floor":1.0,"key":"Explosive Potion"},{"floor":2.0,"key":"Swift Potion"},{"floor":5.0,"key":"Block Potion"},{"floor":11.0,"key":"SkillPotion"},{"floor":13.0,"key":"EntropicBrew"},{"floor":16.0,"key":"SpeedPotion"},{"floor":23.0,"key":"Regen Potion"},{"floor":27.0,"key":"EssenceOfSteel"},{"floor":28.0,"key":"EssenceOfSteel"},{"floor":30.0,"key":"Weak Potion"},{"floor":35.0,"key":"Fire Potion"},{"floor":36.0,"key":"SpeedPotion"},{"floor":37.0,"key":"FearPotion"},{"floor":41,"key":"LiquidBronze"},{"floor":48,"key":"Dexterity Potion"}],"is_trial":false,"path_per_floor":["M","M","?","M","M","R","M","$","T","M","E","R","?","E","R","B",null,"M","?","M","$","?","E","R","E","T","M","M","E","M","?","R","B",null,"M","M","M","M","$","R","E","M","T","$","E","?","E","M","R","B",null],"character_chosen":"IRONCLAD","items_purchased":["Disarm","PreservedInsect","Rupture","True Grit","Corruption","Combust","Immolate","Impervious"],"campfire_rested":2,"item_purchase_floors":[8,21,21,21,39,44,44,44],"current_hp_per_floor":[80,80,80,80,47,71,68,68,68,50,29,56,56,45,45,17,90,76,76,66,66,66,31,31,37,37,28,34,34,29,90,90,38,90,55,46,55,64,64,64,48,69,69,69,74,74,80,84,84,40],"gold":139,"neow_bonus":"UPGRADE_CARD","is_prod":false,"is_daily":false,"chose_seed":false,"campfire_upgraded":5,"win_rate":0,"timestamp":1548795175,"path_taken":["M","?","?","M","M","R","M","$","T","M","E","R","?","E","R","BOSS","M","?","?","$","?","E","R","E","T","M","?","E","M","?","R","BOSS","M","M","?","?","$","R","E","M","T","$","E","?","E","M","R","BOSS"],"build_version":"2019-01-23","purchased_purges":2,"victory":true,"max_hp_per_floor":[80,80,80,80,80,80,80,80,80,80,90,90,90,90,90,90,90,90,90,90,90,90,90,90,90,90,90,90,90,90,90,90,90,90,90,90,90,92,92,92,92,94,94,94,96,96,96,96,96,96],"card_choices":[{"not_picked":["Wild Strike","Heavy Blade"],"picked":"Carnage","floor":1.0},{"not_picked":["Cleave","True Grit"],"picked":"Feel No Pain","floor":2.0},{"not_picked":["Clash","Intimidate"],"picked":"Clothesline","floor":4.0},{"not_picked":["Inflame","Twin Strike"],"picked":"Flame Barrier","floor":5.0},{"not_picked":["Pommel Strike","Twin Strike"],"picked":"Evolve","floor":7.0},{"not_picked":["Body Slam","Power Through"],"picked":"Sword Boomerang","floor":10.0},{"not_picked":["Warcry","Wild Strike"],"picked":"Flex","floor":11.0},{"not_picked":["Clothesline","Blood for Blood"],"picked":"Whirlwind","floor":14.0},{"not_picked":["Immolate","Double Tap"],"picked":"Limit Break","floor":16.0},{"not_picked":["Headbutt+1","Sentinel+1"],"picked":"Entrench","floor":18.0},{"not_picked":["Twin Strike","Dual Wield"],"picked":"Sword Boomerang","floor":20.0},{"not_picked":["Warcry","Shrug It Off"],"picked":"Pummel","floor":23.0},{"not_picked":["Double Tap","Spot Weakness"],"picked":"True Grit","floor":25.0},{"not_picked":["Inflame","Clothesline"],"picked":"Burning Pact+1","floor":27.0},{"not_picked":["Sword Boomerang","Thunderclap"],"picked":"Heavy Blade+1","floor":28.0},{"not_picked":["Body Slam","Warcry"],"picked":"Flame Barrier","floor":29.0},{"not_picked":["Thunderclap","Clothesline"],"picked":"Ghostly Armor","floor":30.0},{"not_picked":["Exhume","Dark Embrace"],"picked":"Reaper","floor":33.0},{"not_picked":["Metallicize","Searing Blow+1"],"picked":"Shrug It Off+1","floor":35.0},{"not_picked":["Cleave","Evolve+1"],"picked":"Armaments","floor":36.0},{"not_picked":["Anger","Thunderclap+1"],"picked":"Spot Weakness+1","floor":37.0},{"not_picked":["Searing Blow","Twin Strike+1","Pommel Strike"],"picked":"Singing Bowl","floor":38},{"not_picked":["Flame Barrier","Cleave+1","Searing Blow+1"],"picked":"SKIP","floor":41},{"not_picked":["Hemokinesis","Corruption","Wild Strike+1"],"picked":"Singing Bowl","floor":42},{"not_picked":["Warcry+1","Blood for Blood+1","Havoc+1"],"picked":"Singing Bowl","floor":45},{"not_picked":["Havoc+1","Second Wind"],"picked":"Armaments+1","floor":47},{"not_picked":["Twin Strike+1","Uppercut"],"picked":"Feed","floor":48}],"player_experience":173716,"relics_obtained":[{"floor":9.0,"key":"Shuriken"},{"floor":11.0,"key":"Pear"},{"floor":14.0,"key":"Whetstone"},{"floor":23.0,"key":"Lantern"},{"floor":25.0,"key":"Bronze Scales"},{"floor":26.0,"key":"Vajra"},{"floor":29.0,"key":"Singing Bowl"},{"floor":41,"key":"Smiling Mask"},{"floor":43,"key":"Mummified Hand"},{"floor":45,"key":"Anchor"},{"floor":47,"key":"Bag of Marbles"}],"event_choices":[{"damage_healed":0.0,"max_hp_gain":0.0,"max_hp_loss":0.0,"gold_gain":0.0,"event_name":"Golden Idol","player_choice":"Take Wound","floor":3.0,"gold_loss":0.0,"damage_taken":0.0,"relics_obtained":["Golden Idol"],"cards_obtained":["Injury"]},{"damage_healed":0.0,"max_hp_gain":0.0,"max_hp_loss":0.0,"gold_gain":0.0,"event_name":"The Woman in Blue","player_choice":"Bought 1 Potion","floor":13.0,"gold_loss":0.0,"damage_taken":0.0},{"damage_healed":0.0,"max_hp_gain":0.0,"max_hp_loss":0.0,"gold_gain":0.0,"event_name":"Upgrade Shrine","player_choice":"Upgraded","floor":19.0,"gold_loss":0.0,"damage_taken":0.0,"cards_upgraded":["Limit Break"]},{"damage_healed":0.0,"max_hp_gain":0.0,"max_hp_loss":0.0,"gold_gain":0.0,"event_name":"Accursed Blacksmith","player_choice":"Forge","floor":22.0,"gold_loss":0.0,"damage_taken":0.0,"cards_upgraded":["True Grit"]},{"cards_removed":["Ghostly Armor"],"damage_healed":61.0,"max_hp_gain":0.0,"max_hp_loss":0.0,"gold_gain":0.0,"event_name":"Bonfire Elementals","player_choice":"Offered Uncommon","floor":31.0,"gold_loss":0.0,"damage_taken":0.0},{"damage_healed":0,"gold_gain":0,"player_choice":"Trade","damage_taken":0,"relics_obtained":["GremlinMask"],"max_hp_gain":0,"max_hp_loss":0,"event_name":"FaceTrader","floor":46,"gold_loss":0}],"is_beta":false,"boss_relics":[{"not_picked":["Cursed Key","Lizard Tail"],"picked":"Coffee Dripper"},{"not_picked":["Calling Bell","Fusion Hammer"],"picked":"Snecko Eye"}],"items_purged_floors":[8,39],"is_endless":false,"potions_floor_spawned":[1,2,5,11,16,23,27,28,30,35,36,37,41,48],"ascension_level":1}