{"gold_per_floor":[116,191,203,214,231,231,260,260,260,270,95,95,20,20,20,20],"floor_reached":16,"playtime":321,"items_purged":["Regret"],"score":200,"play_id":"817bd58f-b250-4610-9623-bd2e5b905b1e","local_time":"20190116163423","is_ascension_mode":true,"campfire_choices":[{"data":"Sunder","floor":6,"key":"SMITH"},{"floor":8,"key":"REST"},{"data":"Defragment","floor":12,"key":"SMITH"},{"data":"Zap","floor":15,"key":"SMITH"}],"neow_cost":"CURSE","seed_source_timestamp":189461099824289,"circlet_count":0,"master_deck":["AscendersBane","Strike_B","Strike_B","Strike_B","Defend_B","Defend_B","Defend_B","Defend_B","Zap+1","Dualcast","Biased Cognition","Hologram","Sunder+1","Auto Shields","Reinforced Body+1","Defragment+1","Panacea+1"],"relics":["Cracked Core","Toxic Egg 2","Ornamental Fan","Darkstone Periapt"],"potions_floor_usage":[],"damage_taken":[{"damage":2,"enemies":"Jaw Worm","floor":1,"turns":3},{"damage":2,"enemies":"2 Louse","floor":3,"turns":2},{"damage":9,"enemies":"Small Slimes","floor":4,"turns":3},{"damage":9,"enemies":"Looter","floor":5,"turns":3},{"damage":26,"enemies":"Lagavulin","floor":7,"turns":4},{"damage":11,"enemies":"Red Slaver","floor":10,"turns":4},{"damage":16,"enemies":"Slime Boss","floor":16,"turns":5}],"seed_played":"1114414200458064210","potions_obtained":[{"floor":3,"key":"SpeedPotion"},{"floor":4,"key":"FocusPotion"}],"is_trial":false,"path_per_floor":["M","?","M","M","M","R","E","R","T","M","$","R","?","T","R","B"],"character_chosen":"DEFECT","items_purchased":["Panacea+1"],"campfire_rested":1,"item_purchase_floors":[11],"current_hp_per_floor":[62,51,49,40,31,31,5,26,26,15,15,15,15,15,15,0],"gold":20,"neow_bonus":"THREE_RARE_CARDS","is_prod":false,"is_daily":false,"chose_seed":false,"campfire_upgraded":3,"win_rate":0,"timestamp":1547624063,"path_taken":["M","?","M","M","M","R","E","R","T","M","$","R","?","?","R","BOSS"],"build_version":"2019-01-10","purchased_purges":1,"victory":false,"max_hp_per_floor":[71,71,71,71,71,71,71,71,71,71,71,71,71,71,71,71],"card_choices":[{"not_picked":["Core Surge","Thunder Strike"],"picked":"Biased Cognition","floor":0},{"not_picked":["Compile Driver","Barrage"],"picked":"Hologram","floor":1},{"not_picked":["Beam Cell","Hello World","Reprogram"],"picked":"SKIP","floor":3},{"not_picked":["Rip and Tear","Beam Cell"],"picked":"Sunder","floor":4},{"not_picked":["Doom and Gloom","Barrage"],"picked":"Auto Shields","floor":5},{"not_picked":["Hello World","Streamline"],"picked":"Reinforced Body","floor":7},{"not_picked":["Rip and Tear","Recycle+1"],"picked":"Defragment","floor":10}],"player_experience":832825,"relics_obtained":[{"floor":7,"key":"Toxic Egg 2"},{"floor":9,"key":"Ornamental Fan"},{"floor":14,"key":"Darkstone Periapt"}],"event_choices":[{"damage_healed":0,"gold_gain":75,"player_choice":"Gather Gold","damage_taken":11,"max_hp_gain":0,"max_hp_loss":0,"event_name":"World of Goop","floor":2,"gold_loss":0},{"cards_removed":["Strike_B"],"damage_healed":0,"gold_gain":0,"player_choice":"Card Removal","damage_taken":0,"max_hp_gain":0,"max_hp_loss":0,"event_name":"The Cleric","floor":13,"gold_loss":75}],"is_beta":false,"boss_relics":[],"items_purged_floors":[11],"is_endless":false,"potions_floor_spawned":[3,4,10],"killed_by":"Slime Boss","ascension_level":20}