{"gold_per_floor":[114,114,129,144,159,189,189,204,279,309,321,35,35,35,35,135,135,150,195,245,260,275,305,305,320,395,410,410,425,455,470,470,570,570,585,483,498,513,528,558,558,573,648,648,648,648,663,678,678,678],"floor_reached":51,"playtime":6266,"items_purged":["Strike_G","Defend_G"],"score":935,"play_id":"e6c53cc7-16d5-4d48-b788-0821f81a8909","local_time":"20190117215651","daily_mods":["Specialized","Vintage","DeadlyEvents"],"is_ascension_mode":false,"campfire_choices":[{"data":"Escape Plan","floor":7.0,"key":"SMITH"},{"data":"Escape Plan","floor":11.0,"key":"SMITH"},{"data":"Footwork","floor":13.0,"key":"SMITH"},{"data":"Unload","floor":15.0,"key":"SMITH"},{"floor":28.0,"key":"REST"},{"data":"Unload","floor":32.0,"key":"SMITH"},{"data":"Corpse Explosion","floor":41,"key":"SMITH"},{"data":"Acrobatics","floor":44,"key":"SMITH"},{"floor":49,"key":"REST"}],"neow_cost":"","seed_source_timestamp":0,"circlet_count":0,"master_deck":["Defend_G+1","Defend_G","Strike_G","Survivor+1","Neutralize+1","Unload+1","Unload+1","Unload+1","Unload","Unload","Escape Plan+1","Acrobatics+1","Escape Plan+1","Footwork+1","Doppelganger","A Thousand Cuts+1","Sucker Punch+1","Heel Hook+1","Cloak And Dagger","Backflip+1","Corpse Explosion+1","Cloak And Dagger","Bandage Up+1","Thinking Ahead+1","Dark Shackles+1"],"special_seed":17913,"relics":["Ring of the Snake","Regal Pillow","Ice Cream","Whetstone","FossilizedHelix","Bottled Flame","Darkstone Periapt","Blue Candle","MawBank","Vajra","Astrolabe","Pen Nib","Tiny Chest","Potion Belt","Lantern","Ancient Tea Set","Ornamental Fan","Kunai","Mercury Hourglass","Paper Crane","Singing Bowl","Smiling Mask","War Paint","Centennial Puzzle","Velvet Choker","Bottled Tornado","Meat on the Bone","Letter Opener","Anchor","Mummified Hand","Pear","Toxic Egg 2","Mango","Oddly Smooth Stone","Bronze Scales"],"potions_floor_usage":[35,50],"damage_taken":[{"damage":0.0,"enemies":"Cultist","floor":1.0,"turns":2.0},{"damage":0.0,"enemies":"Small Slimes","floor":3.0,"turns":2.0},{"damage":0.0,"enemies":"Jaw Worm","floor":4.0,"turns":1.0},{"damage":0.0,"enemies":"3 Louse","floor":5.0,"turns":2.0},{"damage":0.0,"enemies":"Gremlin Nob","floor":6.0,"turns":3.0},{"damage":0.0,"enemies":"Looter","floor":8.0,"turns":1.0},{"damage":0.0,"enemies":"Lagavulin","floor":10.0,"turns":5.0},{"damage":0.0,"enemies":"Hexaghost","floor":16.0,"turns":9.0},{"damage":5.0,"enemies":"Chosen","floor":18.0,"turns":4.0},{"damage":13.0,"enemies":"Shell Parasite","floor":19.0,"turns":4.0},{"damage":0.0,"enemies":"Centurion and Healer","floor":21.0,"turns":4.0},{"damage":0.0,"enemies":"Cultist and Chosen","floor":22.0,"turns":4.0},{"damage":16.0,"enemies":"Gremlin Leader","floor":23.0,"turns":3.0},{"damage":0.0,"enemies":"Snecko","floor":25.0,"turns":3.0},{"damage":0.0,"enemies":"Snake Plant","floor":27.0,"turns":2.0},{"damage":0.0,"enemies":"Cultist and Chosen","floor":29.0,"turns":3.0},{"damage":0.0,"enemies":"Book of Stabbing","floor":30.0,"turns":4.0},{"damage":0.0,"enemies":"Centurion and Healer","floor":31.0,"turns":5.0},{"damage":14.0,"enemies":"Automaton","floor":33.0,"turns":6.0},{"damage":0,"enemies":"3 Darklings","floor":35,"turns":3},{"damage":0,"enemies":"3 Shapes","floor":37,"turns":2},{"damage":0,"enemies":"3 Darklings","floor":38,"turns":2},{"damage":0,"enemies":"4 Shapes","floor":39,"turns":2},{"damage":5,"enemies":"Nemesis","floor":40,"turns":6},{"damage":0,"enemies":"Transient","floor":42,"turns":5},{"damage":0,"enemies":"3 Darklings","floor":47,"turns":3},{"damage":0,"enemies":"Jaw Worm Horde","floor":48,"turns":3},{"damage":29,"enemies":"Awakened One","floor":50,"turns":12}],"seed_played":"8498039095971969766","potions_obtained":[{"floor":3.0,"key":"EssenceOfSteel"},{"floor":5.0,"key":"Ancient Potion"},{"floor":8.0,"key":"PowerPotion"},{"floor":22.0,"key":"PowerPotion"},{"floor":23.0,"key":"FearPotion"},{"floor":25.0,"key":"Strength Potion"},{"floor":27.0,"key":"Dexterity Potion"},{"floor":29.0,"key":"SteroidPotion"},{"floor":33.0,"key":"Fruit Juice"},{"floor":35,"key":"AttackPotion"},{"floor":47,"key":"Energy Potion"}],"is_trial":false,"path_per_floor":["M","?","M","M","M","E","R","M","T","E","R","$","R","?","R","B",null,"M","M","T","M","M","E","?","M","T","M","R","M","E","M","R","B",null,"M","$","M","M","M","E","R","M","T","R","?","T","M","M","R","B",null],"character_chosen":"THE_SILENT","items_purchased":["Footwork","Vajra","Cloak And Dagger"],"campfire_rested":2,"item_purchase_floors":[12,12,36],"current_hp_per_floor":[70,70,70,70,70,70,70,70,70,70,70,70,70,70,70,70,70,65,52,52,52,52,36,36,36,36,36,70,70,70,70,70,56,70,75,75,75,75,75,72,72,82,82,82,72,86,92,92,101,78],"gold":678,"neow_bonus":"","is_prod":false,"is_daily":true,"chose_seed":false,"campfire_upgraded":7,"win_rate":0,"timestamp":1547780211,"path_taken":["M","?","?","M","M","E","R","M","T","E","R","$","R","?","R","BOSS","M","?","?","M","M","E","?","M","T","M","R","?","?","M","R","BOSS","M","$","M","M","M","E","R","M","T","R","?","?","M","M","R","BOSS"],"build_version":"2019-01-17","purchased_purges":2,"victory":true,"max_hp_per_floor":[70,70,70,70,70,70,70,70,70,70,70,70,70,70,70,70,70,70,70,70,70,70,70,70,70,70,70,70,70,70,70,70,70,70,75,75,75,75,75,77,77,87,87,87,87,101,101,101,101,101],"card_choices":[{"not_picked":["Deflect","Quick Slash"],"picked":"Acrobatics","floor":6.0},{"not_picked":["Outmaneuver","Storm of Steel"],"picked":"Escape Plan","floor":10.0},{"not_picked":["Wraith Form v2","Storm of Steel"],"picked":"Doppelganger","floor":16.0},{"not_picked":["Deflect+1","Sucker Punch"],"picked":"Cloak And Dagger","floor":23.0},{"not_picked":["Doppelganger","Expertise+1"],"picked":"Backflip+1","floor":30.0},{"not_picked":["Storm of Steel","Burst"],"picked":"Corpse Explosion","floor":33.0},{"not_picked":["Slice","Choke+1","Distraction"],"picked":"Singing Bowl","floor":40},{"not_picked":["Swift Strike","Master of Strategy+1"],"picked":"Bandage Up+1","floor":45},{"not_picked":["Forethought+1","Dramatic Entrance"],"picked":"Thinking Ahead+1","floor":45},{"not_picked":["Bandage Up+1","Discovery+1"],"picked":"Dark Shackles+1","floor":45}],"player_experience":817741,"relics_obtained":[{"floor":1.0,"key":"Regal Pillow"},{"floor":3.0,"key":"Ice Cream"},{"floor":4.0,"key":"Whetstone"},{"floor":5.0,"key":"FossilizedHelix"},{"floor":6.0,"key":"Bottled Flame"},{"floor":8.0,"key":"Darkstone Periapt"},{"floor":9.0,"key":"Blue Candle"},{"floor":10.0,"key":"MawBank"},{"floor":18.0,"key":"Pen Nib"},{"floor":19.0,"key":"Tiny Chest"},{"floor":20.0,"key":"Potion Belt"},{"floor":21.0,"key":"Lantern"},{"floor":22.0,"key":"Ancient Tea Set"},{"floor":23.0,"key":"Ornamental Fan"},{"floor":25.0,"key":"Mercury Hourglass"},{"floor":26.0,"key":"Paper Crane"},{"floor":27.0,"key":"Singing Bowl"},{"floor":29.0,"key":"Smiling Mask"},{"floor":30.0,"key":"War Paint"},{"floor":31.0,"key":"Centennial Puzzle"},{"floor":35,"key":"Bottled Tornado"},{"floor":37,"key":"Meat on the Bone"},{"floor":38,"key":"Letter Opener"},{"floor":39,"key":"Anchor"},{"floor":40,"key":"Mummified Hand"},{"floor":42,"key":"Pear"},{"floor":43,"key":"Toxic Egg 2"},{"floor":46,"key":"Mango"},{"floor":47,"key":"Oddly Smooth Stone"},{"floor":48,"key":"Bronze Scales"}],"event_choices":[{"damage_healed":0.0,"max_hp_gain":0.0,"max_hp_loss":0.0,"gold_gain":0.0,"cards_transformed":["Strike_G"],"event_name":"Transmorgrifier","player_choice":"Transformed","floor":2.0,"gold_loss":0.0,"damage_taken":0.0,"cards_obtained":["Escape Plan"]},{"cards_removed":["Defend_G"],"damage_healed":0.0,"max_hp_gain":0.0,"max_hp_loss":0.0,"gold_gain":0.0,"event_name":"Bonfire Elementals","player_choice":"Offered Basic","floor":14.0,"gold_loss":0.0,"damage_taken":0.0},{"damage_healed":0.0,"max_hp_gain":0.0,"max_hp_loss":0.0,"gold_gain":0.0,"event_name":"The Mausoleum","player_choice":"Opened","floor":24.0,"gold_loss":0.0,"damage_taken":0.0,"relics_obtained":["Kunai"]},{"damage_healed":0,"gold_gain":0,"player_choice":"Memory 3","damage_taken":10,"max_hp_gain":0,"max_hp_loss":0,"event_name":"SensoryStone","floor":45,"gold_loss":0}],"is_beta":false,"boss_relics":[{"not_picked":["Snecko Eye","Eternal Feather"],"picked":"Astrolabe"},{"not_picked":["Black Star","Calling Bell"],"picked":"Velvet Choker"}],"items_purged_floors":[12,36],"is_endless":false,"potions_floor_spawned":[3,5,8,22,23,25,27,29,33,35,47],"ascension_level":0}