{"gold_per_floor":[118,193,212,225,243,243,271,271,347,362,382,105,122,134,134,234,234,254,50,69,80,99,99,115,132,201,201,218,418,429,462,462,560,560,574,86,86,106,120,120,152,197,197,243,255,255,100,100,100,100],"floor_reached":51,"playtime":3569,"items_purged":["Strike_B","Strike_B"],"score":994,"play_id":"86b1eb81-12ca-4934-a8ef-996cc3df819b","local_time":"20181103135723","is_ascension_mode":true,"campfire_choices":[{"data":"Defragment","floor":6.0,"key":"SMITH"},{"data":"Zap","floor":8.0,"key":"SMITH"},{"floor":15.0,"key":"REST"},{"floor":23.0,"key":"REST"},{"data":"Defragment","floor":27.0,"key":"SMITH"},{"floor":32.0,"key":"REST"},{"data":"Defragment","floor":40,"key":"SMITH"},{"data":"Fission","floor":46,"key":"SMITH"},{"data":"Amplify","floor":49,"key":"SMITH"}],"neow_cost":"NONE","seed_source_timestamp":0,"circlet_count":0,"master_deck":["Strike_B","Strike_B","Defend_B","Defend_B","Defend_B","Defend_B","Zap+1","Dualcast","Defragment+1","Cold Snap","Buffer","Compile Driver","Electrodynamics","Defragment+1","White Noise","BootSequence","Self Repair","Amplify+1","Auto Shields+1","Chill","Defragment+1","Chill+1","Leap+1","Go for the Eyes","Go for the Eyes","FTL+1","Compile Driver+1","Meteor Strike","Ball Lightning+1","Storm+1","Hologram","Fission+1","Magnetism+1"],"special_seed":0,"relics":["Cracked Core","Calipers","Ornamental Fan","ClockworkSouvenir","Nuclear Battery","Symbiotic Virus","Bronze Scales","Coffee Dripper","Frozen Egg 2","Lantern","Art of War","FossilizedHelix","Dream Catcher","Centennial Puzzle","Happy Flower"],"potions_floor_usage":[42,42,50],"damage_taken":[{"damage":7.0,"enemies":"Jaw Worm","floor":1.0,"turns":3.0},{"damage":1.0,"enemies":"Cultist","floor":3.0,"turns":3.0},{"damage":0.0,"enemies":"2 Louse","floor":4.0,"turns":2.0},{"damage":2.0,"enemies":"2 Fungi Beasts","floor":5.0,"turns":5.0},{"damage":0.0,"enemies":"Gremlin Nob","floor":7.0,"turns":3.0},{"damage":0.0,"enemies":"Looter","floor":10.0,"turns":3.0},{"damage":0.0,"enemies":"Large Slime","floor":11.0,"turns":3.0},{"damage":19.0,"enemies":"Exordium Thugs","floor":13.0,"turns":2.0},{"damage":0.0,"enemies":"3 Louse","floor":14.0,"turns":2.0},{"damage":18.0,"enemies":"Hexaghost","floor":16.0,"turns":9.0},{"damage":38.0,"enemies":"2 Thieves","floor":18.0,"turns":4.0},{"damage":0.0,"enemies":"3 Byrds","floor":20.0,"turns":4.0},{"damage":7.0,"enemies":"Centurion and Healer","floor":21.0,"turns":7.0},{"damage":21.0,"enemies":"Snake Plant","floor":22.0,"turns":6.0},{"damage":19.0,"enemies":"3 Cultists","floor":24.0,"turns":5.0},{"damage":0.0,"enemies":"Cultist and Chosen","floor":25.0,"turns":9.0},{"damage":2.0,"enemies":"Snake Plant","floor":28.0,"turns":4.0},{"damage":0.0,"enemies":"Snecko","floor":30.0,"turns":4.0},{"damage":24.0,"enemies":"Book of Stabbing","floor":31.0,"turns":5.0},{"damage":0.0,"enemies":"Collector","floor":33.0,"turns":14.0},{"damage":0.0,"enemies":"3 Darklings","floor":35.0,"turns":5.0},{"damage":1.0,"enemies":"Orb Walker","floor":38.0,"turns":3.0},{"damage":0.0,"enemies":"4 Shapes","floor":39.0,"turns":5.0},{"damage":0,"enemies":"Reptomancer","floor":41,"turns":4},{"damage":5,"enemies":"2 Orb Walkers","floor":42,"turns":5},{"damage":0,"enemies":"Jaw Worm Horde","floor":45,"turns":4},{"damage":45,"enemies":"Donu and Deca","floor":50,"turns":7}],"seed_played":"8284853963464196611","potions_obtained":[{"floor":0.0,"key":"Strength Potion"},{"floor":0.0,"key":"Block Potion"},{"floor":0.0,"key":"Ancient Potion"},{"floor":1.0,"key":"AttackPotion"},{"floor":7.0,"key":"EntropicBrew"},{"floor":10.0,"key":"Ancient Potion"},{"floor":18.0,"key":"SkillPotion"},{"floor":21.0,"key":"SkillPotion"},{"floor":25.0,"key":"SkillPotion"},{"floor":30.0,"key":"FocusPotion"},{"floor":38.0,"key":"AttackPotion"},{"floor":41,"key":"FearPotion"},{"floor":45,"key":"Swift Potion"}],"is_trial":false,"path_per_floor":["M","?","M","M","M","R","E","R","T","M","M","$","M","M","R","B",null,"M","M","$","M","M","M","R","M","M","T","R","M","?","M","E","E","R","B",null,"M","$","$","M","M","M","R","E","?","T","T","M","R","$","?","R","B",null],"character_chosen":"DEFECT","items_purchased":["ClockworkSouvenir","Chill","Defragment","Frozen Egg 2","Lantern","Storm+1","Happy Flower"],"campfire_rested":3,"item_purchase_floors":[12,19,19,36,36,36,47],"current_hp_per_floor":[68,57,56,56,54,54,54,54,54,54,54,54,35,35,57,46,68,37,37,51,51,37,59,47,54,54,54,59,59,66,42,64,71,74,75,75,75,75,75,75,75,75,75,75,75,75,75,75,75,30],"gold":100,"neow_bonus":"THREE_SMALL_POTIONS","is_prod":false,"is_daily":false,"chose_seed":false,"campfire_upgraded":6,"win_rate":0,"timestamp":1541267843,"path_taken":["M","?","M","M","M","R","E","R","T","M","M","$","M","M","R","BOSS","M","$","M","M","M","R","M","M","T","R","M","?","M","E","R","BOSS","M","?","$","M","M","R","E","?","T","?","?","R","?","?","R","BOSS"],"build_version":"2018-11-01","purchased_purges":2,"victory":true,"max_hp_per_floor":[75,75,75,75,75,75,75,75,75,75,75,75,75,75,75,75,75,75,75,75,75,75,75,75,75,75,75,75,75,75,75,75,75,75,75,75,75,75,75,75,75,75,75,75,75,75,75,75,75,75],"card_choices":[{"not_picked":["Leap","Static Discharge"],"picked":"Defragment","floor":1.0},{"not_picked":["Doom and Gloom","Static Discharge"],"picked":"Cold Snap","floor":3.0},{"not_picked":["Steam","Reinforced Body"],"picked":"Buffer","floor":4.0},{"not_picked":["Sweeping Beam","Steam Power"],"picked":"Compile Driver","floor":5.0},{"not_picked":["Compile Driver","Redo"],"picked":"Electrodynamics","floor":7.0},{"not_picked":["FTL","Go for the Eyes"],"picked":"Defragment","floor":10.0},{"not_picked":["Heatsinks","Redo"],"picked":"White Noise","floor":11.0},{"not_picked":["Cold Snap","Static Discharge"],"picked":"BootSequence","floor":13.0},{"not_picked":["Conserve Battery","Steam"],"picked":"Self Repair","floor":14.0},{"not_picked":["Reboot","Hyperbeam"],"picked":"Amplify","floor":16.0},{"not_picked":["Static Discharge","Redo"],"picked":"Auto Shields+1","floor":18.0},{"not_picked":["Hello World","Stack"],"picked":"Chill+1","floor":20.0},{"not_picked":["Hologram","Redo"],"picked":"Leap+1","floor":21.0},{"not_picked":["Redo","Reinforced Body+1"],"picked":"Go for the Eyes","floor":22.0},{"not_picked":["Beam Cell","Recycle"],"picked":"Go for the Eyes","floor":24.0},{"not_picked":["Compile Driver","Force Field"],"picked":"FTL+1","floor":25.0},{"not_picked":["Streamline","Stack"],"picked":"Compile Driver+1","floor":28.0},{"not_picked":["Stack","Hyperbeam","Leap"],"picked":"SKIP","floor":30.0},{"not_picked":["Leap","Auto Shields+1","Compile Driver"],"picked":"SKIP","floor":31.0},{"not_picked":["Multi-Cast","Amplify"],"picked":"Meteor Strike","floor":33.0},{"not_picked":["Conserve Battery","Streamline+1"],"picked":"Ball Lightning+1","floor":35.0},{"not_picked":["Tempest","Sweeping Beam"],"picked":"Hologram","floor":38.0},{"not_picked":["Compile Driver","Hologram","Melter+1"],"picked":"SKIP","floor":39},{"not_picked":["BootSequence+1","Coolheaded","Doom and Gloom+1"],"picked":"SKIP","floor":41},{"not_picked":["Stack+1","Steam Power"],"picked":"Fission","floor":45},{"not_picked":["Purity","Dark Shackles"],"picked":"Magnetism+1","floor":48}],"player_experience":450508,"relics_obtained":[{"floor":7.0,"key":"Calipers"},{"floor":9.0,"key":"Ornamental Fan"},{"floor":26.0,"key":"Symbiotic Virus"},{"floor":31.0,"key":"Bronze Scales"},{"floor":41,"key":"Art of War"},{"floor":42,"key":"FossilizedHelix"},{"floor":43,"key":"Dream Catcher"},{"floor":44,"key":"Centennial Puzzle"}],"event_choices":[{"damage_healed":0.0,"max_hp_gain":0.0,"max_hp_loss":0.0,"gold_gain":75.0,"event_name":"World of Goop","player_choice":"Gather Gold","floor":2.0,"gold_loss":0.0,"damage_taken":11.0},{"damage_healed":0.0,"max_hp_gain":0.0,"max_hp_loss":0.0,"gold_gain":250.0,"event_name":"The Joust","player_choice":"Bet on Owner","floor":29.0,"gold_loss":50.0,"damage_taken":0.0},{"damage_healed":0,"gold_gain":0,"player_choice":"Fight","damage_taken":0,"max_hp_gain":0,"max_hp_loss":0,"event_name":"Mysterious Sphere","floor":42,"gold_loss":0},{"damage_healed":0,"gold_gain":0,"player_choice":"Memory 1","damage_taken":0,"max_hp_gain":0,"max_hp_loss":0,"event_name":"SensoryStone","floor":48,"gold_loss":0}],"is_beta":false,"boss_relics":[{"not_picked":["Eternal Feather","Lizard Tail"],"picked":"Nuclear Battery"},{"not_picked":["Sozu","Runic Dome"],"picked":"Coffee Dripper"}],"items_purged_floors":[12,19],"is_endless":false,"potions_floor_spawned":[1,3,7,10,18,21,25,30,38,41,45],"ascension_level":5}