{"gold_per_floor":[116,116,116,41,41,74,74,110,183,183,204,245,257,26,26,149,149,168,212,112,37,50,89,65,101,101,145,168,168,191,106,106,227,227,247,266,6,26,39,39,58,98,175,208,208,227,261,284,284,284],"floor_reached":51,"playtime":5663,"items_purged":["Defend_B","Shame","Defend_B"],"score":917,"play_id":"318c7f09-fdd4-4aed-a197-72e08dcf9d69","local_time":"20181008224819","is_ascension_mode":true,"campfire_choices":[{"floor":7,"key":"REST"},{"floor":10,"key":"REST"},{"data":"Sunder","floor":13,"key":"SMITH"},{"data":"Conserve Battery","floor":15,"key":"SMITH"},{"floor":29,"key":"REST"},{"data":"Zap","floor":32,"key":"SMITH"},{"floor":40,"key":"REST"},{"floor":49,"key":"REST"}],"neow_cost":"","seed_source_timestamp":2146888878143306,"circlet_count":0,"master_deck":["Strike_B","Strike_B","Defend_B+1","Defend_B","Zap+1","Dualcast+1","Sunder+1","Ball Lightning","Compile Driver","Conserve Battery+1","Cold Snap+1","Fission+1","Injury","Coolheaded+1","Sweeping Beam+1","Beam Cell+1","Thunder Strike+1","Sweeping Beam+1","Buffer+1","Defragment+1","Auto Shields+1","White Noise+1","Fission+1","Chill+1","Lockon+1","Ball Lightning+1","FTL+1","Ball Lightning+1","Consume+1","White Noise+1","FTL+1","Static Discharge+1","Creative AI+1"],"relics":["Cracked Core","Golden Idol","Regal Pillow","Pantograph","Molten Egg 2","MawBank","Toxic Egg 2","Calling Bell","Vajra","Meat on the Bone","Pocketwatch","Red Mask","Frozen Egg 2","Question Card","Darkstone Periapt","Bronze Scales","War Paint","Nuclear Battery","Membership Card","Oddly Smooth Stone","Tiny Chest","The Courier","Nunchaku","Turnip"],"potions_floor_usage":[6,18,23,23,27,33,38,42,44,50],"damage_taken":[{"damage":7,"enemies":"Jaw Worm","floor":1,"turns":3},{"damage":30,"enemies":"Gremlin Nob","floor":6,"turns":4},{"damage":21,"enemies":"Lagavulin","floor":8,"turns":5},{"damage":0,"enemies":"Small Slimes","floor":11,"turns":3},{"damage":22,"enemies":"3 Sentries","floor":12,"turns":5},{"damage":35,"enemies":"The Guardian","floor":16,"turns":10},{"damage":0,"enemies":"2 Thieves","floor":18,"turns":3},{"damage":12,"enemies":"Masked Bandits","floor":19,"turns":3},{"damage":9,"enemies":"Spheric Guardian","floor":22,"turns":3},{"damage":12,"enemies":"Gremlin Leader","floor":23,"turns":5},{"damage":15,"enemies":"Book of Stabbing","floor":25,"turns":4},{"damage":33,"enemies":"Slavers","floor":27,"turns":4},{"damage":6,"enemies":"Shelled Parasite and Fungi","floor":28,"turns":3},{"damage":0,"enemies":"Centurion and Healer","floor":30,"turns":5},{"damage":53,"enemies":"Automaton","floor":33,"turns":9},{"damage":4,"enemies":"3 Shapes","floor":35,"turns":2},{"damage":6,"enemies":"Orb Walker","floor":36,"turns":3},{"damage":20,"enemies":"4 Shapes","floor":38,"turns":5},{"damage":0,"enemies":"Transient","floor":39,"turns":5},{"damage":0,"enemies":"Spire Growth","floor":41,"turns":2},{"damage":13,"enemies":"Giant Head","floor":42,"turns":6},{"damage":0,"enemies":"2 Orb Walkers","floor":44,"turns":3},{"damage":8,"enemies":"Mind Bloom Boss Battle","floor":45,"turns":6},{"damage":1,"enemies":"Sphere and 2 Shapes","floor":46,"turns":5},{"damage":0,"enemies":"Nemesis","floor":47,"turns":3},{"damage":3,"enemies":"Reptomancer","floor":48,"turns":3},{"damage":59,"enemies":"Donu and Deca","floor":50,"turns":6}],"seed_played":"3543931727795804377","potions_obtained":[{"floor":1,"key":"FocusPotion"},{"floor":8,"key":"Block Potion"},{"floor":18,"key":"GamblersBrew"},{"floor":19,"key":"FocusPotion"},{"floor":25,"key":"Poison Potion"},{"floor":28,"key":"Block Potion"},{"floor":33,"key":"Energy Potion"},{"floor":35,"key":"FearPotion"},{"floor":36,"key":"Fruit Juice"},{"floor":46,"key":"Fire Potion"},{"floor":47,"key":"GamblersBrew"}],"is_trial":false,"path_per_floor":["M","?","?","$","?","E","R","E","T","R","M","E","R","$","R","B",null,"M","?","$","?","M","E","$","E","T","E","M","R","M","?","R","B",null,"M","M","$","M","M","R","M","E","T","E","?","M","E","M","R","B"],"character_chosen":"DEFECT","items_purchased":["Toxic Egg 2","Sweeping Beam+1","Membership Card"],"campfire_rested":5,"item_purchase_floors":[14,24,37],"current_hp_per_floor":[68,68,50,50,50,20,57,36,36,73,73,51,51,51,51,40,75,75,63,63,63,54,42,42,39,39,18,24,61,61,61,61,34,75,71,65,65,50,50,80,80,67,67,67,72,71,71,68,80,33],"gold":284,"neow_bonus":"","is_prod":false,"is_daily":false,"chose_seed":false,"campfire_upgraded":3,"win_rate":0,"timestamp":1539053299,"path_taken":["M","?","?","$","?","E","R","E","T","R","?","E","R","$","R","BOSS","M","?","$","?","M","E","$","E","T","E","?","R","M","?","R","BOSS","M","M","$","M","M","R","M","E","T","E","?","M","E","?","R","BOSS"],"build_version":"2018-10-04v2","purchased_purges":3,"victory":true,"max_hp_per_floor":[75,75,75,75,75,75,75,75,75,75,75,75,75,75,75,75,75,75,75,75,75,75,75,75,75,75,75,75,75,75,75,75,75,75,75,75,75,80,80,80,80,80,80,80,80,80,80,80,80,80],"card_choices":[{"not_picked":["Hologram","Consume"],"picked":"Sunder","floor":1},{"not_picked":["Meteor Strike","Core Surge"],"picked":"Ball Lightning","floor":6},{"not_picked":["Turbo","Force Field"],"picked":"Compile Driver","floor":8},{"not_picked":["Steam","Consume"],"picked":"Conserve Battery","floor":11},{"not_picked":["Chaos","Buffer"],"picked":"Cold Snap+1","floor":12},{"not_picked":["Hyperbeam+1","Creative AI"],"picked":"Fission+1","floor":16},{"not_picked":["Gash+1","Skim+1"],"picked":"Coolheaded+1","floor":18},{"not_picked":["Rebound+1","Turbo+1"],"picked":"Sweeping Beam+1","floor":19},{"not_picked":["Steam+1","Hologram+1"],"picked":"Beam Cell+1","floor":22},{"not_picked":["Turbo+1","Reinforced Body+1"],"picked":"Thunder Strike+1","floor":23},{"not_picked":["Hello World+1","Rebound+1"],"picked":"Buffer+1","floor":25},{"not_picked":["Compile Driver+1","Leap+1","BootSequence+1"],"picked":"Defragment+1","floor":27},{"not_picked":["Cold Snap+1","Coolheaded+1","Sweeping Beam+1"],"picked":"Auto Shields+1","floor":28},{"not_picked":["Rip and Tear+1","Turbo+1","Compile Driver+1"],"picked":"White Noise+1","floor":30},{"not_picked":["Hyperbeam+1","Buffer+1","Rainbow+1"],"picked":"Fission+1","floor":33},{"not_picked":["Cold Snap+1","Leap+1","Recycle+1"],"picked":"Chill+1","floor":35},{"not_picked":["Heatsinks+1","Leap+1","Redo+1"],"picked":"Lockon+1","floor":36},{"not_picked":["Streamline+1","Fusion+1","Glacier+1"],"picked":"Ball Lightning+1","floor":38},{"not_picked":["Leap+1","Hologram+1","Gash+1"],"picked":"FTL+1","floor":39},{"not_picked":["Coolheaded+1","Streamline+1","Sunder+1"],"picked":"Ball Lightning+1","floor":41},{"not_picked":["Self Repair+1","Tempest+1","Rebound+1","Reinforced Body+1"],"picked":"SKIP","floor":42},{"not_picked":["Compile Driver+1","Storm+1","Coolheaded+1"],"picked":"Consume+1","floor":44},{"not_picked":["Reboot+1","Rebound+1","Heatsinks+1"],"picked":"White Noise+1","floor":45},{"not_picked":["Sweeping Beam+1","Ball Lightning+1","Streamline+1"],"picked":"FTL+1","floor":46},{"not_picked":["Rebound+1","Storm+1","Loop+1"],"picked":"Static Discharge+1","floor":47},{"not_picked":["Coolheaded+1","Sweeping Beam+1","Hologram+1"],"picked":"Creative AI+1","floor":48}],"player_experience":207620,"relics_obtained":[{"floor":6,"key":"Regal Pillow"},{"floor":8,"key":"Pantograph"},{"floor":9,"key":"Molten Egg 2"},{"floor":12,"key":"MawBank"},{"floor":17,"key":"Vajra"},{"floor":17,"key":"Meat on the Bone"},{"floor":17,"key":"Pocketwatch"},{"floor":19,"key":"Red Mask"},{"floor":23,"key":"Frozen Egg 2"},{"floor":25,"key":"Question Card"},{"floor":26,"key":"Darkstone Periapt"},{"floor":27,"key":"Bronze Scales"},{"floor":42,"key":"Oddly Smooth Stone"},{"floor":43,"key":"Tiny Chest"},{"floor":44,"key":"The Courier"},{"floor":45,"key":"Nunchaku"},{"floor":47,"key":"Turnip"}],"event_choices":[{"event_name":"Living Wall","player_choice":"Forget","floor":2,"damage_taken":0},{"event_name":"Golden Idol","player_choice":"Take Damage","floor":3,"damage_taken":0},{"event_name":"Wheel of Change","player_choice":"Card Removal","floor":5,"damage_taken":0},{"event_name":"Masked Bandits","player_choice":"Fought Bandits","floor":19,"damage_taken":0},{"event_name":"Beggar","player_choice":"Gave Gold","floor":21,"damage_taken":0},{"event_name":"Addict","player_choice":"Obtained Relic","floor":31,"damage_taken":0},{"event_name":"MindBloom","player_choice":"Fight","floor":45,"damage_taken":0}],"is_beta":false,"boss_relics":[{"not_picked":["Pandora\u0027s Box","Runic Dome"],"picked":"Calling Bell"},{"not_picked":["Black Star","Eternal Feather"],"picked":"Nuclear Battery"}],"items_purged_floors":[4,20,37],"is_endless":false,"potions_floor_spawned":[1,8,18,19,25,28,33,35,36,46,47],"ascension_level":2}