{"gold_per_floor":[113,263,282,207,207,236,236,262,262,288,288],"floor_reached":11,"playtime":267,"items_purged":["Doubt"],"score":205,"play_id":"fab6bb80-9cc9-4bae-96b2-1564b888729f","local_time":"20181230002709","is_ascension_mode":true,"campfire_choices":[{"data":"Zap","floor":7,"key":"SMITH"}],"neow_cost":"NONE","seed_source_timestamp":197169944381537,"circlet_count":0,"master_deck":["AscendersBane","Strike_B","Strike_B","Strike_B+1","Strike_B","Defend_B","Defend_B+1","Defend_B+1","Defend_B","Zap+1","Dualcast","Beam Cell+1","Rebound+1","FTL","Gash","Gash"],"relics":["Cracked Core","NeowsBlessing","Whetstone","Turnip","Question Card","War Paint"],"potions_floor_usage":[8],"damage_taken":[{"damage":0,"enemies":"Small Slimes","floor":1,"turns":1},{"damage":0,"enemies":"2 Louse","floor":3,"turns":1},{"damage":0,"enemies":"3 Sentries","floor":6,"turns":1},{"damage":30,"enemies":"Lagavulin","floor":8,"turns":6},{"damage":20,"enemies":"3 Sentries","floor":10,"turns":6},{"damage":6,"enemies":"The Mushroom Lair","floor":11,"turns":2}],"seed_played":"8005760619563135928","potions_obtained":[{"floor":3,"key":"AttackPotion"},{"floor":6,"key":"SpeedPotion"}],"is_trial":false,"path_per_floor":["M","?","M","$","?","E","R","E","T","E","?"],"character_chosen":"DEFECT","items_purchased":[],"campfire_rested":0,"item_purchase_floors":[],"current_hp_per_floor":[64,64,64,64,64,64,64,34,34,14,8],"gold":288,"neow_bonus":"THREE_ENEMY_KILL","is_prod":false,"is_daily":false,"chose_seed":false,"campfire_upgraded":1,"win_rate":0,"timestamp":1546147629,"path_taken":["M","?","M","$","?","E","R","E","T","E","?"],"build_version":"2018-12-20","purchased_purges":1,"victory":false,"max_hp_per_floor":[71,71,71,71,71,71,71,71,71,71,71],"card_choices":[{"not_picked":["Steam","Glacier"],"picked":"Beam Cell","floor":1},{"not_picked":["Steam","Skim"],"picked":"Rebound","floor":3},{"not_picked":["Melter","BootSequence"],"picked":"FTL","floor":6},{"not_picked":["Chaos","Reinforced Body"],"picked":"Gash","floor":8},{"not_picked":["Stack","Melter","Steam"],"picked":"Gash","floor":10}],"player_experience":443445,"relics_obtained":[{"floor":6,"key":"Whetstone"},{"floor":8,"key":"Turnip"},{"floor":9,"key":"Question Card"},{"floor":10,"key":"War Paint"}],"event_choices":[{"damage_healed":0,"gold_gain":150,"player_choice":"AGREE","damage_taken":0,"max_hp_gain":0,"max_hp_loss":0,"event_name":"Liars Game","floor":2,"gold_loss":0,"cards_obtained":["Doubt"]},{"damage_healed":0,"gold_gain":0,"player_choice":"Grow","damage_taken":0,"max_hp_gain":0,"max_hp_loss":0,"event_name":"Living Wall","floor":5,"gold_loss":0,"cards_upgraded":["Rebound"]},{"damage_healed":0,"gold_gain":0,"player_choice":"Fought Mushrooms","damage_taken":0,"max_hp_gain":0,"max_hp_loss":0,"event_name":"Mushrooms","floor":11,"gold_loss":0}],"is_beta":false,"boss_relics":[],"items_purged_floors":[4],"is_endless":false,"potions_floor_spawned":[3,6],"killed_by":"The Mushroom Lair","ascension_level":16}