{"path_per_floor":["M","M","?","M","$","E","M","E","T","R","E","M","R","E","R"],"character_chosen":"IRONCLAD","items_purchased":[],"gold_per_floor":[109,123,123,140,65,94,112,144,144,144,174,187,187,215,215,215],"floor_reached":16,"campfire_rested":0,"playtime":1206,"current_hp_per_floor":[80,80,80,73,73,40,46,42,42,42,35,32,32,21,21,0],"items_purged":["Defend_R"],"gold":215,"score":137,"play_id":"dfb17201-2061-49db-8aa7-716360d9e450","local_time":"20180415085557","is_prod":false,"is_daily":false,"chose_seed":false,"is_ascension_mode":true,"campfire_upgraded":3,"timestamp":1523750157,"path_taken":["M","M","?","M","?","E","M","E","T","R","E","M","R","E","R","BOSS"],"build_version":"2018-04-12","seed_source_timestamp":1428028693023,"purchased_purges":1,"victory":false,"master_deck":["Strike_R","Strike_R","Strike_R","Strike_R","Strike_R","Defend_R","Defend_R","Defend_R","Bash","Armaments+1","Entrench","Normality","Flex","Inflame","Heavy Blade+1","Warcry","Juggernaut+1","Cleave","Warcry+1"],"max_hp_per_floor":[80,80,80,80,80,80,80,80,80,80,80,80,80,80,80,80],"relics":["Burning Blood","Orichalcum","Gambling Chip","Dodecahedron","Toxic Egg 2","Ornamental Fan","Prayer Wheel"],"card_choices":[{"not_picked":["Sword Boomerang","Sever Soul"],"picked":"Armaments","floor":1},{"not_picked":["Perfected Strike","Searing Blow"],"picked":"Entrench","floor":2},{"not_picked":["Rage","Thunderclap"],"picked":"Flex","floor":4},{"not_picked":["Intimidate","Battle Trance"],"picked":"Inflame","floor":6},{"not_picked":["Twin Strike","Entrench"],"picked":"Heavy Blade","floor":7},{"not_picked":["Shrug It Off","Thunderclap"],"picked":"Warcry","floor":8},{"not_picked":["Heavy Blade","Battle Trance"],"picked":"Juggernaut","floor":11},{"not_picked":["Flex","Sword Boomerang"],"picked":"Cleave","floor":12},{"not_picked":["Anger","Reckless Charge"],"picked":"Warcry","floor":14}],"player_experience":61883,"potions_floor_usage":[6],"damage_taken":[{"damage":2,"enemies":"Small Slimes","floor":1,"turns":4},{"damage":1,"enemies":"Cultist","floor":2,"turns":4},{"damage":13,"enemies":"Jaw Worm","floor":4,"turns":7},{"damage":39,"enemies":"Lagavulin","floor":6,"turns":9},{"damage":0,"enemies":"Large Slime","floor":7,"turns":5},{"damage":10,"enemies":"Gremlin Nob","floor":8,"turns":4},{"damage":13,"enemies":"3 Sentries","floor":11,"turns":11},{"damage":9,"enemies":"Looter","floor":12,"turns":3},{"damage":17,"enemies":"Gremlin Nob","floor":14,"turns":4},{"damage":26,"enemies":"The Guardian","floor":16,"turns":2}],"event_choices":[{"event_name":"Accursed Blacksmith","player_choice":"Rummage","floor":3,"damage_taken":0}],"boss_relics":[],"potions_floor_spawned":[2,8,12],"seed_played":"-254328848000653051","killed_by":"The Guardian","ascension_level":1,"is_trial":false}