{"gold_per_floor":[363,382,382,307,307,307,317,317,317,333,333,350,69,89,89,89],"floor_reached":16,"playtime":436,"items_purged":["Strike_B"],"score":147,"play_id":"42fb4631-e865-47e3-9d1b-2788a1288eef","local_time":"20181225210449","is_ascension_mode":true,"campfire_choices":[{"data":"Tempest","floor":6,"key":"SMITH"},{"data":"Zap","floor":8,"key":"SMITH"},{"data":"Chill","floor":11,"key":"SMITH"},{"data":"Loop","floor":15,"key":"SMITH"}],"neow_cost":"TEN_PERCENT_HP_LOSS","seed_source_timestamp":705911524485935,"circlet_count":0,"master_deck":["AscendersBane","Strike_B","Strike_B","Strike_B","Defend_B","Defend_B","Defend_B","Defend_B","Zap+1","Dualcast+1","Tempest+1","Chill+1","Cold Snap","Loop+1"],"relics":["Cracked Core","Regal Pillow","Mummified Hand","ClockworkSouvenir"],"potions_floor_usage":[16],"damage_taken":[{"damage":2,"enemies":"Small Slimes","floor":1,"turns":3},{"damage":1,"enemies":"Cultist","floor":2,"turns":3},{"damage":0,"enemies":"2 Louse","floor":7,"turns":2},{"damage":1,"enemies":"2 Fungi Beasts","floor":10,"turns":2},{"damage":0,"enemies":"3 Louse","floor":12,"turns":4},{"damage":4,"enemies":"Red Slaver","floor":14,"turns":2},{"damage":27,"enemies":"The Guardian","floor":16,"turns":9}],"seed_played":"8558034254455469968","potions_obtained":[{"floor":10,"key":"Energy Potion"},{"floor":12,"key":"SkillPotion"}],"is_trial":false,"path_per_floor":["M","M","?","$","?","R","M","R","T","M","R","M","$","M","R","B"],"character_chosen":"DEFECT","items_purchased":["Loop","ClockworkSouvenir"],"campfire_rested":0,"item_purchase_floors":[13,13],"current_hp_per_floor":[66,65,32,32,32,32,32,32,32,31,31,31,31,27,27,0],"gold":89,"neow_bonus":"TWO_FIFTY_GOLD","is_prod":false,"is_daily":false,"chose_seed":false,"campfire_upgraded":4,"win_rate":0,"timestamp":1545739489,"path_taken":["M","M","?","$","?","R","?","R","T","M","R","M","$","M","R","BOSS"],"build_version":"2018-12-20","purchased_purges":1,"victory":false,"max_hp_per_floor":[68,68,68,68,68,68,68,68,68,68,68,68,68,68,68,68],"card_choices":[{"not_picked":["Stack","Compile Driver","Leap"],"picked":"SKIP","floor":1},{"not_picked":["Streamline","Melter"],"picked":"Tempest","floor":2},{"not_picked":["Lockon","Aggregate"],"picked":"Chill","floor":7},{"not_picked":["Barrage","Go for the Eyes"],"picked":"Cold Snap","floor":10},{"not_picked":["Sweeping Beam","Beam Cell","Stack"],"picked":"SKIP","floor":12},{"not_picked":["Beam Cell","Compile Driver","Lockon"],"picked":"SKIP","floor":14}],"player_experience":680740,"relics_obtained":[{"floor":9,"key":"Mummified Hand"}],"event_choices":[{"damage_healed":0,"gold_gain":0,"player_choice":"Success","damage_taken":33,"relics_obtained":["Regal Pillow"],"max_hp_gain":0,"max_hp_loss":0,"event_name":"Scrap Ooze","floor":3,"gold_loss":0},{"damage_healed":0,"gold_gain":0,"player_choice":"Upgraded","damage_taken":0,"max_hp_gain":0,"max_hp_loss":0,"event_name":"Upgrade Shrine","floor":5,"gold_loss":0,"cards_upgraded":["Dualcast"]}],"is_beta":false,"boss_relics":[],"items_purged_floors":[4],"is_endless":false,"potions_floor_spawned":[10,12,14],"killed_by":"The Guardian","ascension_level":12}