{"gold_per_floor":[110,110,7,27,39,39,66,78,159,171,183,195,223,28,28,28],"floor_reached":16,"playtime":485,"items_purged":["Regret"],"score":181,"play_id":"b55c8b5f-b477-4a02-91a1-03175061829a","local_time":"20190109183504","is_ascension_mode":true,"campfire_choices":[{"data":"Zap","floor":6,"key":"SMITH"},{"data":"Dualcast","floor":8,"key":"SMITH"},{"data":"Auto Shields","floor":12,"key":"SMITH"},{"data":"Defragment","floor":15,"key":"SMITH"}],"neow_cost":"NONE","seed_source_timestamp":1992848638272176,"circlet_count":0,"master_deck":["AscendersBane","Strike_B","Strike_B","Strike_B","Defend_B","Defend_B","Defend_B","Defend_B","Zap+1","Dualcast+1","Cold Snap","Auto Shields+1","Melter+1","Coolheaded","Amplify+1","Conserve Battery","Defragment+1","Consume","Coolheaded"],"relics":["Cracked Core","NeowsBlessing","Centennial Puzzle","MawBank","Molten Egg 2"],"potions_floor_usage":[13],"damage_taken":[{"damage":0,"enemies":"2 Louse","floor":1,"turns":1},{"damage":0,"enemies":"Jaw Worm","floor":4,"turns":1},{"damage":0,"enemies":"Cultist","floor":5,"turns":1},{"damage":20,"enemies":"Gremlin Nob","floor":7,"turns":4},{"damage":19,"enemies":"Lots of Slimes","floor":13,"turns":5},{"damage":8,"enemies":"Hexaghost","floor":16,"turns":11}],"seed_played":"8978691875482044439","potions_obtained":[{"floor":1,"key":"LiquidBronze"},{"floor":4,"key":"Energy Potion"},{"floor":7,"key":"SkillPotion"}],"is_trial":false,"path_per_floor":["M","?","$","M","M","R","E","R","T","?","?","R","M","$","R","B"],"character_chosen":"DEFECT","items_purchased":["Cold Snap","Defragment","Consume","Coolheaded"],"campfire_rested":0,"item_purchase_floors":[3,14,14,14],"current_hp_per_floor":[64,64,64,64,64,64,44,44,44,44,23,23,4,4,4,0],"gold":28,"neow_bonus":"THREE_ENEMY_KILL","is_prod":false,"is_daily":false,"chose_seed":false,"campfire_upgraded":4,"win_rate":0,"timestamp":1547026504,"path_taken":["M","?","$","M","M","R","E","R","T","?","?","R","M","?","R","BOSS"],"build_version":"2019-01-03v4","purchased_purges":1,"victory":false,"max_hp_per_floor":[71,71,71,71,71,71,71,71,71,71,71,71,71,71,71,71],"card_choices":[{"not_picked":["Blizzard","Streamline","Stack"],"picked":"SKIP","floor":1},{"not_picked":["Gash","Stack"],"picked":"Auto Shields","floor":4},{"not_picked":["Scrape","Compile Driver"],"picked":"Melter","floor":5},{"not_picked":["Chaos","BootSequence"],"picked":"Coolheaded","floor":7},{"not_picked":["Fusion","Scrape+1"],"picked":"Conserve Battery","floor":13}],"player_experience":794184,"relics_obtained":[{"floor":7,"key":"MawBank"},{"floor":9,"key":"Molten Egg 2"}],"event_choices":[{"damage_healed":0,"gold_gain":0,"player_choice":"Box","damage_taken":0,"relics_obtained":["Centennial Puzzle"],"max_hp_gain":0,"max_hp_loss":0,"event_name":"Big Fish","floor":2,"gold_loss":0,"cards_obtained":["Regret"]},{"damage_healed":0,"gold_gain":0,"cards_transformed":["Strike_B"],"player_choice":"Change","damage_taken":0,"max_hp_gain":0,"max_hp_loss":0,"event_name":"Living Wall","floor":10,"gold_loss":0,"cards_obtained":["Amplify"]},{"damage_healed":0,"gold_gain":0,"player_choice":"Entered Light","damage_taken":21,"max_hp_gain":0,"max_hp_loss":0,"event_name":"Shining Light","floor":11,"gold_loss":0,"cards_upgraded":["Amplify","Melter"]}],"is_beta":false,"boss_relics":[],"items_purged_floors":[3],"is_endless":false,"potions_floor_spawned":[1,4,7],"killed_by":"Hexaghost","ascension_level":17}