{"gold_per_floor":[111,111,186,197,210,210,235,160,160,147,147,8,42,60,60,165,165,177,24,40,59,59,59],"floor_reached":23,"playtime":2108,"items_purged":["Strike_G","Strike_G"],"score":231,"play_id":"15df622d-3fee-41b7-a584-3fb5d7470153","local_time":"20181019232358","is_ascension_mode":true,"campfire_choices":[{"floor":6,"key":"REST"},{"floor":15,"key":"REST"}],"neow_cost":"NONE","seed_source_timestamp":855645197502653,"circlet_count":0,"master_deck":["Defend_G","Defend_G","Defend_G","Defend_G","Defend_G","Strike_G","Strike_G","Strike_G","Survivor","Neutralize+1","Backflip+1","Flying Knee","Backflip","Dagger Throw","Noxious Fumes","Caltrops","Footwork","Corpse Explosion","Poisoned Stab+1","Footwork","Noxious Fumes+1","Heel Hook"],"relics":["Ring of the Snake","NeowsBlessing","Tingsha","Letter Opener","Darkstone Periapt","WristBlade"],"potions_floor_usage":[7,13,16,21,21,23,23],"damage_taken":[{"damage":0,"enemies":"2 Louse","floor":1,"turns":1},{"damage":0,"enemies":"Small Slimes","floor":4,"turns":1},{"damage":0,"enemies":"Cultist","floor":5,"turns":1},{"damage":24,"enemies":"Gremlin Nob","floor":7,"turns":5},{"damage":5,"enemies":"Exordium Thugs","floor":10,"turns":4},{"damage":14,"enemies":"3 Sentries","floor":13,"turns":7},{"damage":13,"enemies":"Blue Slaver","floor":14,"turns":4},{"damage":45,"enemies":"Slime Boss","floor":16,"turns":11},{"damage":1,"enemies":"Shell Parasite","floor":18,"turns":6},{"damage":16,"enemies":"Spheric Guardian","floor":20,"turns":5},{"damage":19,"enemies":"Snake Plant","floor":21,"turns":4},{"damage":49,"enemies":"Slavers","floor":23,"turns":3}],"seed_played":"3480660479705976740","potions_obtained":[{"floor":5,"key":"Strength Potion"},{"floor":10,"key":"LiquidBronze"},{"floor":13,"key":"Fire Potion"},{"floor":16,"key":"PowerPotion"},{"floor":18,"key":"LiquidBronze"},{"floor":21,"key":"AttackPotion"}],"is_trial":false,"path_per_floor":["M","?","?","M","M","R","E","$","T","M","?","$","E","M","R","B",null,"M","$","M","M","?"],"character_chosen":"THE_SILENT","items_purchased":["Noxious Fumes","Footwork","Regen Potion"],"campfire_rested":2,"item_purchase_floors":[12,19,19],"current_hp_per_floor":[70,56,45,45,45,66,42,42,42,37,60,60,46,33,54,9,70,69,69,53,48,41,0],"gold":59,"neow_bonus":"THREE_ENEMY_KILL","is_prod":false,"is_daily":false,"chose_seed":false,"campfire_upgraded":0,"win_rate":0,"timestamp":1540005838,"path_taken":["M","?","?","?","M","R","E","?","T","M","?","$","E","?","R","BOSS","M","$","M","M","?","E"],"build_version":"2018-10-18","purchased_purges":2,"victory":false,"max_hp_per_floor":[70,70,70,70,70,70,70,70,70,70,70,70,70,70,70,70,70,70,70,70,70,70,70],"card_choices":[{"not_picked":["Poisoned Stab","PiercingWail"],"picked":"Backflip","floor":1},{"not_picked":["Poisoned Stab","Deadly Poison"],"picked":"Flying Knee","floor":4},{"not_picked":["Concentrate","Acrobatics"],"picked":"Backflip","floor":5},{"not_picked":["Slice","Deflect","Eviscerate"],"picked":"SKIP","floor":7},{"not_picked":["Acrobatics","Wraith Form v2"],"picked":"Dagger Throw","floor":10},{"not_picked":["Well Laid Plans","Setup"],"picked":"Caltrops","floor":13},{"not_picked":["Leg Sweep","Skewer"],"picked":"Footwork","floor":14},{"not_picked":["After Image","Venomology"],"picked":"Corpse Explosion","floor":16},{"not_picked":["Dagger Throw+1","Slice"],"picked":"Poisoned Stab+1","floor":18},{"not_picked":["Endless Agony+1","Prepared+1"],"picked":"Noxious Fumes+1","floor":20},{"not_picked":["Slice","Riddle With Holes+1"],"picked":"Heel Hook","floor":21}],"player_experience":332037,"relics_obtained":[{"floor":7,"key":"Tingsha"},{"floor":9,"key":"Letter Opener"},{"floor":13,"key":"Darkstone Periapt"}],"event_choices":[{"damage_healed":0,"gold_gain":0,"player_choice":"Entered Light","damage_taken":14,"max_hp_gain":0,"max_hp_loss":0,"event_name":"Shining Light","floor":2,"gold_loss":0,"cards_upgraded":["Neutralize","Backflip"]},{"damage_healed":0,"gold_gain":75,"player_choice":"Gather Gold","damage_taken":11,"max_hp_gain":0,"max_hp_loss":0,"event_name":"World of Goop","floor":3,"gold_loss":0},{"damage_healed":23,"gold_gain":0,"player_choice":"Banana","damage_taken":0,"max_hp_gain":0,"max_hp_loss":0,"event_name":"Big Fish","floor":11,"gold_loss":0},{"damage_healed":0,"gold_gain":0,"player_choice":"","damage_taken":7,"max_hp_gain":0,"max_hp_loss":0,"event_name":"Knowing Skull","floor":22,"potions_obtained":[],"gold_loss":0,"cards_obtained":[]}],"is_beta":false,"boss_relics":[{"not_picked":["Busted Crown","Runic Dome"],"picked":"WristBlade"}],"items_purged_floors":[8,12],"is_endless":false,"potions_floor_spawned":[5,10,13,16,18,21],"killed_by":"Slavers","ascension_level":3}