{"gold_per_floor":[211,228,2,2,15,15,47,47,47,62,80,3,3,36,36,134,134,154,154,168,86,155,155,171,171,195,214,233,246,246,263,263,366,366,383,140,153,163,182,182,215,215,215,235,0,0,0,0,0,0],"floor_reached":51,"playtime":2946,"items_purged":["Strike_R"],"score":689,"play_id":"cc702c39-7895-4e69-a6b8-81bc0cc9c8f8","local_time":"20190205185903","is_ascension_mode":false,"campfire_choices":[{"data":"Discovery","floor":6,"key":"SMITH"},{"data":"Shockwave","floor":8,"key":"SMITH"},{"data":"Defend_R","floor":15,"key":"SMITH"},{"data":"Uppercut","floor":23,"key":"SMITH"},{"data":"Headbutt","floor":25,"key":"SMITH"},{"data":"Pommel Strike","floor":32,"key":"SMITH"},{"floor":40,"key":"REST"},{"floor":42,"key":"REST"},{"floor":46,"key":"REST"},{"floor":49,"key":"REST"}],"neow_cost":"NONE","seed_source_timestamp":468875568209101,"circlet_count":0,"master_deck":["Strike_R","Strike_R","Defend_R","Defend_R","Defend_R","Defend_R+1","Bash+1","Shockwave+1","Discovery+1","Headbutt+1","Pommel Strike+1","Burning Pact","Reaper","Shrug It Off+1","Heavy Blade+1","Uppercut+1","Clothesline+1","Exhume","Master of Strategy","Disarm+1","Madness","Madness"],"relics":["Burning Blood","Orichalcum","Pantograph","Singing Bowl","Snecko Eye","Gremlin Horn","Strawberry","Lizard Tail","Bag of Preparation","Self Forming Clay","Red Mask"],"potions_floor_usage":[18,29,33,33,33,38,39,41,41],"damage_taken":[{"damage":1,"enemies":"Cultist","floor":1,"turns":3},{"damage":10,"enemies":"Jaw Worm","floor":2,"turns":4},{"damage":0,"enemies":"2 Louse","floor":5,"turns":1},{"damage":35,"enemies":"3 Sentries","floor":7,"turns":7},{"damage":0,"enemies":"Exordium Thugs","floor":10,"turns":3},{"damage":7,"enemies":"Red Slaver","floor":11,"turns":4},{"damage":14,"enemies":"Lagavulin","floor":14,"turns":4},{"damage":64,"enemies":"Slime Boss","floor":16,"turns":14},{"damage":9,"enemies":"2 Thieves","floor":18,"turns":3},{"damage":14,"enemies":"Spheric Guardian","floor":20,"turns":6},{"damage":6,"enemies":"Cultist and Chosen","floor":24,"turns":5},{"damage":0,"enemies":"Snecko","floor":27,"turns":4},{"damage":0,"enemies":"Centurion and Healer","floor":28,"turns":3},{"damage":0,"enemies":"Snake Plant","floor":29,"turns":2},{"damage":34,"enemies":"Shelled Parasite and Fungi","floor":31,"turns":5},{"damage":38,"enemies":"Champ","floor":33,"turns":9},{"damage":15,"enemies":"Orb Walker","floor":35,"turns":4},{"damage":20,"enemies":"3 Darklings","floor":37,"turns":6},{"damage":23,"enemies":"Spire Growth","floor":38,"turns":5},{"damage":39,"enemies":"Sphere and 2 Shapes","floor":39,"turns":6},{"damage":98,"enemies":"Giant Head","floor":41,"turns":10},{"damage":0,"enemies":"Transient","floor":44,"turns":5},{"damage":110,"enemies":"Time Eater","floor":50,"turns":12}],"seed_played":"-4292235755162542068","potions_obtained":[{"floor":2,"key":"Poison Potion"},{"floor":10,"key":"Swift Potion"},{"floor":16,"key":"FearPotion"},{"floor":20,"key":"Swift Potion"},{"floor":31,"key":"Poison Potion"},{"floor":37,"key":"Fire Potion"},{"floor":38,"key":"Block Potion"},{"floor":39,"key":"PowerPotion"}],"is_trial":false,"path_per_floor":["M","M","$","?","M","R","E","R","T","M","M","$","?","E","R","B",null,"M","?","M","$","T","R","M","R","T","M","M","M","$","M","R","B",null,"M","$","M","M","M","R","E","R","T","M","?","R","?","?","R","B",null],"character_chosen":"IRONCLAD","items_purchased":["Shockwave","Discovery","Burning Pact","Uppercut","Dexterity Potion","Master of Strategy"],"campfire_rested":4,"item_purchase_floors":[3,3,12,21,36,36],"current_hp_per_floor":[80,76,76,76,80,80,51,51,51,57,56,56,56,50,50,17,82,82,82,82,82,82,82,84,84,91,91,93,95,95,75,75,68,97,96,96,101,86,67,98,13,44,44,52,52,84,71,73,105,11],"gold":0,"neow_bonus":"HUNDRED_GOLD","is_prod":false,"is_daily":false,"chose_seed":false,"campfire_upgraded":6,"win_rate":0,"timestamp":1549411143,"path_taken":["M","?","$","?","?","R","E","R","T","M","M","$","?","E","R","BOSS","M","?","M","$","?","R","M","R","T","M","M","?","$","M","R","BOSS","M","$","M","M","M","R","E","R","T","M","?","R","?","?","R","BOSS"],"build_version":"2019-01-23","purchased_purges":1,"victory":true,"max_hp_per_floor":[80,80,80,80,80,80,80,80,80,80,80,80,80,82,82,82,82,82,82,82,82,82,82,84,84,91,91,93,95,95,97,97,97,97,99,99,101,103,105,105,105,105,105,107,107,107,107,109,109,109],"card_choices":[{"not_picked":["Sword Boomerang","Intimidate","Clash"],"picked":"SKIP","floor":1},{"not_picked":["Sword Boomerang","Warcry","Burning Pact"],"picked":"SKIP","floor":2},{"not_picked":["Body Slam","Juggernaut"],"picked":"Headbutt","floor":5},{"not_picked":["True Grit","Whirlwind","Entrench"],"picked":"SKIP","floor":7},{"not_picked":["Bloodletting","Sentinel","Carnage"],"picked":"SKIP","floor":10},{"not_picked":["Second Wind","Metallicize"],"picked":"Pommel Strike","floor":11},{"not_picked":["Combust","Perfected Strike","Cleave"],"picked":"Singing Bowl","floor":14},{"not_picked":["Double Tap","Brutality"],"picked":"Reaper","floor":16},{"not_picked":["True Grit+1","Cleave"],"picked":"Shrug It Off+1","floor":18},{"not_picked":["Intimidate","Warcry"],"picked":"Heavy Blade+1","floor":20},{"not_picked":["Fire Breathing","Perfected Strike","True Grit"],"picked":"Singing Bowl","floor":24},{"not_picked":["Havoc","Limit Break"],"picked":"Clothesline+1","floor":27},{"not_picked":["Thunderclap","Heavy Blade","Clothesline"],"picked":"Singing Bowl","floor":28},{"not_picked":["Thunderclap","Iron Wave","Burning Pact"],"picked":"Singing Bowl","floor":29},{"not_picked":["Armaments","Entrench+1","Twin Strike+1"],"picked":"Singing Bowl","floor":31},{"not_picked":["Dark Embrace","Double Tap"],"picked":"Exhume","floor":33},{"not_picked":["Cleave","Warcry+1","Headbutt"],"picked":"Singing Bowl","floor":35},{"not_picked":["Corruption+1","Warcry+1","Pommel Strike+1"],"picked":"Singing Bowl","floor":37},{"not_picked":["Heavy Blade+1","Wild Strike","Sword Boomerang+1"],"picked":"Singing Bowl","floor":38},{"not_picked":["Cleave+1","Heavy Blade","Burning Pact"],"picked":"Singing Bowl","floor":39},{"not_picked":["Flex","Immolate"],"picked":"Disarm+1","floor":41},{"not_picked":["Heavy Blade+1","Metallicize+1","Perfected Strike+1"],"picked":"Singing Bowl","floor":44},{"not_picked":["Panacea","Dramatic Entrance","Panache"],"picked":"Singing Bowl","floor":48}],"player_experience":171268,"relics_obtained":[{"floor":7,"key":"Orichalcum"},{"floor":9,"key":"Pantograph"},{"floor":14,"key":"Singing Bowl"},{"floor":22,"key":"Gremlin Horn"},{"floor":26,"key":"Strawberry"},{"floor":41,"key":"Bag of Preparation"},{"floor":43,"key":"Self Forming Clay"}],"event_choices":[{"cards_removed":["Strike_R"],"damage_healed":0,"gold_gain":0,"player_choice":"Offered Basic","damage_taken":0,"max_hp_gain":0,"max_hp_loss":0,"event_name":"Bonfire Elementals","floor":4,"gold_loss":0},{"damage_healed":0,"gold_gain":0,"player_choice":"Grow","damage_taken":0,"max_hp_gain":0,"max_hp_loss":0,"event_name":"Living Wall","floor":13,"gold_loss":0,"cards_upgraded":["Bash"]},{"cards_removed":["Strike_R"],"damage_healed":0,"gold_gain":0,"player_choice":"Purged","damage_taken":0,"max_hp_gain":0,"max_hp_loss":0,"event_name":"Purifier","floor":19,"gold_loss":0},{"damage_healed":0,"gold_gain":0,"player_choice":"Paid","damage_taken":0,"relics_obtained":["Red Mask"],"max_hp_gain":0,"max_hp_loss":0,"event_name":"Tomb of Lord Red Mask","floor":45,"gold_loss":235},{"damage_healed":0,"gold_gain":0,"player_choice":"Embrace Madness","damage_taken":13,"max_hp_gain":0,"max_hp_loss":0,"event_name":"Winding Halls","floor":47,"gold_loss":0,"cards_obtained":["Madness","Madness"]},{"damage_healed":0,"gold_gain":0,"player_choice":"Memory 1","damage_taken":0,"max_hp_gain":0,"max_hp_loss":0,"event_name":"SensoryStone","floor":48,"gold_loss":0}],"is_beta":false,"boss_relics":[{"not_picked":["Runic Dome","Cursed Key"],"picked":"Snecko Eye"},{"not_picked":["Runic Pyramid","Empty Cage"],"picked":"Lizard Tail"}],"items_purged_floors":[3],"is_endless":false,"potions_floor_spawned":[2,10,16,20,27,31,37,38,39],"ascension_level":0}