{"gold_per_floor":[109,109,109,119,132,132,165,165,236,236,249,264,275,291,291,389,389,399,399],"floor_reached":19,"playtime":1005,"items_purged":[],"score":239,"play_id":"961992f3-bc6c-42c8-84f8-1a55380f2c5b","local_time":"20190203181329","is_ascension_mode":true,"campfire_choices":[{"data":"Zap","floor":6.0,"key":"SMITH"},{"data":"Beam Cell","floor":8.0,"key":"SMITH"},{"data":"Coolheaded","floor":10.0,"key":"SMITH"},{"floor":15.0,"key":"REST"}],"neow_cost":"NONE","seed_source_timestamp":251412975172286,"circlet_count":0,"master_deck":["Strike_B","Strike_B","Strike_B","Defend_B","Defend_B","Defend_B","Defend_B","Zap+1","Dualcast","Beam Cell+1","Sweeping Beam","FTL","Coolheaded+1","Doom and Gloom","Go for the Eyes","Steam","Darkness","All For One","Electrodynamics","Ball Lightning"],"special_seed":0,"relics":["Cracked Core","DataDisk","Question Card","Nuclear Battery"],"potions_floor_usage":[],"damage_taken":[{"damage":1.0,"enemies":"Cultist","floor":1.0,"turns":3.0},{"damage":5.0,"enemies":"2 Louse","floor":4.0,"turns":2.0},{"damage":4.0,"enemies":"Jaw Worm","floor":5.0,"turns":3.0},{"damage":21.0,"enemies":"Lagavulin","floor":7.0,"turns":7.0},{"damage":9.0,"enemies":"Large Slime","floor":11.0,"turns":4.0},{"damage":5.0,"enemies":"Red Slaver","floor":12.0,"turns":2.0},{"damage":2.0,"enemies":"Exordium Thugs","floor":13.0,"turns":2.0},{"damage":3.0,"enemies":"Looter","floor":14.0,"turns":3.0},{"damage":34.0,"enemies":"The Guardian","floor":16.0,"turns":10.0},{"damage":2.0,"enemies":"Shell Parasite","floor":18.0,"turns":3.0},{"damage":0,"enemies":"Colosseum Slavers","floor":19,"turns":1}],"seed_played":"-7854210178740400287","potions_obtained":[{"floor":7.0,"key":"EssenceOfSteel"},{"floor":12.0,"key":"Swift Potion"},{"floor":13.0,"key":"Explosive Potion"},{"floor":14.0,"key":"SteroidPotion"}],"is_trial":false,"path_per_floor":["M","$","?","M","M","R","E","R","T","R","M","M","M","M","R","B",null,"M","?"],"character_chosen":"DEFECT","items_purchased":[],"campfire_rested":1,"item_purchase_floors":[],"current_hp_per_floor":[74,74,74,69,65,65,44,44,44,44,35,30,28,25,49,15,65,63,63],"gold":399,"neow_bonus":"TEN_PERCENT_HP_BONUS","is_prod":false,"is_daily":false,"chose_seed":false,"campfire_upgraded":3,"win_rate":0,"timestamp":1549246409,"path_taken":["M","?","?","M","M","R","E","R","T","R","M","M","M","?","R","BOSS","M","?"],"build_version":"2019-01-23","purchased_purges":0,"victory":false,"max_hp_per_floor":[82,82,82,82,82,82,82,82,82,82,82,82,82,82,82,82,82,82,82],"card_choices":[{"not_picked":["Sweeping Beam","Conserve Battery"],"picked":"Beam Cell","floor":1.0},{"not_picked":["Gash","Conserve Battery"],"picked":"FTL","floor":4.0},{"not_picked":["Gash","Barrage"],"picked":"Coolheaded","floor":5.0},{"not_picked":["Coolheaded","Rip and Tear"],"picked":"Doom and Gloom","floor":7.0},{"not_picked":["Hologram","Steam","Coolheaded"],"picked":"Go for the Eyes","floor":11.0},{"not_picked":["Heatsinks","Redo","Turbo"],"picked":"Steam","floor":12.0},{"not_picked":["Melter","Steam","Sweeping Beam"],"picked":"Darkness","floor":13.0},{"not_picked":["Barrage","Beam Cell","Redo"],"picked":"All For One","floor":14.0},{"not_picked":["Rainbow","Reboot","Creative AI"],"picked":"Electrodynamics","floor":16.0},{"not_picked":["Barrage","Recycle","Gash"],"picked":"Ball Lightning","floor":18.0}],"player_experience":457885,"relics_obtained":[{"floor":7.0,"key":"DataDisk"},{"floor":9.0,"key":"Question Card"}],"event_choices":[{"damage_healed":0.0,"max_hp_gain":0.0,"max_hp_loss":0.0,"gold_gain":0.0,"cards_transformed":["Strike_B"],"event_name":"Transmorgrifier","player_choice":"Transformed","floor":3.0,"gold_loss":0.0,"damage_taken":0.0,"cards_obtained":["Sweeping Beam"]},{"damage_healed":0,"gold_gain":0,"player_choice":"Fight","damage_taken":0,"max_hp_gain":0,"max_hp_loss":0,"event_name":"Colosseum","floor":19,"gold_loss":0}],"is_beta":false,"boss_relics":[{"not_picked":["Runic Dome","Fusion Hammer"],"picked":"Nuclear Battery"}],"items_purged_floors":[],"is_endless":false,"potions_floor_spawned":[7,12,13,14],"killed_by":"Colosseum Slavers","ascension_level":8}