{"gold_per_floor":[109,122,12,12,22,48,48,105,155,155,174,187,197,222,222,294,294,310,86,105,17,33,33,33],"floor_reached":24,"playtime":2092,"items_purged":[],"score":392,"play_id":"2f710994-41e5-46ce-bda6-df452c71e61c","local_time":"20190204234853","is_ascension_mode":true,"campfire_choices":[{"data":"Bouncing Flask","floor":7,"key":"SMITH"},{"floor":10,"key":"REST"},{"data":"Footwork","floor":15,"key":"SMITH"},{"data":"Footwork","floor":23,"key":"SMITH"}],"neow_cost":"NONE","seed_source_timestamp":1836031502267117,"circlet_count":0,"master_deck":["AscendersBane","Defend_G","Defend_G","Defend_G","Defend_G","Defend_G","Strike_G","Strike_G","Strike_G","Strike_G","Strike_G","Survivor","Neutralize","Leg Sweep","Flying Knee","Bouncing Flask+1","Bane","Endless Agony","Neutralize","Cloak And Dagger","Footwork+1","Footwork+1","Die Die Die","Cloak And Dagger","Poisoned Stab","Adrenaline","Catalyst","Backflip+1","Crippling Poison","Dash"],"relics":["Ring of the Snake","Meat on the Bone","Tiny Chest","Art of War","Thread and Needle","Snecko Eye","TwistedFunnel"],"potions_floor_usage":[8,16,24],"damage_taken":[{"damage":1,"enemies":"Jaw Worm","floor":1,"turns":7},{"damage":0,"enemies":"Cultist","floor":2,"turns":5},{"damage":3,"enemies":"2 Louse","floor":5,"turns":3},{"damage":30,"enemies":"3 Sentries","floor":6,"turns":8},{"damage":35,"enemies":"Gremlin Nob","floor":8,"turns":4},{"damage":4,"enemies":"Blue Slaver","floor":11,"turns":4},{"damage":2,"enemies":"Large Slime","floor":12,"turns":6},{"damage":2,"enemies":"Looter","floor":13,"turns":2},{"damage":15,"enemies":"Lagavulin","floor":14,"turns":7},{"damage":13,"enemies":"Slime Boss","floor":16,"turns":9},{"damage":20,"enemies":"3 Byrds","floor":18,"turns":5},{"damage":10,"enemies":"2 Thieves","floor":20,"turns":3},{"damage":0,"enemies":"Snecko","floor":22,"turns":3},{"damage":68,"enemies":"Gremlin Leader","floor":24,"turns":10}],"seed_played":"7393856048750581819","potions_obtained":[{"floor":1,"key":"Regen Potion"},{"floor":8,"key":"Strength Potion"},{"floor":12,"key":"SteroidPotion"},{"floor":16,"key":"Strength Potion"},{"floor":22,"key":"Regen Potion"}],"is_trial":false,"path_per_floor":["M","M","$","?","M","E","R","E","T","R","M","M","M","E","R","B",null,"M","$","M","$","M","R","E"],"character_chosen":"THE_SILENT","items_purchased":["Bouncing Flask","Bane","TwistedFunnel","Crippling Poison"],"campfire_rested":1,"item_purchase_floors":[3,3,19,21],"current_hp_per_floor":[64,64,64,64,61,31,31,17,17,38,46,44,42,39,39,38,64,44,44,46,46,46,46,0],"gold":33,"neow_bonus":"TEN_PERCENT_HP_BONUS","is_prod":false,"is_daily":false,"chose_seed":false,"campfire_upgraded":3,"win_rate":0,"timestamp":1549342133,"path_taken":["M","M","$","?","M","E","R","E","T","R","M","?","M","E","R","BOSS","M","$","?","$","M","R","E"],"build_version":"2019-01-23","purchased_purges":0,"victory":false,"max_hp_per_floor":[72,72,72,72,72,72,72,72,72,72,72,72,72,72,72,72,72,72,72,72,72,72,72,72],"card_choices":[{"not_picked":["Finisher","Outmaneuver"],"picked":"Leg Sweep","floor":1},{"not_picked":["Caltrops","Underhanded Strike"],"picked":"Flying Knee","floor":2},{"not_picked":["Slice","Dodge and Roll","Bane"],"picked":"SKIP","floor":5},{"not_picked":["Underhanded Strike","Bane"],"picked":"Cloak And Dagger","floor":6},{"not_picked":["Blur","Dodge and Roll"],"picked":"Footwork","floor":8},{"not_picked":["Dagger Throw","Slice"],"picked":"Footwork","floor":11},{"not_picked":["Bane","Deflect"],"picked":"Die Die Die","floor":12},{"not_picked":["Prepared","Deflect"],"picked":"Cloak And Dagger","floor":13},{"not_picked":["Quick Slash","Sucker Punch"],"picked":"Poisoned Stab","floor":14},{"not_picked":["Bullet Time","A Thousand Cuts"],"picked":"Adrenaline","floor":16},{"not_picked":["Prepared","All Out Attack"],"picked":"Catalyst","floor":18},{"not_picked":["Slice","Blade Dance"],"picked":"Backflip+1","floor":20},{"not_picked":["Bane","Cloak And Dagger"],"picked":"Dash","floor":22}],"player_experience":3529292,"relics_obtained":[{"floor":6,"key":"Meat on the Bone"},{"floor":8,"key":"Tiny Chest"},{"floor":9,"key":"Art of War"},{"floor":14,"key":"Thread and Needle"}],"event_choices":[{"damage_healed":0,"gold_gain":0,"player_choice":"2 cards matched","damage_taken":0,"max_hp_gain":0,"max_hp_loss":0,"event_name":"Match and Keep!","floor":4,"gold_loss":0,"cards_obtained":["Endless Agony","Neutralize"]}],"is_beta":false,"boss_relics":[{"not_picked":["Eternal Feather","Philosopher\u0027s Stone"],"picked":"Snecko Eye"}],"items_purged_floors":[],"is_endless":false,"potions_floor_spawned":[1,8,12,16,22],"killed_by":"Gremlin Leader","ascension_level":16}