{"gold_per_floor":[217,217,231,250,261,261,295,295,295,311,324,357,374,391,391,488,488,502,85,74,94,94,94,122,122,191,225,150,170,189,9,9,113,113,132,149,249,249],"floor_reached":38,"playtime":2555,"items_purged":["Strike_R","Strike_R"],"score":455,"play_id":"ba8a9e91-10c4-4d05-bab9-3c0f1e7792f7","local_time":"20190201214812","is_ascension_mode":false,"campfire_choices":[{"data":"Armaments","floor":6,"key":"SMITH"},{"data":"Heavy Blade","floor":8,"key":"SMITH"},{"data":"Anger","floor":15,"key":"SMITH"},{"data":"Combust","floor":23,"key":"SMITH"},{"floor":32,"key":"REST"}],"neow_cost":"NONE","seed_source_timestamp":2062201851216936,"circlet_count":0,"master_deck":["Strike_R","Defend_R+1","Defend_R","Defend_R","Defend_R+1","Bash","Anger+1","Twin Strike","Armaments+1","Heavy Blade+1","Twin Strike","Anger+1","Juggernaut","Reaper","Iron Wave","Shrug It Off","Impervious","Iron Wave+1","Impervious","Cleave+1","Combust+1","Body Slam","Iron Wave","Shrug It Off","Combust","Demon Form","Pommel Strike+1","Dual Wield","Seeing Red"],"relics":["Burning Blood","Anchor","Bag of Preparation","Mercury Hourglass","Black Star","Strange Spoon","Meat on the Bone","Bag of Marbles","Pear","War Paint","Regal Pillow","Fusion Hammer","Charon\u0027s Ashes"],"potions_floor_usage":[12,13,16,16,24,29,33,33,33,37],"damage_taken":[{"damage":7,"enemies":"Small Slimes","floor":1,"turns":4},{"damage":6,"enemies":"Jaw Worm","floor":3,"turns":3},{"damage":2,"enemies":"2 Louse","floor":4,"turns":2},{"damage":10,"enemies":"Looter","floor":5,"turns":4},{"damage":32,"enemies":"Lagavulin","floor":7,"turns":6},{"damage":2,"enemies":"3 Louse","floor":10,"turns":3},{"damage":0,"enemies":"Exordium Wildlife","floor":11,"turns":4},{"damage":2,"enemies":"3 Sentries","floor":12,"turns":7},{"damage":8,"enemies":"2 Fungi Beasts","floor":13,"turns":3},{"damage":0,"enemies":"Blue Slaver","floor":14,"turns":3},{"damage":31,"enemies":"Hexaghost","floor":16,"turns":8},{"damage":0,"enemies":"Chosen","floor":18,"turns":3},{"damage":20,"enemies":"2 Thieves","floor":20,"turns":4},{"damage":18,"enemies":"Snake Plant","floor":21,"turns":5},{"damage":5,"enemies":"Gremlin Leader","floor":24,"turns":6},{"damage":37,"enemies":"Slavers","floor":27,"turns":4},{"damage":13,"enemies":"Centurion and Healer","floor":29,"turns":5},{"damage":10,"enemies":"3 Cultists","floor":30,"turns":6},{"damage":96,"enemies":"Champ","floor":33,"turns":13},{"damage":13,"enemies":"Orb Walker","floor":35,"turns":4},{"damage":31,"enemies":"3 Darklings","floor":36,"turns":4},{"damage":24,"enemies":"Mind Bloom Boss Battle","floor":37,"turns":6},{"damage":69,"enemies":"Transient","floor":38,"turns":5}],"seed_played":"-6965708494429843599","potions_obtained":[{"floor":1,"key":"BloodPotion"},{"floor":5,"key":"Dexterity Potion"},{"floor":10,"key":"SkillPotion"},{"floor":12,"key":"PowerPotion"},{"floor":13,"key":"Swift Potion"},{"floor":18,"key":"Poison Potion"},{"floor":24,"key":"Poison Potion"},{"floor":29,"key":"Block Potion"},{"floor":30,"key":"Fire Potion"},{"floor":36,"key":"Weak Potion"}],"is_trial":false,"path_per_floor":["M","?","M","M","M","R","E","R","T","M","M","E","M","M","R","B",null,"M","$","M","M","?","R","E","?","T","E","?","M","M","$","R","B",null,"M","M","?","M"],"character_chosen":"IRONCLAD","items_purchased":["Strange Spoon","Impervious","Combust"],"campfire_rested":1,"item_purchase_floors":[19,19,31],"current_hp_per_floor":[79,79,79,80,76,76,50,50,50,54,60,64,68,74,74,49,80,80,80,66,54,54,54,59,59,69,53,53,58,54,54,90,25,90,83,65,53,0],"gold":249,"neow_bonus":"HUNDRED_GOLD","is_prod":false,"is_daily":false,"chose_seed":false,"campfire_upgraded":4,"win_rate":0.0,"timestamp":1549093692,"path_taken":["M","?","M","M","M","R","E","R","T","M","M","E","M","M","R","BOSS","M","$","M","M","?","R","E","?","T","E","?","M","M","?","R","BOSS","M","M","?","M"],"build_version":"2019-01-23","purchased_purges":2,"victory":false,"max_hp_per_floor":[80,80,80,80,80,80,80,80,80,80,80,80,80,80,80,80,80,80,80,80,80,80,80,80,80,90,90,90,90,90,90,90,90,90,90,90,90,90],"card_choices":[{"not_picked":["Shockwave","Burning Pact"],"picked":"Anger","floor":1},{"not_picked":["Uppercut","Power Through"],"picked":"Twin Strike","floor":3},{"not_picked":["Shockwave","Battle Trance"],"picked":"Armaments","floor":4},{"not_picked":["Fire Breathing","Cleave"],"picked":"Heavy Blade","floor":5},{"not_picked":["Second Wind","Dropkick"],"picked":"Twin Strike","floor":7},{"not_picked":["Cleave","Rupture"],"picked":"Anger","floor":10},{"not_picked":["Sever Soul","Intimidate"],"picked":"Juggernaut","floor":11},{"not_picked":["Reckless Charge","Clothesline"],"picked":"Reaper","floor":12},{"not_picked":["Wild Strike","Twin Strike"],"picked":"Iron Wave","floor":13},{"not_picked":["Uppercut","Brutality"],"picked":"Shrug It Off","floor":14},{"not_picked":["Reaper","Limit Break"],"picked":"Impervious","floor":16},{"not_picked":["Hemokinesis","True Grit"],"picked":"Iron Wave+1","floor":18},{"not_picked":["Armaments","Havoc+1"],"picked":"Cleave+1","floor":20},{"not_picked":["Havoc","True Grit+1"],"picked":"Combust","floor":21},{"not_picked":["Wild Strike","Battle Trance"],"picked":"Body Slam","floor":24},{"not_picked":["Impervious","Pummel"],"picked":"Iron Wave","floor":27},{"not_picked":["Heavy Blade+1","Clash"],"picked":"Shrug It Off","floor":29},{"not_picked":["Iron Wave","Power Through","Twin Strike"],"picked":"SKIP","floor":30},{"not_picked":["Fiend Fire","Limit Break"],"picked":"Demon Form","floor":33},{"not_picked":["Wild Strike+1","Uppercut"],"picked":"Pommel Strike+1","floor":35},{"not_picked":["Rampage","Intimidate+1"],"picked":"Dual Wield","floor":36},{"not_picked":["Headbutt+1","Flex"],"picked":"Seeing Red","floor":37}],"player_experience":57048,"relics_obtained":[{"floor":7,"key":"Anchor"},{"floor":9,"key":"Bag of Preparation"},{"floor":12,"key":"Mercury Hourglass"},{"floor":24,"key":"Meat on the Bone"},{"floor":24,"key":"Bag of Marbles"},{"floor":26,"key":"Pear"},{"floor":27,"key":"War Paint"},{"floor":27,"key":"Regal Pillow"},{"floor":37,"key":"Charon\u0027s Ashes"}],"event_choices":[{"damage_healed":0,"gold_gain":0,"player_choice":"Grow","damage_taken":0,"max_hp_gain":0,"max_hp_loss":0,"event_name":"Living Wall","floor":2,"gold_loss":0,"cards_upgraded":["Anger"]},{"damage_healed":0,"gold_gain":0,"player_choice":"Ignored","damage_taken":0,"max_hp_gain":0,"max_hp_loss":0,"event_name":"Ghosts","floor":22,"gold_loss":0},{"cards_removed":["Strike_R"],"damage_healed":0,"gold_gain":0,"player_choice":"Elegance","damage_taken":0,"max_hp_gain":0,"max_hp_loss":0,"event_name":"Back to Basics","floor":25,"gold_loss":0},{"cards_removed":["Strike_R"],"damage_healed":0,"gold_gain":0,"player_choice":"Gave Gold","damage_taken":0,"max_hp_gain":0,"max_hp_loss":0,"event_name":"Beggar","floor":28,"gold_loss":75},{"damage_healed":0,"gold_gain":0,"player_choice":"Fight","damage_taken":0,"max_hp_gain":0,"max_hp_loss":0,"event_name":"MindBloom","floor":37,"gold_loss":0}],"is_beta":false,"boss_relics":[{"not_picked":["Runic Pyramid","Lizard Tail"],"picked":"Black Star"},{"not_picked":["White Beast Statue","Mark of Pain"],"picked":"Fusion Hammer"}],"items_purged_floors":[19,31],"is_endless":false,"potions_floor_spawned":[1,5,10,12,13,18,24,29,30,36],"killed_by":"Transient","ascension_level":0}