{"gold_per_floor":[114,114,114,129,45,45,57,90,90,90,90,90,90,145,145,221,221,234,234,234,250,117,117,131,131,156,156],"floor_reached":27,"playtime":1439,"items_purged":["Decay"],"score":434,"play_id":"cbc030a0-b0dd-4d73-9779-c37de081f912","local_time":"20190106223204","is_ascension_mode":true,"campfire_choices":[{"data":"Caltrops","floor":6.0,"key":"SMITH"},{"data":"1","floor":10.0,"key":"LIFT"},{"data":"2","floor":13.0,"key":"LIFT"},{"floor":15.0,"key":"REST"},{"floor":23.0,"key":"REST"}],"neow_cost":"NONE","seed_source_timestamp":395288011301400,"circlet_count":0,"master_deck":["AscendersBane","Defend_G","Defend_G","Defend_G","Defend_G","Defend_G","Strike_G","Strike_G","Strike_G","Strike_G+1","Survivor","Neutralize","Choke","Backflip","Caltrops+1","Poisoned Stab+1","Doppelganger","Bouncing Flask","Adrenaline","Backflip+1","Storm of Steel","Dagger Spray","Cloak And Dagger"],"special_seed":0,"relics":["Philosopher\u0027s Stone","Girya","Blue Candle","Tiny Chest","Black Star","MutagenicStrength","Whetstone"],"potions_floor_usage":[27,27],"damage_taken":[{"damage":9.0,"enemies":"2 Louse","floor":1.0,"turns":3.0},{"damage":0.0,"enemies":"Small Slimes","floor":4.0,"turns":3.0},{"damage":0.0,"enemies":"Cultist","floor":7.0,"turns":4.0},{"damage":27.0,"enemies":"3 Sentries","floor":8.0,"turns":8.0},{"damage":26.0,"enemies":"Gremlin Nob","floor":14.0,"turns":4.0},{"damage":3.0,"enemies":"The Guardian","floor":16.0,"turns":9.0},{"damage":18.0,"enemies":"2 Thieves","floor":18.0,"turns":4.0},{"damage":31.0,"enemies":"Colosseum Slavers","floor":20.0,"turns":4.0},{"damage":8.0,"enemies":"3 Byrds","floor":21.0,"turns":3.0},{"damage":14.0,"enemies":"Centurion and Healer","floor":24.0,"turns":7.0},{"damage":9,"enemies":"Snecko","floor":27,"turns":2}],"seed_played":"-3388486730143834074","potions_obtained":[{"floor":1.0,"key":"GamblersBrew"},{"floor":4.0,"key":"EntropicBrew"},{"floor":7.0,"key":"Swift Potion"},{"floor":14.0,"key":"AttackPotion"},{"floor":18.0,"key":"Poison Potion"},{"floor":21.0,"key":"FearPotion"}],"is_trial":false,"path_per_floor":["M","?","?","M","$","R","M","E","T","R","?","?","R","E","R","B",null,"M","?","?","M","$","R","M","?","T","M"],"character_chosen":"THE_SILENT","items_purchased":["Caltrops","Dagger Spray"],"campfire_rested":2,"item_purchase_floors":[5,22],"current_hp_per_floor":[50,55,55,55,55,55,55,28,28,28,28,28,28,2,23,20,58,40,40,9,1,1,22,8,8,8,0],"gold":156,"neow_bonus":"BOSS_RELIC","is_prod":false,"is_daily":false,"chose_seed":false,"campfire_upgraded":1,"win_rate":0,"timestamp":1546831924,"path_taken":["M","?","?","M","$","R","?","E","T","R","?","?","R","E","R","BOSS","M","?","?","M","$","R","M","?","T","M"],"build_version":"2018-12-20","purchased_purges":1,"victory":false,"max_hp_per_floor":[66,71,71,71,71,71,71,71,71,71,71,71,71,71,71,71,71,71,71,71,71,71,71,71,71,71,71],"card_choices":[{"not_picked":["Terror","Dagger Throw"],"picked":"Choke","floor":1.0},{"not_picked":["Blur","Prepared"],"picked":"Backflip","floor":4.0},{"not_picked":["Masterful Stab","Heel Hook"],"picked":"Poisoned Stab","floor":7.0},{"not_picked":["Dodge and Roll","Finisher"],"picked":"Doppelganger","floor":8.0},{"not_picked":["Bane","Sucker Punch"],"picked":"Bouncing Flask","floor":14.0},{"not_picked":["Night Terror","Die Die Die"],"picked":"Adrenaline","floor":16.0},{"not_picked":["Infinite Blades+1","Dagger Throw"],"picked":"Backflip+1","floor":18.0},{"not_picked":["Flying Knee","Sucker Punch"],"picked":"Storm of Steel","floor":21.0},{"not_picked":["Endless Agony","Quick Slash"],"picked":"Cloak And Dagger","floor":24.0}],"player_experience":1868154,"relics_obtained":[{"floor":8.0,"key":"Girya"},{"floor":9.0,"key":"Blue Candle"},{"floor":14.0,"key":"Tiny Chest"},{"floor":26.0,"key":"Whetstone"}],"event_choices":[{"damage_healed":0.0,"max_hp_gain":5.0,"max_hp_loss":0.0,"gold_gain":0.0,"event_name":"Big Fish","player_choice":"Donut","floor":2.0,"gold_loss":0.0,"damage_taken":0.0},{"cards_removed":["Strike_G"],"damage_healed":0.0,"max_hp_gain":0.0,"max_hp_loss":0.0,"gold_gain":0.0,"event_name":"Bonfire Elementals","player_choice":"Offered Basic","floor":3.0,"gold_loss":0.0,"damage_taken":0.0},{"damage_healed":0.0,"max_hp_gain":0.0,"max_hp_loss":0.0,"gold_gain":0.0,"event_name":"Liars Game","player_choice":"Ignored","floor":11.0,"gold_loss":0.0,"damage_taken":0.0},{"damage_healed":0.0,"max_hp_gain":0.0,"max_hp_loss":0.0,"gold_gain":0.0,"event_name":"Dead Adventurer","player_choice":"Searched \u00270\u0027 times","floor":12.0,"gold_loss":0.0,"damage_taken":0.0},{"damage_healed":0.0,"max_hp_gain":0.0,"max_hp_loss":0.0,"gold_gain":0.0,"event_name":"Dead Adventurer","player_choice":"Searched \u00270\u0027 times","floor":12.0,"gold_loss":0.0,"damage_taken":0.0},{"damage_healed":0.0,"max_hp_gain":0.0,"max_hp_loss":0.0,"gold_gain":0.0,"event_name":"Forgotten Altar","player_choice":"Smashed Altar","floor":19.0,"gold_loss":0.0,"damage_taken":0.0,"cards_obtained":["Decay"]},{"damage_healed":0.0,"max_hp_gain":0.0,"max_hp_loss":0.0,"gold_gain":0.0,"event_name":"Colosseum","player_choice":"Fight","floor":20.0,"gold_loss":0.0,"damage_taken":0.0},{"damage_healed":0.0,"max_hp_gain":0.0,"max_hp_loss":0.0,"gold_gain":0.0,"event_name":"Colosseum","player_choice":"Fled From Nobs","floor":20.0,"gold_loss":0.0,"damage_taken":0.0},{"damage_healed":0.0,"max_hp_gain":0.0,"max_hp_loss":0.0,"gold_gain":0.0,"event_name":"Drug Dealer","player_choice":"Inject Mutagens","floor":25.0,"gold_loss":0.0,"damage_taken":0.0,"relics_obtained":["MutagenicStrength"]}],"is_beta":true,"boss_relics":[{"not_picked":["HoveringKite","White Beast Statue"],"picked":"Black Star"}],"items_purged_floors":[22],"is_endless":false,"potions_floor_spawned":[1,4,7,14,18,21],"killed_by":"Snecko","ascension_level":20}