{"gold_per_floor":[112,62,81,98,108,133,133,165,191,216,216,233,247,247,247,247],"floor_reached":16,"playtime":1033,"items_purged":[],"score":159,"play_id":"92c761f1-39bf-4175-ac99-cdfe2af055f7","local_time":"20190107180427","is_ascension_mode":true,"campfire_choices":[{"floor":7,"key":"REST"},{"floor":15,"key":"REST"}],"neow_cost":"NONE","seed_source_timestamp":1109861152879695,"circlet_count":0,"master_deck":["Strike_R","Strike_R","Strike_R","Strike_R","Defend_R","Defend_R","Defend_R","Defend_R","Bash","Cleave","Ghostly Armor","Perfected Strike","Flame Barrier","Clothesline","Uppercut","Iron Wave","Cleave","Disarm","Regret"],"relics":["Burning Blood","Potion Belt","Strawberry","Bronze Scales","Frozen Egg 2","Centennial Puzzle"],"potions_floor_usage":[6,8,16,16],"damage_taken":[{"damage":2,"enemies":"2 Louse","floor":1,"turns":2},{"damage":7,"enemies":"Small Slimes","floor":3,"turns":4},{"damage":2,"enemies":"Jaw Worm","floor":4,"turns":4},{"damage":23,"enemies":"Large Slime","floor":5,"turns":6},{"damage":42,"enemies":"Gremlin Nob","floor":6,"turns":6},{"damage":20,"enemies":"Lagavulin","floor":8,"turns":6},{"damage":17,"enemies":"3 Sentries","floor":10,"turns":7},{"damage":22,"enemies":"Lots of Slimes","floor":12,"turns":3},{"damage":1,"enemies":"3 Louse","floor":13,"turns":2},{"damage":58,"enemies":"Slime Boss","floor":16,"turns":8}],"seed_played":"6725144512088521127","potions_obtained":[{"floor":3,"key":"AttackPotion"},{"floor":5,"key":"Regen Potion"},{"floor":12,"key":"Explosive Potion"},{"floor":13,"key":"Explosive Potion"}],"is_trial":false,"path_per_floor":["M","?","M","M","M","E","R","E","T","E","?","M","M","?","R","B"],"character_chosen":"IRONCLAD","items_purchased":[],"campfire_rested":2,"item_purchase_floors":[],"current_hp_per_floor":[88,88,87,88,71,49,75,68,68,57,39,23,28,28,56,0],"gold":247,"neow_bonus":"TEN_PERCENT_HP_BONUS","is_prod":false,"is_daily":false,"chose_seed":false,"campfire_upgraded":0,"win_rate":0,"timestamp":1546902267,"path_taken":["M","?","M","M","M","E","R","E","T","E","?","M","M","?","R","BOSS"],"build_version":"2019-01-03v4","purchased_purges":0,"victory":false,"max_hp_per_floor":[88,88,88,88,88,88,88,95,95,95,95,95,95,95,95,95],"card_choices":[{"not_picked":["Heavy Blade","Sentinel"],"picked":"Cleave","floor":1},{"not_picked":["Havoc","Cleave"],"picked":"Ghostly Armor","floor":3},{"not_picked":["Disarm","Battle Trance"],"picked":"Perfected Strike","floor":4},{"not_picked":["Rampage","Warcry"],"picked":"Flame Barrier","floor":5},{"not_picked":["Power Through","True Grit"],"picked":"Clothesline","floor":6},{"not_picked":["Limit Break","Thunderclap"],"picked":"Uppercut","floor":8},{"not_picked":["Sword Boomerang","Offering"],"picked":"Iron Wave","floor":10},{"not_picked":["Sever Soul","Corruption+1"],"picked":"Cleave","floor":12},{"not_picked":["True Grit","Body Slam"],"picked":"Disarm","floor":13}],"player_experience":171751,"relics_obtained":[{"floor":6,"key":"Potion Belt"},{"floor":8,"key":"Strawberry"},{"floor":10,"key":"Bronze Scales"}],"event_choices":[{"cards_removed":["Strike_R"],"damage_healed":0,"gold_gain":0,"player_choice":"Card Removal","damage_taken":0,"max_hp_gain":0,"max_hp_loss":0,"event_name":"The Cleric","floor":2,"gold_loss":50},{"damage_healed":0,"gold_gain":0,"player_choice":"Success","damage_taken":18,"relics_obtained":["Frozen Egg 2"],"max_hp_gain":0,"max_hp_loss":0,"event_name":"Scrap Ooze","floor":11,"gold_loss":0},{"damage_healed":0,"gold_gain":0,"player_choice":"Box","damage_taken":0,"relics_obtained":["Centennial Puzzle"],"max_hp_gain":0,"max_hp_loss":0,"event_name":"Big Fish","floor":14,"gold_loss":0,"cards_obtained":["Regret"]}],"is_beta":false,"boss_relics":[],"items_purged_floors":[],"is_endless":false,"potions_floor_spawned":[3,5,12,13],"killed_by":"Slime Boss","ascension_level":2}