{"gold_per_floor":[117,117,117,129,147,181,198,0,300,320,320,395,395,408,408,408],"floor_reached":16,"playtime":609,"items_purged":[],"score":102,"play_id":"d0fc6e94-5a45-437a-8ca1-b0bbf3c837ef","local_time":"20190203191415","is_ascension_mode":false,"campfire_choices":[{"floor":11,"key":"REST"},{"floor":13,"key":"REST"},{"data":"Perfected Strike","floor":15,"key":"SMITH"}],"neow_cost":"NONE","seed_source_timestamp":2227661633429061,"circlet_count":0,"master_deck":["Strike_R","Strike_R","Strike_R","Strike_R","Strike_R","Defend_R","Defend_R","Defend_R","Defend_R","Bash","Pommel Strike","Perfected Strike+1","Demon Form","Thunderclap"],"special_seed":0,"relics":["Burning Blood","Mummified Hand","Sling","Old Coin"],"potions_floor_usage":[10,14,16],"damage_taken":[{"damage":4.0,"enemies":"Jaw Worm","floor":1.0,"turns":5.0},{"damage":0.0,"enemies":"Small Slimes","floor":4.0,"turns":3.0},{"damage":5.0,"enemies":"2 Louse","floor":5.0,"turns":3.0},{"damage":38.0,"enemies":"3 Sentries","floor":6.0,"turns":9.0},{"damage":21.0,"enemies":"Blue Slaver","floor":7.0,"turns":5.0},{"damage":22,"enemies":"Large Slime","floor":10,"turns":7},{"damage":15,"enemies":"Looter","floor":14,"turns":3},{"damage":53,"enemies":"Hexaghost","floor":16,"turns":8}],"seed_played":"-7663827122403482180","potions_obtained":[{"floor":1.0,"key":"BloodPotion"},{"floor":7.0,"key":"Fire Potion"},{"floor":10,"key":"PowerPotion"}],"is_trial":false,"path_per_floor":["M","?","?","M","M","E","M","$","T","M","R","?","R","M","R","B"],"character_chosen":"IRONCLAD","items_purchased":["Sling"],"campfire_rested":2,"item_purchase_floors":[8],"current_hp_per_floor":[80,80,80,80,80,48,33,33,33,25,49,38,62,53,53,0],"gold":408,"neow_bonus":"ONE_RANDOM_RARE_CARD","is_prod":false,"is_daily":false,"chose_seed":false,"campfire_upgraded":1,"win_rate":0.0,"timestamp":1549257255,"path_taken":["M","?","?","M","M","E","M","$","T","M","R","?","R","M","R","BOSS"],"build_version":"2019-01-23","purchased_purges":0,"victory":false,"max_hp_per_floor":[80,80,80,80,80,80,80,80,80,80,80,80,80,80,80,80],"card_choices":[{"not_picked":["Clothesline","Sword Boomerang"],"picked":"Pommel Strike","floor":1.0},{"not_picked":["Flex","Infernal Blade","Heavy Blade"],"picked":"SKIP","floor":4.0},{"not_picked":["Uppercut","Blood for Blood"],"picked":"Perfected Strike","floor":5.0},{"not_picked":["Reaper","Flame Barrier"],"picked":"Demon Form","floor":6.0},{"not_picked":["Clothesline","Body Slam"],"picked":"Thunderclap","floor":7.0},{"not_picked":["Cleave","Flex","Anger"],"picked":"SKIP","floor":10},{"not_picked":["Exhume","Warcry","True Grit"],"picked":"SKIP","floor":14}],"player_experience":72544,"relics_obtained":[{"floor":6.0,"key":"Mummified Hand"},{"floor":9.0,"key":"Old Coin"}],"event_choices":[{"cards_removed":["Dark Embrace"],"damage_healed":0.0,"max_hp_gain":0.0,"max_hp_loss":0.0,"gold_gain":0.0,"event_name":"Living Wall","player_choice":"Forget","floor":2.0,"gold_loss":0.0,"damage_taken":0.0},{"damage_healed":0.0,"max_hp_gain":0.0,"max_hp_loss":0.0,"gold_gain":0.0,"event_name":"Golden Idol","player_choice":"Ignored","floor":3.0,"gold_loss":0.0,"damage_taken":0.0},{"damage_healed":0,"gold_gain":75,"player_choice":"Gather Gold","damage_taken":11,"max_hp_gain":0,"max_hp_loss":0,"event_name":"World of Goop","floor":12,"gold_loss":0}],"is_beta":false,"boss_relics":[],"items_purged_floors":[],"is_endless":false,"potions_floor_spawned":[1,7,10],"killed_by":"Hexaghost","ascension_level":0}