{"gold_per_floor":[113,130,142,156,156,156,184,184,184,184,195,205,238,249,249,349,349,361,379,379,396,141,171,171,171,198,198,198,233,200,200,200,298,298,315,331,331,351,367,367,412,412,412,266,282,282,282,300,300,300],"floor_reached":50,"playtime":3275,"items_purged":[],"score":542,"play_id":"d34e1cbf-02a5-42e8-ad36-1d268e170f99","local_time":"20190109064604","is_ascension_mode":false,"campfire_choices":[{"data":"Armaments","floor":6.0,"key":"SMITH"},{"data":"Bash","floor":8.0,"key":"SMITH"},{"data":"Clothesline","floor":10.0,"key":"SMITH"},{"floor":15.0,"key":"REST"},{"floor":24.0,"key":"REST"},{"data":"Shrug It Off","floor":27.0,"key":"SMITH"},{"floor":32.0,"key":"REST"},{"floor":40,"key":"REST"},{"floor":46,"key":"REST"},{"floor":49,"key":"REST"}],"neow_cost":"NONE","seed_source_timestamp":0,"circlet_count":0,"master_deck":["Strike_R","Strike_R","Strike_R","Strike_R","Strike_R","Defend_R","Defend_R","Defend_R","Defend_R","Bash+1","Clothesline+1","Headbutt","Armaments+1","Whirlwind","Inflame+1","Spot Weakness+1","Feed+1","Hemokinesis+1","Body Slam+1","Fiend Fire+1","Iron Wave+1","Shrug It Off+1","RitualDagger+1","Shockwave","Dark Embrace+1","Iron Wave+1","Corruption+1","Barricade+1","Uppercut+1","Entrench+1","Limit Break","Madness","Madness"],"special_seed":0,"relics":["Burning Blood","Molten Egg 2","Frozen Egg 2","Shuriken","Boot","Runic Pyramid","Matryoshka","Bag of Marbles","Strawberry","Pantograph","Omamori","Bag of Preparation","Oddly Smooth Stone","Calling Bell","Regal Pillow","Letter Opener","Mango","Magic Flower","Paper Frog","Juzu Bracelet"],"potions_floor_usage":[],"damage_taken":[{"damage":9.0,"enemies":"Small Slimes","floor":1.0,"turns":6.0},{"damage":3.0,"enemies":"Jaw Worm","floor":2.0,"turns":3.0},{"damage":0.0,"enemies":"Cultist","floor":3.0,"turns":3.0},{"damage":14.0,"enemies":"Exordium Thugs","floor":4.0,"turns":6.0},{"damage":20.0,"enemies":"Gremlin Nob","floor":7.0,"turns":4.0},{"damage":8.0,"enemies":"Red Slaver","floor":11.0,"turns":4.0},{"damage":8.0,"enemies":"Large Slime","floor":12.0,"turns":6.0},{"damage":44.0,"enemies":"Lagavulin","floor":13.0,"turns":6.0},{"damage":11.0,"enemies":"2 Fungi Beasts","floor":14.0,"turns":3.0},{"damage":42.0,"enemies":"The Guardian","floor":16.0,"turns":9.0},{"damage":0.0,"enemies":"3 Byrds","floor":18.0,"turns":3.0},{"damage":17.0,"enemies":"Spheric Guardian","floor":19.0,"turns":4.0},{"damage":27.0,"enemies":"Chosen and Byrds","floor":21.0,"turns":4.0},{"damage":27.0,"enemies":"Book of Stabbing","floor":23.0,"turns":5.0},{"damage":39.0,"enemies":"Slavers","floor":29.0,"turns":5.0},{"damage":48.0,"enemies":"Champ","floor":33.0,"turns":10.0},{"damage":41.0,"enemies":"3 Shapes","floor":35.0,"turns":3.0},{"damage":14.0,"enemies":"3 Darklings","floor":36.0,"turns":6.0},{"damage":41.0,"enemies":"4 Shapes","floor":38.0,"turns":3.0},{"damage":21,"enemies":"Maw","floor":39,"turns":6},{"damage":44,"enemies":"2 Orb Walkers","floor":41,"turns":4},{"damage":24,"enemies":"Jaw Worm Horde","floor":45,"turns":4},{"damage":46,"enemies":"3 Darklings","floor":48,"turns":5},{"damage":116,"enemies":"Donu and Deca","floor":50,"turns":5}],"seed_played":"6869408338584409385","potions_obtained":[{"floor":1.0,"key":"Block Potion"},{"floor":11.0,"key":"SteroidPotion"},{"floor":12.0,"key":"Swift Potion"}],"is_trial":false,"path_per_floor":["M","M","M","M","?","R","E","R","T","R","M","M","E","M","R","B",null,"M","M","?","M","$","E","R","T","T","R","$","E","$","?","R","B",null,"M","M","?","M","M","R","?","?","T","$","M","R","?","M","R","B"],"character_chosen":"IRONCLAD","items_purchased":["Matryoshka","Corruption+1","Juzu Bracelet"],"campfire_rested":6,"item_purchase_floors":[22,30,44],"current_hp_per_floor":[85,88,88,80,77,77,63,63,63,63,61,59,25,24,52,16,96,96,85,79,62,62,41,71,78,78,78,78,49,49,49,82,65,125,90,82,82,47,36,89,51,35,35,35,20,73,61,24,77,0],"gold":300,"neow_bonus":"TEN_PERCENT_HP_BONUS","is_prod":false,"is_daily":false,"chose_seed":false,"campfire_upgraded":4,"win_rate":0.0,"timestamp":1547012764,"path_taken":["M","M","M","M","?","R","E","R","T","R","M","M","E","M","R","BOSS","M","M","?","M","$","E","R","?","T","R","$","E","$","?","R","BOSS","M","?","?","?","M","R","?","?","T","?","M","R","?","M","R","BOSS"],"build_version":"2019-01-03v4","purchased_purges":0,"victory":false,"max_hp_per_floor":[88,88,88,88,88,88,88,88,88,88,88,88,92,96,96,96,96,96,96,96,100,100,100,100,107,107,107,107,111,111,111,111,111,125,125,125,125,125,129,129,129,129,129,129,129,129,129,129,129,129],"card_choices":[{"not_picked":["Power Through","Clash"],"picked":"Clothesline","floor":1.0},{"not_picked":["Combust","Cleave"],"picked":"Headbutt","floor":2.0},{"not_picked":["Dropkick","Twin Strike"],"picked":"Armaments","floor":3.0},{"not_picked":["Wild Strike","Clothesline"],"picked":"Whirlwind","floor":4.0},{"not_picked":["Bloodletting","Blood for Blood+1"],"picked":"Inflame","floor":7.0},{"not_picked":["Thunderclap+1","Headbutt+1"],"picked":"Spot Weakness","floor":11.0},{"not_picked":["Entrench","Battle Trance"],"picked":"Feed+1","floor":12.0},{"not_picked":["Pummel+1","Power Through"],"picked":"Hemokinesis+1","floor":13.0},{"not_picked":["Combust+1","True Grit"],"picked":"Body Slam+1","floor":14.0},{"not_picked":["Impervious","Dark Embrace+1"],"picked":"Fiend Fire+1","floor":16.0},{"not_picked":["Armaments+1","Cleave+1"],"picked":"Iron Wave+1","floor":18.0},{"not_picked":["Armaments+1","Headbutt+1"],"picked":"Shrug It Off","floor":19.0},{"not_picked":["Body Slam+1","Sword Boomerang+1"],"picked":"Shockwave","floor":21.0},{"not_picked":["Evolve+1","Feed+1"],"picked":"Dark Embrace+1","floor":23.0},{"not_picked":["Rupture+1","Pommel Strike+1"],"picked":"Iron Wave+1","floor":29.0},{"not_picked":["Brutality+1","Exhume"],"picked":"Barricade+1","floor":33.0},{"not_picked":["Rage","Havoc","Clash+1"],"picked":"SKIP","floor":35.0},{"not_picked":["Iron Wave+1","Battle Trance+1"],"picked":"Uppercut+1","floor":36.0},{"not_picked":["Perfected Strike+1","Armaments"],"picked":"Entrench+1","floor":38.0},{"not_picked":["Second Wind","Metallicize+1"],"picked":"Limit Break","floor":39},{"not_picked":["Rage","Pommel Strike+1","Headbutt+1"],"picked":"SKIP","floor":45},{"not_picked":["Pommel Strike+1","Cleave+1","Warcry"],"picked":"SKIP","floor":48}],"player_experience":130234,"relics_obtained":[{"floor":7.0,"key":"Frozen Egg 2"},{"floor":9.0,"key":"Shuriken"},{"floor":13.0,"key":"Boot"},{"floor":23.0,"key":"Bag of Marbles"},{"floor":25.0,"key":"Strawberry"},{"floor":25.0,"key":"Pantograph"},{"floor":26.0,"key":"Omamori"},{"floor":26.0,"key":"Bag of Preparation"},{"floor":29.0,"key":"Oddly Smooth Stone"},{"floor":34.0,"key":"Regal Pillow"},{"floor":34.0,"key":"Letter Opener"},{"floor":34.0,"key":"Mango"},{"floor":41,"key":"Magic Flower"},{"floor":43,"key":"Paper Frog"}],"event_choices":[{"damage_healed":0.0,"max_hp_gain":0.0,"max_hp_loss":0.0,"gold_gain":0.0,"event_name":"Scrap Ooze","player_choice":"Success","floor":5.0,"gold_loss":0.0,"damage_taken":3.0,"relics_obtained":["Molten Egg 2"]},{"damage_healed":0.0,"max_hp_gain":0.0,"max_hp_loss":0.0,"gold_gain":0.0,"event_name":"Nest","player_choice":"Joined the Cult","floor":20.0,"gold_loss":0.0,"damage_taken":6.0,"cards_obtained":["RitualDagger"]},{"damage_healed":0.0,"max_hp_gain":0.0,"max_hp_loss":0.0,"gold_gain":0.0,"event_name":"Upgrade Shrine","player_choice":"Upgraded","floor":31.0,"gold_loss":0.0,"damage_taken":0.0,"cards_upgraded":["Spot Weakness"]},{"cards_removed":["Clumsy"],"damage_healed":0.0,"max_hp_gain":0.0,"max_hp_loss":0.0,"gold_gain":0.0,"event_name":"Purifier","player_choice":"Purged","floor":37.0,"gold_loss":0.0,"damage_taken":0.0},{"damage_healed":0,"gold_gain":0,"player_choice":"Fight","damage_taken":0,"max_hp_gain":0,"max_hp_loss":0,"event_name":"Mysterious Sphere","floor":41,"gold_loss":0},{"damage_healed":0,"gold_gain":0,"player_choice":"Embrace Madness","damage_taken":16,"max_hp_gain":0,"max_hp_loss":0,"event_name":"Winding Halls","floor":42,"gold_loss":0,"cards_obtained":["Madness","Madness"]},{"damage_healed":0,"gold_gain":0,"player_choice":"Damaged","damage_taken":12,"max_hp_gain":0,"max_hp_loss":0,"event_name":"Wheel of Change","floor":47,"gold_loss":0}],"is_beta":false,"boss_relics":[{"not_picked":["Orrery","Velvet Choker"],"picked":"Runic Pyramid"},{"not_picked":["Black Star","Mark of Pain"],"picked":"Calling Bell"}],"items_purged_floors":[],"is_endless":false,"potions_floor_spawned":[1,11,12,13,16,19,23,29,35,38,45,48],"killed_by":"Donu and Deca","ascension_level":0}