{"gold_per_floor":[366,61,76,76,93,93,93,125,125,136,189,189,139,156,156,156],"floor_reached":16,"playtime":1052,"items_purged":["Strike_G"],"score":115,"play_id":"674cf8cd-486d-49c5-8435-69ed4efd7be2","local_time":"20181020143829","is_ascension_mode":true,"campfire_choices":[{"data":"Hologram","floor":6,"key":"SMITH"},{"floor":12,"key":"REST"},{"floor":15,"key":"REST"}],"neow_cost":"TEN_PERCENT_HP_LOSS","seed_source_timestamp":0,"circlet_count":0,"master_deck":["Defend_G","Defend_G","Defend_G","Defend_G","Defend_G","Strike_G","Strike_G","Strike_G","Survivor","Neutralize","Blur","Flying Knee","Shrug It Off+1","Hologram+1","Dodge and Roll","Caltrops","Shrug It Off"],"special_seed":0,"relics":["Ring of the Snake","PrismaticShard","Turnip","Gambling Chip","Snake Skull"],"potions_floor_usage":[8,16,16,16,16,16],"damage_taken":[{"damage":9.0,"enemies":"Small Slimes","floor":1.0,"turns":4.0},{"damage":0.0,"enemies":"Cultist","floor":3.0,"turns":5.0},{"damage":0,"enemies":"Jaw Worm","floor":5,"turns":5},{"damage":51,"enemies":"Lagavulin","floor":8,"turns":17},{"damage":0,"enemies":"Looter","floor":10,"turns":3},{"damage":0,"enemies":"Blue Slaver","floor":14,"turns":5},{"damage":48,"enemies":"Hexaghost","floor":16,"turns":16}],"seed_played":"-6529270645561257302","potions_obtained":[{"floor":1.0,"key":"Regen Potion"},{"floor":5,"key":"Weak Potion"},{"floor":8,"key":"Poison Potion"},{"floor":14,"key":"EntropicBrew"}],"is_trial":false,"path_per_floor":["M","$","M","?","M","R","$","E","T","M","T","R","?","M","R"],"character_chosen":"THE_SILENT","items_purchased":["PrismaticShard","Flying Knee"],"campfire_rested":2,"item_purchase_floors":[2,2],"current_hp_per_floor":[54,54,63,63,63,63,63,12,12,12,12,30,30,30,48,0],"gold":156,"neow_bonus":"TWO_FIFTY_GOLD","is_prod":false,"is_daily":false,"chose_seed":false,"campfire_upgraded":1,"win_rate":0,"timestamp":1540060709,"path_taken":["M","$","M","?","M","R","$","E","T","M","?","R","?","M","R","BOSS"],"build_version":"2018-10-18","purchased_purges":1,"victory":false,"max_hp_per_floor":[63,63,63,63,63,63,63,63,63,63,63,63,63,63,63,63],"card_choices":[{"not_picked":["Choke","Poisoned Stab"],"picked":"Blur","floor":1.0},{"not_picked":["Endless Agony","Slice"],"picked":"Shrug It Off","floor":3},{"not_picked":["Searing Blow","Deflect"],"picked":"Hologram","floor":5},{"not_picked":["Redo","Dagger Spray"],"picked":"Dodge and Roll","floor":8},{"not_picked":["Bane","Steam"],"picked":"Caltrops","floor":10},{"not_picked":["Loop","Twin Strike"],"picked":"Shrug It Off","floor":14}],"player_experience":334145,"relics_obtained":[{"floor":8,"key":"Turnip"},{"floor":9,"key":"Gambling Chip"},{"floor":11,"key":"Snake Skull"}],"event_choices":[{"damage_healed":0,"gold_gain":0,"player_choice":"Upgraded","damage_taken":0,"max_hp_gain":0,"max_hp_loss":0,"event_name":"Upgrade Shrine","floor":4,"gold_loss":0,"cards_upgraded":["Shrug It Off"]},{"cards_removed":["Strike_G"],"damage_healed":0,"gold_gain":0,"player_choice":"Card Removal","damage_taken":0,"max_hp_gain":0,"max_hp_loss":0,"event_name":"The Cleric","floor":13,"gold_loss":50}],"is_beta":false,"boss_relics":[],"items_purged_floors":[2],"is_endless":false,"potions_floor_spawned":[1,5,8,14],"killed_by":"Hexaghost","ascension_level":3}