{"gold_per_floor":[114,114,134,146,146,146,179,179,179,26,51,51,65,65,65,186,186,175,196,295,195,195,226,226,251,251,251,251,278,278,293,293,390,390,401,401,417,417,432,432,432,432,458,505,532,547,563,563],"floor_reached":48,"playtime":7833,"items_purged":["Strike_G","Well Laid Plans"],"score":523,"play_id":"d603e67d-b049-4af8-8b8e-7e2c6ccc856b","local_time":"20190207015032","is_ascension_mode":false,"campfire_choices":[{"floor":6,"key":"REST"},{"floor":15,"key":"REST"},{"floor":24,"key":"REST"},{"floor":30,"key":"REST"},{"data":"Infinite Blades","floor":32,"key":"SMITH"},{"data":"Footwork","floor":40,"key":"SMITH"},{"data":"Magnetism","floor":42,"key":"SMITH"}],"neow_cost":"NONE","seed_source_timestamp":1396064341708955,"circlet_count":0,"master_deck":["Defend_G+1","Defend_G+1","Defend_G+1","Defend_G","Defend_G","Strike_G+1","Strike_G","Strike_G","Survivor","Neutralize","Noxious Fumes","Infinite Blades+1","Footwork+1","Deadly Poison","Adrenaline","Poisoned Stab+1","Deadly Poison+1","Bullet Time","Ghostly+1","Ghostly+1","Ghostly+1","Ghostly+1","Ghostly+1","Cloak And Dagger+1","Phantasmal Killer+1","Bane+1","Catalyst+1","Noxious Fumes","Magnetism+1","Slice+1"],"relics":["Lizard Tail","Kunai","Bloody Idol","War Paint","Runic Pyramid","MutagenicStrength","Darkstone Periapt","Toxic Egg 2","Sundial","Sozu","Boot","StoneCalendar","Ice Cream"],"potions_floor_usage":[16,18,31],"damage_taken":[{"damage":1,"enemies":"2 Louse","floor":1,"turns":4},{"damage":5,"enemies":"Small Slimes","floor":3,"turns":4},{"damage":6,"enemies":"Jaw Worm","floor":4,"turns":4},{"damage":15,"enemies":"3 Sentries","floor":7,"turns":8},{"damage":2,"enemies":"Looter","floor":11,"turns":4},{"damage":2,"enemies":"3 Louse","floor":13,"turns":4},{"damage":30,"enemies":"Slime Boss","floor":16,"turns":12},{"damage":10,"enemies":"2 Thieves","floor":18,"turns":4},{"damage":16,"enemies":"Spheric Guardian","floor":19,"turns":5},{"damage":65,"enemies":"Slavers","floor":23,"turns":9},{"damage":4,"enemies":"3 Cultists","floor":25,"turns":6},{"damage":16,"enemies":"Gremlin Leader","floor":29,"turns":7},{"damage":24,"enemies":"Snake Plant","floor":31,"turns":6},{"damage":4,"enemies":"Automaton","floor":33,"turns":11},{"damage":14,"enemies":"3 Darklings","floor":35,"turns":11},{"damage":3,"enemies":"3 Shapes","floor":37,"turns":5},{"damage":1,"enemies":"Transient","floor":39,"turns":5},{"damage":14,"enemies":"2 Orb Walkers","floor":44,"turns":5},{"damage":2,"enemies":"Nemesis","floor":45,"turns":7},{"damage":4,"enemies":"Sphere and 2 Shapes","floor":46,"turns":6},{"damage":9,"enemies":"Maw","floor":47,"turns":7},{"damage":51,"enemies":"4 Shapes","floor":48,"turns":3}],"seed_played":"-2056105740195543173","potions_obtained":[{"floor":1,"key":"LiquidBronze"},{"floor":13,"key":"Weak Potion"},{"floor":16,"key":"Explosive Potion"},{"floor":19,"key":"Ancient Potion"},{"floor":25,"key":"Fire Potion"},{"floor":29,"key":"Regen Potion"},{"floor":33,"key":"Strength Potion"}],"is_trial":false,"path_per_floor":["?","?","?","$","?","?","?","?","?","M","?","?","?"],"character_chosen":"THE_SILENT","items_purchased":["Footwork"],"campfire_rested":4,"item_purchase_floors":[10],"current_hp_per_floor":[69,55,50,44,37,58,43,43,43,43,41,41,39,39,58,28,65,55,39,39,39,39,13,32,28,28,28,28,17,26,19,19,20,32,23,32,32,32,32,32,32,32,32,23,26,27,23,0],"gold":563,"neow_bonus":"BOSS_RELIC","is_prod":false,"is_daily":false,"chose_seed":false,"campfire_upgraded":3,"win_rate":0.0,"timestamp":1549500632,"path_taken":["M","?","M","M","?","R","E","?","T","?","M","$","M","$","R","BOSS","M","M","?","$","?","E","R","M","T","?","?","E","R","M","R","BOSS","M","?","?","?","M","R","?","R","T","?","E","M","M","M"],"build_version":"2019-01-23","purchased_purges":2,"victory":false,"max_hp_per_floor":[70,70,70,70,70,70,70,65,65,65,65,65,65,65,65,65,65,65,65,65,65,65,65,65,65,65,65,32,32,32,32,32,32,32,32,32,32,32,32,32,32,32,32,32,32,32,32,32],"card_choices":[{"not_picked":["Reflex","Masterful Stab"],"picked":"Noxious Fumes","floor":1},{"not_picked":["Deflect","Dagger Spray"],"picked":"Poisoned Stab","floor":3},{"not_picked":["Dash","Accuracy"],"picked":"Infinite Blades","floor":4},{"not_picked":["PiercingWail","Flechettes"],"picked":"Expertise","floor":7},{"not_picked":["Flying Knee","Masterful Stab"],"picked":"Well Laid Plans","floor":11},{"not_picked":["Bane","Deflect"],"picked":"Deadly Poison","floor":13},{"not_picked":["Venomology","Wraith Form v2"],"picked":"Adrenaline","floor":16},{"not_picked":["Slice","Dagger Throw"],"picked":"Poisoned Stab+1","floor":18},{"not_picked":["Prepared","Quick Slash+1"],"picked":"Deadly Poison+1","floor":19},{"not_picked":["Terror","Eviscerate+1"],"picked":"Bullet Time","floor":23},{"not_picked":["Slice","Sucker Punch","Dagger Spray"],"picked":"SKIP","floor":25},{"not_picked":["Distraction+1","PiercingWail+1"],"picked":"Cloak And Dagger+1","floor":29},{"not_picked":["Quick Slash","Poisoned Stab","Underhanded Strike"],"picked":"SKIP","floor":31},{"not_picked":["A Thousand Cuts","Envenom"],"picked":"Phantasmal Killer+1","floor":33},{"not_picked":["Prepared+1","Backflip+1"],"picked":"Bane+1","floor":35},{"not_picked":["Acrobatics+1","Riddle With Holes"],"picked":"Catalyst+1","floor":37},{"not_picked":["Backflip+1","Prepared+1"],"picked":"Noxious Fumes","floor":39},{"not_picked":["Chrysalis+1","Discovery+1"],"picked":"Magnetism","floor":41},{"not_picked":["Deflect+1","Heel Hook+1"],"picked":"Slice+1","floor":44},{"not_picked":["Outmaneuver+1","Predator","Dash"],"picked":"SKIP","floor":45},{"not_picked":["Heel Hook","Sucker Punch+1","Skewer"],"picked":"SKIP","floor":46},{"not_picked":["Dodge and Roll+1","Skewer","Underhanded Strike"],"picked":"SKIP","floor":47}],"player_experience":53897,"relics_obtained":[{"floor":7,"key":"Kunai"},{"floor":9,"key":"War Paint"},{"floor":23,"key":"Darkstone Periapt"},{"floor":26,"key":"Toxic Egg 2"},{"floor":29,"key":"Sundial"},{"floor":43,"key":"Boot"},{"floor":44,"key":"StoneCalendar"},{"floor":45,"key":"Ice Cream"}],"event_choices":[{"damage_healed":0,"gold_gain":0,"player_choice":"Entered Light","damage_taken":14,"max_hp_gain":0,"max_hp_loss":0,"event_name":"Shining Light","floor":2,"gold_loss":0,"cards_upgraded":["Defend_G","Strike_G"]},{"cards_removed":["Strike_G"],"damage_healed":0,"gold_gain":0,"player_choice":"Card Removal","damage_taken":7,"max_hp_gain":0,"max_hp_loss":0,"event_name":"Golden Wing","floor":5,"gold_loss":0},{"damage_healed":0,"gold_gain":0,"player_choice":"Lose Max HP","damage_taken":0,"relics_obtained":["Golden Idol"],"max_hp_gain":0,"max_hp_loss":5,"event_name":"Golden Idol","floor":8,"gold_loss":0},{"damage_healed":0,"gold_gain":99,"player_choice":"Stole From Cult","damage_taken":0,"max_hp_gain":0,"max_hp_loss":0,"event_name":"Nest","floor":20,"gold_loss":0},{"damage_healed":0,"gold_gain":0,"player_choice":"Inject Mutagens","damage_taken":0,"relics_obtained":["MutagenicStrength"],"max_hp_gain":0,"max_hp_loss":0,"event_name":"Drug Dealer","floor":22,"gold_loss":0},{"damage_healed":0,"gold_gain":0,"player_choice":"Gave Idol","damage_taken":0,"relics_obtained":["Bloody Idol"],"max_hp_gain":0,"max_hp_loss":0,"event_name":"Forgotten Altar","floor":27,"relics_lost":["Golden Idol"],"gold_loss":0},{"damage_healed":0,"gold_gain":0,"player_choice":"Became a Ghost","damage_taken":0,"max_hp_gain":0,"max_hp_loss":33,"event_name":"Ghosts","floor":28,"gold_loss":0,"cards_obtained":["Ghostly","Ghostly","Ghostly","Ghostly","Ghostly"]},{"cards_removed":["Expertise"],"damage_healed":9,"gold_gain":0,"player_choice":"Offered Uncommon","damage_taken":0,"max_hp_gain":0,"max_hp_loss":0,"event_name":"Bonfire Elementals","floor":36,"gold_loss":0},{"cards_removed":["Poisoned Stab"],"damage_healed":0,"gold_gain":0,"player_choice":"Removed Attack","damage_taken":0,"max_hp_gain":0,"max_hp_loss":0,"event_name":"Falling","floor":38,"gold_loss":0},{"damage_healed":0,"gold_gain":0,"player_choice":"Memory 1","damage_taken":0,"max_hp_gain":0,"max_hp_loss":0,"event_name":"SensoryStone","floor":41,"gold_loss":0},{"damage_healed":0,"gold_gain":0,"player_choice":"Fight","damage_taken":0,"max_hp_gain":0,"max_hp_loss":0,"event_name":"Mysterious Sphere","floor":44,"gold_loss":0}],"is_beta":false,"boss_relics":[{"not_picked":["Astrolabe","Fusion Hammer"],"picked":"Runic Pyramid"},{"not_picked":["Busted Crown","WristBlade"],"picked":"Sozu"}],"items_purged_floors":[10,21],"is_endless":false,"potions_floor_spawned":[1,13,16,19,25,29,33,35,44,46],"killed_by":"4 Shapes","ascension_level":0}