{"gold_per_floor":[116,135,135,145,145,145,180,191,245,245,245,245,245,258,258,258],"floor_reached":16,"playtime":371,"items_purged":[],"score":165,"play_id":"b1cc2a66-c69e-4f17-a277-f41a712dcc37","local_time":"20181225222246","is_ascension_mode":true,"campfire_choices":[{"data":"Dualcast","floor":6,"key":"SMITH"},{"data":"Redo","floor":11,"key":"SMITH"},{"data":"Zap","floor":13,"key":"SMITH"},{"data":"Loop","floor":15,"key":"SMITH"}],"neow_cost":"NONE","seed_source_timestamp":710655310780319,"circlet_count":0,"master_deck":["AscendersBane","Strike_B","Strike_B","Defend_B","Defend_B","Defend_B+1","Zap+1","Dualcast+1","Reboot","BootSequence+1","Redo+1","Coolheaded","Loop+1"],"relics":["Cracked Core","Bottled Lightning","Smiling Mask"],"potions_floor_usage":[],"damage_taken":[{"damage":0,"enemies":"Small Slimes","floor":1,"turns":3},{"damage":1,"enemies":"Cultist","floor":2,"turns":3},{"damage":0,"enemies":"Jaw Worm","floor":4,"turns":3},{"damage":22,"enemies":"Lagavulin","floor":7,"turns":8},{"damage":3,"enemies":"Blue Slaver","floor":8,"turns":3},{"damage":0,"enemies":"3 Louse","floor":14,"turns":2},{"damage":36,"enemies":"Slime Boss","floor":16,"turns":7}],"seed_played":"1056689655743681854","potions_obtained":[{"floor":2,"key":"Ancient Potion"},{"floor":3,"key":"EssenceOfSteel"},{"floor":3,"key":"Regen Potion"}],"is_trial":false,"path_per_floor":["M","M","?","M","?","R","E","M","T","?","R","?","R","M","R","B"],"character_chosen":"DEFECT","items_purchased":[],"campfire_rested":0,"item_purchase_floors":[],"current_hp_per_floor":[68,67,67,67,60,60,38,35,35,20,20,20,20,20,20,0],"gold":258,"neow_bonus":"TRANSFORM_CARD","is_prod":false,"is_daily":false,"chose_seed":false,"campfire_upgraded":4,"win_rate":0,"timestamp":1545744166,"path_taken":["M","M","?","?","?","R","E","M","T","?","R","?","R","M","R","BOSS"],"build_version":"2018-12-20","purchased_purges":0,"victory":false,"max_hp_per_floor":[75,75,75,75,75,75,75,75,75,75,75,75,75,75,75,75],"card_choices":[{"not_picked":["Turbo","Barrage"],"picked":"BootSequence","floor":1},{"not_picked":["Lockon","Compile Driver","Barrage"],"picked":"SKIP","floor":2},{"not_picked":["Lockon","Steam"],"picked":"Redo","floor":4},{"not_picked":["White Noise","Sunder"],"picked":"Coolheaded","floor":7},{"not_picked":["Rebound","Streamline","Doom and Gloom"],"picked":"SKIP","floor":8},{"not_picked":["Streamline","Redo"],"picked":"Loop","floor":14}],"player_experience":685268,"relics_obtained":[{"floor":7,"key":"Bottled Lightning"},{"floor":9,"key":"Smiling Mask"}],"event_choices":[{"damage_healed":0,"gold_gain":0,"player_choice":"Got Potions","damage_taken":0,"max_hp_gain":0,"max_hp_loss":0,"event_name":"Lab","floor":3,"gold_loss":0},{"cards_removed":["Strike_B"],"damage_healed":0,"gold_gain":0,"player_choice":"Card Removal","damage_taken":7,"max_hp_gain":0,"max_hp_loss":0,"event_name":"Golden Wing","floor":5,"gold_loss":0},{"damage_healed":0,"gold_gain":0,"player_choice":"Entered Light","damage_taken":15,"max_hp_gain":0,"max_hp_loss":0,"event_name":"Shining Light","floor":10,"gold_loss":0,"cards_upgraded":["BootSequence","Defend_B"]},{"cards_removed":["Defend_B"],"damage_healed":0,"gold_gain":0,"player_choice":"Forget","damage_taken":0,"max_hp_gain":0,"max_hp_loss":0,"event_name":"Living Wall","floor":12,"gold_loss":0}],"is_beta":false,"boss_relics":[],"items_purged_floors":[],"is_endless":false,"potions_floor_spawned":[2,8,14],"killed_by":"Slime Boss","ascension_level":13}