{"gold_per_floor":[109,109,129,79,89,89,119,119,169,185,217,217,307,319,319,417,417,433,348,448,480,12,12,12,12,12,47,60,72,72,100,100,203,203,217,234,286,508,520,552,571,571,571,571,481,499,113,124,124,124,124,124,97,130,130],"floor_reached":55,"playtime":4068,"items_purged":["Strike_B","Strike_B"],"score":1002,"play_id":"eb3d2c0c-b407-4492-a321-c32e8f0023a5","local_time":"20190118113516","is_ascension_mode":true,"campfire_choices":[{"data":"Zap","floor":6,"key":"SMITH"},{"data":"Beam Cell","floor":8,"key":"SMITH"},{"data":"Dualcast","floor":12,"key":"SMITH"},{"floor":15,"key":"REST"},{"floor":23,"key":"REST"},{"floor":25,"key":"REST"},{"data":"White Noise","floor":30,"key":"SMITH"},{"floor":32,"key":"RECALL"},{"data":"Buffer","floor":42,"key":"SMITH"},{"data":"Go for the Eyes","floor":44,"key":"SMITH"},{"data":"Forethought","floor":49,"key":"SMITH"},{"data":"Loop","floor":52,"key":"SMITH"}],"neow_cost":"CURSE","seed_source_timestamp":823657240204238,"circlet_count":0,"master_deck":["Strike_B+1","Defend_B","Defend_B+1","Defend_B+1","Defend_B","Zap+1","Dualcast+1","All For One","Auto Shields","Gash","Sweeping Beam","Beam Cell+1","Stack","Gash","Beam Cell","Go for the Eyes+1","Echo Form","Loop+1","White Noise+1","Steam+1","Electrodynamics","All For One","Self Repair+1","Buffer+1","Hologram+1","BootSequence","Forethought+1","Rebound","Storm"],"relics":["Cracked Core","Happy Flower","Bag of Preparation","Centennial Puzzle","Tiny Chest","Sozu","PreservedInsect","Thread and Needle","Ornamental Fan","Red Mask","Singing Bowl","Pear","Bottled Lightning","Symbiotic Virus","Ancient Tea Set","Black Star","Emotion Chip","Darkstone Periapt","Unceasing Top","Runic Capacitor","Pantograph","Cables"],"potions_floor_usage":[7,11,13,20],"damage_taken":[{"damage":1,"enemies":"Small Slimes","floor":1,"turns":4},{"damage":2,"enemies":"2 Louse","floor":3,"turns":2},{"damage":2,"enemies":"Cultist","floor":5,"turns":4},{"damage":12,"enemies":"3 Sentries","floor":7,"turns":6},{"damage":5,"enemies":"Gremlin Gang","floor":10,"turns":3},{"damage":3,"enemies":"Gremlin Nob","floor":11,"turns":3},{"damage":6,"enemies":"Lagavulin Event","floor":13,"turns":4},{"damage":0,"enemies":"Large Slime","floor":14,"turns":2},{"damage":19,"enemies":"Slime Boss","floor":16,"turns":6},{"damage":0,"enemies":"Chosen","floor":18,"turns":4},{"damage":27,"enemies":"Colosseum Slavers","floor":20,"turns":3},{"damage":5,"enemies":"Colosseum Nobs","floor":20,"turns":3},{"damage":25,"enemies":"Masked Bandits","floor":21,"turns":4},{"damage":0,"enemies":"Gremlin Leader","floor":27,"turns":4},{"damage":1,"enemies":"Shell Parasite","floor":28,"turns":2},{"damage":0,"enemies":"Chosen and Byrds","floor":29,"turns":3},{"damage":6,"enemies":"Book of Stabbing","floor":31,"turns":4},{"damage":0,"enemies":"Automaton","floor":33,"turns":8},{"damage":0,"enemies":"3 Shapes","floor":35,"turns":4},{"damage":0,"enemies":"3 Darklings","floor":36,"turns":2},{"damage":13,"enemies":"2 Orb Walkers","floor":37,"turns":4},{"damage":0,"enemies":"4 Shapes","floor":39,"turns":4},{"damage":22,"enemies":"Giant Head","floor":40,"turns":6},{"damage":9,"enemies":"Sphere and 2 Shapes","floor":41,"turns":4},{"damage":0,"enemies":"Maw","floor":46,"turns":5},{"damage":27,"enemies":"Spire Growth","floor":48,"turns":4},{"damage":35,"enemies":"Awakened One","floor":50,"turns":10},{"damage":21,"enemies":"Shield and Spear","floor":54,"turns":4},{"damage":129,"enemies":"The Heart","floor":55,"turns":5}],"seed_played":"3438303491383691520","potions_obtained":[{"floor":3,"key":"Block Potion"},{"floor":7,"key":"Strength Potion"},{"floor":11,"key":"EssenceOfSteel"},{"floor":16,"key":"AttackPotion"}],"is_trial":false,"path_per_floor":["M","?","M","?","M","R","E","R","T","M","E","R","?","M","R","B",null,"M","?","?","?","$","R","T","R","T","E","M","M","R","E","R","B",null,"M","M","?","?","M","E","M","R","T","R","?","M","$","M","R","B",null,"R","$","E","B"],"character_chosen":"DEFECT","items_purchased":["Electrodynamics","Singing Bowl","Runic Capacitor","Forethought","Rebound"],"campfire_rested":3,"item_purchase_floors":[22,22,47,47,53],"current_hp_per_floor":[74,59,57,57,55,55,43,43,43,38,35,35,29,29,51,32,75,75,75,43,18,18,40,50,75,75,75,74,86,86,82,82,89,89,89,89,78,78,93,83,76,76,76,76,76,98,98,83,83,58,101,101,101,90,0],"gold":130,"neow_bonus":"THREE_RARE_CARDS","is_prod":false,"is_daily":false,"chose_seed":false,"campfire_upgraded":8,"win_rate":0,"timestamp":1547829316,"path_taken":["M","?","M","?","M","R","E","R","T","M","E","R","?","M","R","BOSS","M","?","?","?","$","R","?","R","T","E","M","M","R","E","R","BOSS","M","M","?","?","M","E","M","R","T","R","?","?","$","M","R","BOSS","R","$","E","BOSS"],"build_version":"2019-01-17v2","purchased_purges":2,"victory":false,"max_hp_per_floor":[75,75,75,75,75,75,75,75,75,75,75,75,75,75,75,75,75,75,75,75,75,75,75,85,85,85,85,85,87,87,89,89,89,89,89,89,91,91,93,95,97,97,97,97,97,99,99,101,101,101,101,101,101,101,101],"card_choices":[{"not_picked":["Creative AI","Reboot"],"picked":"All For One","floor":0},{"not_picked":["Undo","Chill"],"picked":"Auto Shields","floor":1},{"not_picked":["Beam Cell","Go for the Eyes"],"picked":"Gash","floor":3},{"not_picked":["Hello World","Ball Lightning"],"picked":"Sweeping Beam","floor":5},{"not_picked":["Rebound","Genetic Algorithm"],"picked":"Beam Cell","floor":7},{"not_picked":["Ball Lightning","Consume"],"picked":"Stack","floor":10},{"not_picked":["BootSequence","Tempest"],"picked":"Gash","floor":11},{"not_picked":["Recycle","Cold Snap"],"picked":"Beam Cell","floor":13},{"not_picked":["Cold Snap","Rebound"],"picked":"Go for the Eyes","floor":14},{"not_picked":["Rainbow","Reboot"],"picked":"Echo Form","floor":16},{"not_picked":["Go for the Eyes","Aggregate"],"picked":"Loop","floor":18},{"not_picked":["Compile Driver","Beam Cell"],"picked":"White Noise","floor":20},{"not_picked":["Conserve Battery","Consume+1"],"picked":"Steam+1","floor":21},{"not_picked":["Auto Shields","Conserve Battery"],"picked":"All For One","floor":27},{"not_picked":["Consume","Steam"],"picked":"Self Repair+1","floor":28},{"not_picked":["Coolheaded","Darkness","Undo"],"picked":"Singing Bowl","floor":29},{"not_picked":["Sunder","Static Discharge+1","Self Repair+1"],"picked":"Singing Bowl","floor":31},{"not_picked":["Reboot","Biased Cognition"],"picked":"Buffer","floor":33},{"not_picked":["Steam+1","Stack"],"picked":"Hologram+1","floor":35},{"not_picked":["Steam","Go for the Eyes+1"],"picked":"BootSequence","floor":36},{"not_picked":["Stack+1","Tempest+1","Aggregate+1"],"picked":"Singing Bowl","floor":37},{"not_picked":["Barrage+1","Hologram+1","Blizzard"],"picked":"Singing Bowl","floor":39},{"not_picked":["Conserve Battery","Hello World","Biased Cognition"],"picked":"Singing Bowl","floor":40},{"not_picked":["Capacitor","Go for the Eyes+1","Compile Driver"],"picked":"Singing Bowl","floor":41},{"not_picked":["Reinforced Body","Ball Lightning","Rebound"],"picked":"Singing Bowl","floor":46},{"not_picked":["Creative AI","Tempest","Compile Driver+1"],"picked":"Singing Bowl","floor":48},{"not_picked":["Self Repair","Fusion"],"picked":"Storm","floor":54}],"player_experience":245209,"relics_obtained":[{"floor":7,"key":"Happy Flower"},{"floor":9,"key":"Bag of Preparation"},{"floor":11,"key":"Centennial Puzzle"},{"floor":13,"key":"Tiny Chest"},{"floor":20,"key":"Thread and Needle"},{"floor":20,"key":"Ornamental Fan"},{"floor":21,"key":"Red Mask"},{"floor":24,"key":"Pear"},{"floor":26,"key":"Bottled Lightning"},{"floor":27,"key":"Symbiotic Virus"},{"floor":31,"key":"Ancient Tea Set"},{"floor":37,"key":"Emotion Chip"},{"floor":40,"key":"Darkstone Periapt"},{"floor":40,"key":"Unceasing Top"},{"floor":54,"key":"Pantograph"},{"floor":54,"key":"Cables"}],"event_choices":[{"damage_healed":0,"gold_gain":0,"player_choice":"Entered Light","damage_taken":15,"max_hp_gain":0,"max_hp_loss":0,"event_name":"Shining Light","floor":2,"gold_loss":0,"cards_upgraded":["Strike_B","Defend_B"]},{"cards_removed":["Strike_B"],"damage_healed":0,"gold_gain":0,"player_choice":"Card Removal","damage_taken":0,"max_hp_gain":0,"max_hp_loss":0,"event_name":"The Cleric","floor":4,"gold_loss":50},{"damage_healed":0,"gold_gain":30,"player_choice":"Searched \u00272\u0027 times","damage_taken":0,"max_hp_gain":0,"max_hp_loss":0,"event_name":"Dead Adventurer","floor":13,"gold_loss":0},{"damage_healed":0,"gold_gain":0,"player_choice":"Obtained Relic","damage_taken":0,"relics_obtained":["PreservedInsect"],"max_hp_gain":0,"max_hp_loss":0,"event_name":"Addict","floor":19,"gold_loss":85},{"damage_healed":0,"gold_gain":0,"player_choice":"Fight","damage_taken":0,"max_hp_gain":0,"max_hp_loss":0,"event_name":"Colosseum","floor":20,"gold_loss":0},{"damage_healed":0,"gold_gain":0,"player_choice":"Fought Nobs","damage_taken":0,"max_hp_gain":0,"max_hp_loss":0,"event_name":"Colosseum","floor":20,"gold_loss":0},{"damage_healed":0,"gold_gain":0,"player_choice":"Fought Bandits","damage_taken":0,"max_hp_gain":0,"max_hp_loss":0,"event_name":"Masked Bandits","floor":21,"gold_loss":0},{"damage_healed":0,"gold_gain":0,"player_choice":"Fight","damage_taken":0,"max_hp_gain":0,"max_hp_loss":0,"event_name":"Mysterious Sphere","floor":37,"gold_loss":0},{"damage_healed":0,"gold_gain":222,"player_choice":"Wore Mask","damage_taken":0,"max_hp_gain":0,"max_hp_loss":0,"event_name":"Tomb of Lord Red Mask","floor":38,"gold_loss":0},{"cards_removed":["Writhe"],"damage_healed":0,"gold_gain":0,"player_choice":"Upgrade and Remove","damage_taken":0,"max_hp_gain":0,"max_hp_loss":0,"event_name":"Designer","floor":45,"gold_loss":90,"cards_upgraded":["Defend_B"]}],"is_beta":false,"boss_relics":[{"not_picked":["Runic Dome","Inserter"],"picked":"Sozu"},{"not_picked":["Snecko Eye","Busted Crown"],"picked":"Black Star"}],"items_purged_floors":[22,47],"is_endless":false,"potions_floor_spawned":[3,7,11,16,18,21,27,28,33,35,40,54],"killed_by":"The Heart","ascension_level":4}