{"gold_per_floor":[115,30,30,30,43,43,53,80,80,92,102,102,124,152,152,223,223,236,106,116,128,146,177,127,127,150,168,181,106,106,137,137,209,209,222,222,222,242,262,262,262,49,49,61,73,85,47,58,58,58,58],"floor_reached":52,"playtime":4167,"items_purged":["Strike_G"],"score":1775,"play_id":"63fa9c47-f785-4f8c-974b-4e0f68c4de67","local_time":"20181027015940","is_ascension_mode":true,"campfire_choices":[{"floor":6,"key":"REST"},{"floor":12,"key":"REST"},{"floor":15,"key":"REST"},{"floor":25,"key":"REST"},{"floor":32,"key":"REST"},{"floor":40,"key":"REST"},{"floor":44,"key":"REST"},{"floor":49,"key":"REST"}],"neow_cost":"NONE","seed_source_timestamp":661371857171600,"circlet_count":0,"master_deck":["Defend_G+1","Defend_G+1","Defend_G+1","Defend_G+1","Defend_G+1","Strike_G+1","Strike_G+1","Survivor+1","Neutralize+1","AscendersBane","Quick Slash+1","Well Laid Plans+1","Cloak And Dagger+1","Sucker Punch+1","Corpse Explosion+1","Dagger Spray+1","Predator+1","Acrobatics+1","After Image+1","Leg Sweep+1","PiercingWail+1","Dagger Spray+1","Backflip+1","Cloak And Dagger+1","Escape Plan+1","Corpse Explosion+1","Clumsy","Escape Plan+1","Dash+1","Finisher+1","PiercingWail+1","Backflip","Poisoned Stab+1"],"relics":["Fusion Hammer","Meat on the Bone","Paper Crane","Odd Mushroom","Potion Belt","Lizard Tail","Omamori","Bag of Preparation","Ninja Scroll","Molten Egg 2","Calling Bell","Dream Catcher","Matryoshka","FossilizedHelix","Oddly Smooth Stone","MawBank","Bag of Marbles","Mark of the Bloom"],"potions_floor_usage":[16,18,22,23,23,28,31,51,51],"damage_taken":[{"damage":1,"enemies":"Jaw Worm","floor":1,"turns":4},{"damage":0,"enemies":"Small Slimes","floor":5,"turns":4},{"damage":0,"enemies":"2 Louse","floor":7,"turns":4},{"damage":24,"enemies":"Lagavulin","floor":8,"turns":9},{"damage":1,"enemies":"Large Slime","floor":10,"turns":7},{"damage":0,"enemies":"Blue Slaver","floor":11,"turns":4},{"damage":0,"enemies":"The Mushroom Lair","floor":13,"turns":2},{"damage":8,"enemies":"3 Sentries","floor":14,"turns":3},{"damage":6,"enemies":"Slime Boss","floor":16,"turns":7},{"damage":14,"enemies":"2 Thieves","floor":18,"turns":3},{"damage":26,"enemies":"3 Byrds","floor":20,"turns":4},{"damage":9,"enemies":"Cultist and Chosen","floor":21,"turns":6},{"damage":5,"enemies":"Shelled Parasite and Fungi","floor":22,"turns":7},{"damage":11,"enemies":"Slavers","floor":23,"turns":5},{"damage":14,"enemies":"Sentry and Sphere","floor":27,"turns":6},{"damage":11,"enemies":"Centurion and Healer","floor":28,"turns":9},{"damage":31,"enemies":"Book of Stabbing","floor":31,"turns":8},{"damage":37,"enemies":"Collector","floor":33,"turns":16},{"damage":0,"enemies":"3 Shapes","floor":35,"turns":3},{"damage":1,"enemies":"3 Darklings","floor":38,"turns":4},{"damage":20,"enemies":"Maw","floor":39,"turns":12},{"damage":0,"enemies":"Spire Growth","floor":48,"turns":6},{"damage":5,"enemies":"Awakened One","floor":50,"turns":36},{"damage":8,"enemies":"Donu and Deca","floor":51,"turns":3}],"seed_played":"-3212138339946951036","potions_obtained":[{"floor":1,"key":"SkillPotion"},{"floor":8,"key":"Strength Potion"},{"floor":14,"key":"PowerPotion"},{"floor":18,"key":"Weak Potion"},{"floor":20,"key":"GamblersBrew"},{"floor":22,"key":"GamblersBrew"},{"floor":28,"key":"Fruit Juice"},{"floor":33,"key":"SteroidPotion"},{"floor":39,"key":"SteroidPotion"}],"is_trial":false,"path_per_floor":["M","$","?","?","M","R","M","E","T","M","M","R","?","E","R","B",null,"M","$","M","M","M","E","?","R","T","M","M","?","T","E","R","B",null,"M","?","?","M","M","R","?","$","T","R","$","?","$","M","R","B","B"],"character_chosen":"THE_SILENT","items_purchased":["Well Laid Plans","FearPotion","Oddly Smooth Stone","Finisher+1","Backflip"],"campfire_rested":8,"item_purchase_floors":[2,19,42,42,47],"current_hp_per_floor":[58,58,38,31,31,50,50,26,26,37,37,56,56,48,66,60,65,51,51,37,40,35,36,36,55,55,41,42,42,42,28,49,24,59,59,59,59,58,38,58,58,58,58,67,67,67,67,67,67,62,54],"gold":58,"neow_bonus":"BOSS_RELIC","is_prod":false,"is_daily":false,"chose_seed":false,"campfire_upgraded":0,"win_rate":0,"timestamp":1540619980,"path_taken":["M","$","?","?","?","R","M","E","T","M","M","R","?","E","R","BOSS","M","$","?","?","M","E","?","R","T","M","M","?","?","E","R","BOSS","M","?","?","?","M","R","?","?","T","R","$","?","$","?","R","BOSS","BOSS"],"build_version":"2018-10-19","purchased_purges":1,"victory":true,"max_hp_per_floor":[66,66,66,66,66,66,66,66,66,66,66,66,66,66,66,66,66,66,66,66,66,66,66,66,66,66,66,66,66,66,71,71,71,71,71,71,67,67,67,67,67,67,67,67,67,67,67,67,67,67,67],"card_choices":[{"not_picked":["Finisher","Blade Dance"],"picked":"Quick Slash","floor":1},{"not_picked":["Outmaneuver","Eviscerate"],"picked":"Cloak And Dagger","floor":5},{"not_picked":["Underhanded Strike","Calculated Gamble"],"picked":"Sucker Punch","floor":7},{"not_picked":["Catalyst","Deadly Poison"],"picked":"Corpse Explosion","floor":8},{"not_picked":["Cloak And Dagger","Poisoned Stab"],"picked":"Dagger Spray","floor":10},{"not_picked":["Bane","Concentrate","Slice"],"picked":"SKIP","floor":11},{"not_picked":["Bouncing Flask","Dagger Throw"],"picked":"Predator","floor":13},{"not_picked":["Endless Agony","Flying Knee"],"picked":"Acrobatics","floor":14},{"not_picked":["Corpse Explosion","Grand Finale"],"picked":"After Image","floor":16},{"not_picked":["Blur+1","Prepared"],"picked":"Leg Sweep","floor":18},{"not_picked":["Setup","Cloak And Dagger"],"picked":"PiercingWail","floor":20},{"not_picked":["Acrobatics","Slice","Calculated Gamble"],"picked":"SKIP","floor":21},{"not_picked":["Concentrate","Bane"],"picked":"Dagger Spray","floor":22},{"not_picked":["Eviscerate","Bouncing Flask"],"picked":"Backflip","floor":23},{"not_picked":["Dagger Throw","Blade Dance","Expertise"],"picked":"SKIP","floor":27},{"not_picked":["Setup","Acrobatics"],"picked":"Cloak And Dagger","floor":28},{"not_picked":["Dagger Throw","Flying Knee"],"picked":"Escape Plan","floor":31},{"not_picked":["Storm of Steel","Bullet Time"],"picked":"Corpse Explosion","floor":33},{"not_picked":["Quick Slash+1","Poisoned Stab+1","Infinite Blades"],"picked":"SKIP","floor":35},{"not_picked":["Reflex","Tactician"],"picked":"Escape Plan+1","floor":38},{"not_picked":["Reflex","Masterful Stab+1","Poisoned Stab+1"],"picked":"SKIP","floor":39},{"not_picked":["Infinite Blades","Flying Knee+1"],"picked":"Dash+1","floor":40},{"not_picked":["Prepared+1","Dodge and Roll"],"picked":"PiercingWail","floor":44},{"not_picked":["Endless Agony+1","Sucker Punch+1","Flying Knee+1"],"picked":"SKIP","floor":48},{"not_picked":["Flechettes+1","Quick Slash+1"],"picked":"Poisoned Stab+1","floor":49}],"player_experience":1514672,"relics_obtained":[{"floor":8,"key":"Meat on the Bone"},{"floor":9,"key":"Paper Crane"},{"floor":13,"key":"Odd Mushroom"},{"floor":14,"key":"Potion Belt"},{"floor":23,"key":"Omamori"},{"floor":26,"key":"Bag of Preparation"},{"floor":30,"key":"Ninja Scroll"},{"floor":31,"key":"Molten Egg 2"},{"floor":34,"key":"Dream Catcher"},{"floor":34,"key":"Matryoshka"},{"floor":34,"key":"FossilizedHelix"},{"floor":43,"key":"MawBank"},{"floor":43,"key":"Bag of Marbles"}],"event_choices":[{"damage_healed":0,"gold_gain":0,"player_choice":"Entered Light","damage_taken":20,"max_hp_gain":0,"max_hp_loss":0,"event_name":"Shining Light","floor":3,"gold_loss":0,"cards_upgraded":["Strike_G","Defend_G"]},{"cards_removed":["Strike_G"],"damage_healed":0,"gold_gain":0,"player_choice":"Card Removal","damage_taken":7,"max_hp_gain":0,"max_hp_loss":0,"event_name":"Golden Wing","floor":4,"gold_loss":0},{"damage_healed":0,"gold_gain":0,"player_choice":"Fought Mushrooms","damage_taken":0,"max_hp_gain":0,"max_hp_loss":0,"event_name":"Mushrooms","floor":13,"gold_loss":0},{"damage_healed":0,"gold_gain":0,"player_choice":"Upgraded Two","damage_taken":0,"max_hp_gain":0,"max_hp_loss":0,"event_name":"Designer","floor":24,"gold_loss":50,"cards_upgraded":["Dagger Spray","Leg Sweep"]},{"cards_removed":["Strike_G"],"damage_healed":0,"gold_gain":0,"player_choice":"Gave Gold","damage_taken":0,"max_hp_gain":0,"max_hp_loss":0,"event_name":"Beggar","floor":29,"gold_loss":75},{"damage_healed":0,"gold_gain":0,"player_choice":"Ignored","damage_taken":0,"max_hp_gain":0,"max_hp_loss":0,"event_name":"Tomb of Lord Red Mask","floor":36,"gold_loss":0},{"damage_healed":0,"gold_gain":0,"player_choice":"Max HP","damage_taken":0,"max_hp_gain":0,"max_hp_loss":4,"event_name":"Winding Halls","floor":37,"gold_loss":0},{"damage_healed":0,"gold_gain":0,"player_choice":"Ignored","damage_taken":0,"max_hp_gain":0,"max_hp_loss":0,"event_name":"Mysterious Sphere","floor":41,"gold_loss":0},{"damage_healed":0,"gold_gain":0,"player_choice":"Upgrade","damage_taken":0,"relics_obtained":["Mark of the Bloom"],"max_hp_gain":0,"max_hp_loss":0,"event_name":"MindBloom","floor":46,"gold_loss":0,"cards_upgraded":["Defend_G","Defend_G","Defend_G","Defend_G","Strike_G","Survivor","Neutralize","Quick Slash","Well Laid Plans","Cloak And Dagger","Sucker Punch","Corpse Explosion","Predator","Acrobatics","After Image","PiercingWail","Dagger Spray","Backflip","Cloak And Dagger","Escape Plan","Corpse Explosion","PiercingWail"]}],"is_beta":true,"boss_relics":[{"not_picked":["Sozu","Runic Dome"],"picked":"Lizard Tail"},{"not_picked":["Busted Crown","WristBlade"],"picked":"Calling Bell"}],"items_purged_floors":[19],"is_endless":false,"potions_floor_spawned":[1,8,11,14,18,20,22,28,33,39],"ascension_level":20}