{"gold_per_floor":[119,135,149,196,146,173,185,211,282,282,282,282,294,305,305,404,404,421,421,421,81,99,99,110,110],"floor_reached":25,"playtime":1183,"items_purged":[],"score":266,"play_id":"46525ca3-8d3d-492c-aea3-8f0c72fabc47","local_time":"20190122215059","is_ascension_mode":true,"campfire_choices":[{"floor":11,"key":"REST"},{"data":"White Noise","floor":15,"key":"SMITH"},{"floor":23,"key":"REST"}],"neow_cost":"NONE","seed_source_timestamp":1209821843952855,"circlet_count":0,"master_deck":["Strike_B","Strike_B","Strike_B","Defend_B","Defend_B","Defend_B","Defend_B","Zap","Dualcast","Go for the Eyes","Rebound+1","Beam Cell+1","Coolheaded","Streamline","Conserve Battery","Hyperbeam","White Noise+1","Electrodynamics","Conserve Battery","Defragment","Blizzard","Melter","Capacitor+1"],"relics":["FrozenCore","NeowsBlessing","Whetstone","Oddly Smooth Stone","The Courier","Symbiotic Virus","Bronze Scales","Pantograph","Nilry\u0027s Codex","Shovel"],"potions_floor_usage":[6,8,24,25,25],"damage_taken":[{"damage":0,"enemies":"Cultist","floor":1,"turns":1},{"damage":0,"enemies":"2 Louse","floor":2,"turns":1},{"damage":0,"enemies":"Small Slimes","floor":3,"turns":1},{"damage":15,"enemies":"Lagavulin","floor":6,"turns":4},{"damage":15,"enemies":"Exordium Thugs","floor":7,"turns":3},{"damage":12,"enemies":"Gremlin Nob","floor":8,"turns":3},{"damage":7,"enemies":"3 Louse","floor":13,"turns":3},{"damage":0,"enemies":"2 Fungi Beasts","floor":14,"turns":1},{"damage":36,"enemies":"Slime Boss","floor":16,"turns":8},{"damage":0,"enemies":"3 Byrds","floor":18,"turns":3},{"damage":0,"enemies":"Chosen","floor":22,"turns":3},{"damage":24,"enemies":"Shelled Parasite and Fungi","floor":24,"turns":6},{"damage":54,"enemies":"Gremlin Leader","floor":25,"turns":5}],"seed_played":"7230147812040339079","potions_obtained":[{"floor":1,"key":"AttackPotion"},{"floor":2,"key":"Weak Potion"},{"floor":8,"key":"EssenceOfSteel"},{"floor":14,"key":"Weak Potion"},{"floor":18,"key":"LiquidBronze"}],"is_trial":false,"path_per_floor":["M","M","M","T","?","E","M","E","T","?","R","?","M","M","R","B",null,"M","?","?","$","M","R","M","E"],"character_chosen":"DEFECT","items_purchased":["Shovel","Defragment","Blizzard"],"campfire_rested":2,"item_purchase_floors":[21,21,21],"current_hp_per_floor":[75,75,75,75,75,60,45,33,33,30,52,52,45,45,45,34,65,65,49,49,49,49,71,47,0],"gold":110,"neow_bonus":"THREE_ENEMY_KILL","is_prod":false,"is_daily":false,"chose_seed":false,"campfire_upgraded":1,"win_rate":0,"timestamp":1548211859,"path_taken":["M","?","M","?","?","E","M","E","T","?","R","?","?","M","R","BOSS","M","?","?","$","M","R","M","E"],"build_version":"2019-01-17v2","purchased_purges":0,"victory":false,"max_hp_per_floor":[75,75,75,75,75,75,75,75,75,75,75,75,75,75,75,75,75,75,75,75,75,75,75,75,75],"card_choices":[{"not_picked":["Skim","Double Energy"],"picked":"Go for the Eyes","floor":1},{"not_picked":["Coolheaded","Leap"],"picked":"Rebound","floor":2},{"not_picked":["Lockon","Static Discharge"],"picked":"Beam Cell","floor":3},{"not_picked":["BootSequence","Reprogram"],"picked":"Coolheaded","floor":6},{"not_picked":["Static Discharge","Aggregate"],"picked":"Streamline","floor":7},{"not_picked":["Streamline","Aggregate"],"picked":"Conserve Battery","floor":8},{"not_picked":["Scrape","Steam"],"picked":"Hyperbeam","floor":13},{"not_picked":["Auto Shields","Darkness"],"picked":"White Noise","floor":14},{"not_picked":["Fission","Core Surge"],"picked":"Electrodynamics","floor":16},{"not_picked":["Leap","Go for the Eyes"],"picked":"Conserve Battery","floor":18},{"not_picked":["Conserve Battery","Streamline"],"picked":"Melter","floor":22},{"not_picked":["Ball Lightning","Reprogram"],"picked":"Capacitor+1","floor":24}],"player_experience":278086,"relics_obtained":[{"floor":4,"key":"Whetstone"},{"floor":6,"key":"Oddly Smooth Stone"},{"floor":8,"key":"The Courier"},{"floor":9,"key":"Symbiotic Virus"},{"floor":12,"key":"Pantograph"},{"floor":19,"key":"Nilry\u0027s Codex"}],"event_choices":[{"cards_removed":["Strike_B"],"damage_healed":0,"gold_gain":0,"player_choice":"Card Removal","damage_taken":0,"max_hp_gain":0,"max_hp_loss":0,"event_name":"The Cleric","floor":5,"gold_loss":50},{"damage_healed":0,"gold_gain":0,"player_choice":"Success","damage_taken":3,"relics_obtained":["Bronze Scales"],"max_hp_gain":0,"max_hp_loss":0,"event_name":"Scrap Ooze","floor":10,"gold_loss":0},{"damage_healed":0,"gold_gain":0,"player_choice":"Relic","damage_taken":0,"max_hp_gain":0,"max_hp_loss":0,"event_name":"Wheel of Change","floor":12,"gold_loss":0},{"damage_healed":0,"gold_gain":0,"player_choice":"Obtained Book","damage_taken":16,"max_hp_gain":0,"max_hp_loss":0,"event_name":"Cursed Tome","floor":19,"gold_loss":0},{"damage_healed":0,"gold_gain":0,"player_choice":"Ignored","damage_taken":0,"max_hp_gain":0,"max_hp_loss":0,"event_name":"Vampires","floor":20,"gold_loss":0}],"is_beta":false,"boss_relics":[{"not_picked":["Pandora\u0027s Box","Inserter"],"picked":"FrozenCore"}],"items_purged_floors":[],"is_endless":false,"potions_floor_spawned":[1,2,8,14,18],"killed_by":"Gremlin Leader","ascension_level":5}