{"gold_per_floor":[118,118,118,144,176,188,219,231,243,269,302,354,441,453,465,477],"floor_reached":16,"playtime":605,"items_purged":[],"score":204,"play_id":"5fb80740-0571-4b13-b86b-3d4d85671ff8","local_time":"20181028022919","is_ascension_mode":true,"campfire_choices":[{"data":"Neutralize","floor":6,"key":"SMITH"},{"data":"Poisoned Stab","floor":8,"key":"SMITH"},{"floor":15,"key":"REST"}],"neow_cost":"NONE","seed_source_timestamp":753131785708500,"circlet_count":0,"master_deck":["Defend_G","Defend_G","Defend_G","Defend_G","Defend_G","Strike_G","Strike_G","Strike_G","Strike_G","Strike_G","Survivor","Neutralize+1","AscendersBane","Flying Knee","Poisoned Stab+1","Cloak And Dagger","Leg Sweep","Footwork","Catalyst","Dagger Spray"],"relics":["Cursed Key","Golden Idol","MawBank","Blood Vial"],"potions_floor_usage":[7,12,12,16,16],"damage_taken":[{"damage":0,"enemies":"2 Louse","floor":1,"turns":4},{"damage":2,"enemies":"Jaw Worm","floor":4,"turns":5},{"damage":0,"enemies":"Small Slimes","floor":5,"turns":3},{"damage":0,"enemies":"Gremlin Gang","floor":7,"turns":4},{"damage":1,"enemies":"Lots of Slimes","floor":10,"turns":5},{"damage":3,"enemies":"Looter","floor":11,"turns":3},{"damage":32,"enemies":"Gremlin Nob","floor":12,"turns":5},{"damage":26,"enemies":"Hexaghost","floor":16,"turns":9}],"seed_played":"-6172706150805403265","potions_obtained":[{"floor":4,"key":"EntropicBrew"},{"floor":5,"key":"AttackPotion"},{"floor":11,"key":"GamblersBrew"},{"floor":12,"key":"Strength Potion"}],"is_trial":false,"path_per_floor":["M","?","?","M","M","R","M","R","T","M","M","E","?","?","R"],"character_chosen":"THE_SILENT","items_purchased":[],"campfire_rested":1,"item_purchase_floors":[],"current_hp_per_floor":[59,59,54,52,52,52,52,52,52,51,48,16,5,5,23,0],"gold":477,"neow_bonus":"BOSS_RELIC","is_prod":false,"is_daily":false,"chose_seed":false,"campfire_upgraded":2,"win_rate":0,"timestamp":1540708159,"path_taken":["M","?","?","?","M","R","M","R","T","?","M","E","?","?","R","BOSS"],"build_version":"2018-10-19","purchased_purges":0,"victory":false,"max_hp_per_floor":[66,60,60,60,60,60,60,60,60,60,60,60,60,60,60,60],"card_choices":[{"not_picked":["Underhanded Strike","Deflect"],"picked":"Flying Knee","floor":1},{"not_picked":["Flying Knee","Outmaneuver"],"picked":"Poisoned Stab","floor":4},{"not_picked":["Outmaneuver","Distraction"],"picked":"Cloak And Dagger","floor":5},{"not_picked":["Sucker Punch","Accuracy"],"picked":"Leg Sweep","floor":7},{"not_picked":["Cloak And Dagger","Doppelganger"],"picked":"Footwork","floor":10},{"not_picked":["Backstab","Cloak And Dagger"],"picked":"Catalyst","floor":11},{"not_picked":["Storm of Steel","Deflect"],"picked":"Dagger Spray","floor":12}],"player_experience":1531873,"relics_obtained":[{"floor":12,"key":"Blood Vial"}],"event_choices":[{"damage_healed":0,"gold_gain":0,"player_choice":"Lose Max HP","damage_taken":0,"relics_obtained":["Golden Idol"],"max_hp_gain":0,"max_hp_loss":6,"event_name":"Golden Idol","floor":2,"gold_loss":0},{"damage_healed":0,"gold_gain":0,"player_choice":"Success","damage_taken":5,"relics_obtained":["MawBank"],"max_hp_gain":0,"max_hp_loss":0,"event_name":"Scrap Ooze","floor":3,"gold_loss":0},{"damage_healed":0,"gold_gain":75,"player_choice":"Gather Gold","damage_taken":11,"max_hp_gain":0,"max_hp_loss":0,"event_name":"World of Goop","floor":13,"gold_loss":0},{"damage_healed":0,"gold_gain":0,"player_choice":"Searched \u00270\u0027 times","damage_taken":0,"max_hp_gain":0,"max_hp_loss":0,"event_name":"Dead Adventurer","floor":14,"gold_loss":0}],"is_beta":true,"boss_relics":[],"items_purged_floors":[],"is_endless":false,"potions_floor_spawned":[4,5,11,12],"killed_by":"Hexaghost","ascension_level":20}