{"gold_per_floor":[110,110,37,47,47,47,64,84,84,109,30,30,30,93,93,93],"floor_reached":16,"playtime":683,"items_purged":[],"score":98,"play_id":"31089a49-5f3e-42e9-b90e-e4ceb2e40124","local_time":"20180903175455","is_ascension_mode":false,"campfire_choices":[{"data":"Footwork","floor":6,"key":"SMITH"},{"data":"Footwork","floor":13,"key":"SMITH"},{"data":"Footwork","floor":15,"key":"SMITH"}],"neow_cost":"NONE","seed_source_timestamp":71336400864577,"circlet_count":0,"master_deck":["Defend_G","Defend_G","Defend_G","Defend_G","Defend_G","Strike_G","Strike_G","Strike_G","Survivor","Neutralize","Dagger Spray","Footwork+1","Footwork+1","Flying Knee","Footwork+1","Quick Slash","Well Laid Plans+1","Accuracy+1"],"relics":["Sozu","Strawberry","Frozen Egg 2","Torii"],"potions_floor_usage":[],"damage_taken":[{"damage":0,"enemies":"2 Louse","floor":1,"turns":3},{"damage":0,"enemies":"Cultist","floor":4,"turns":4},{"damage":0,"enemies":"Jaw Worm","floor":7,"turns":5},{"damage":7,"enemies":"Exordium Thugs","floor":8,"turns":5},{"damage":17,"enemies":"3 Sentries","floor":10,"turns":13},{"damage":18,"enemies":"3 Sentries","floor":14,"turns":9},{"damage":36,"enemies":"Hexaghost","floor":16,"turns":18}],"seed_played":"140756244195700628","potions_obtained":[],"is_trial":false,"path_per_floor":["M","?","$","M","?","R","M","M","T","E","$","?","R","?","R"],"character_chosen":"THE_SILENT","items_purchased":["Footwork","Well Laid Plans+1"],"campfire_rested":0,"item_purchase_floors":[3,11],"current_hp_per_floor":[70,70,70,70,70,70,70,63,70,53,53,53,53,35,35,0],"gold":93,"neow_bonus":"BOSS_RELIC","is_prod":false,"is_daily":false,"chose_seed":false,"campfire_upgraded":3,"win_rate":0,"timestamp":1535964895,"path_taken":["M","?","$","?","?","R","M","?","T","E","$","?","R","?","R","BOSS"],"build_version":"2018-08-30","purchased_purges":0,"victory":false,"max_hp_per_floor":[70,70,70,70,70,70,70,70,77,77,77,77,77,77,77,77],"card_choices":[{"not_picked":["PiercingWail","Setup"],"picked":"Dagger Spray","floor":1},{"not_picked":["Sucker Punch","Masterful Stab"],"picked":"Footwork","floor":4},{"not_picked":["Slice","Outmaneuver"],"picked":"Flying Knee","floor":7},{"not_picked":["Tactician","Quick Slash"],"picked":"Footwork","floor":8},{"not_picked":["Predator","Concentrate"],"picked":"Quick Slash","floor":10},{"not_picked":["Dodge and Roll","Prepared"],"picked":"Accuracy+1","floor":14}],"player_experience":379188,"relics_obtained":[{"floor":9,"key":"Strawberry"},{"floor":10,"key":"Frozen Egg 2"},{"floor":14,"key":"Torii"}],"event_choices":[{"event_name":"Purifier","player_choice":"One Purge","floor":2,"damage_taken":0},{"event_name":"Living Wall","player_choice":"Forget","floor":5,"damage_taken":0},{"event_name":"The Cleric","player_choice":"Leave","floor":12,"damage_taken":0},{"event_name":"Dead Adventurer","player_choice":"Searched \u00272\u0027 times","floor":14,"damage_taken":0}],"is_beta":true,"boss_relics":[],"items_purged_floors":[],"is_endless":false,"potions_floor_spawned":[1,7,10,14],"killed_by":"Hexaghost","ascension_level":0}