{"gold_per_floor":[110,121,121,137,137,137,155,155,155,41,41,53,71,71,71,168,168,188,188,208,114,213,213,231,245,272],"floor_reached":26,"playtime":596,"items_purged":["Strike_R"],"score":200,"play_id":"d59644ce-ee81-4478-b709-6c13c687b6fb","local_time":"20190205123618","is_ascension_mode":false,"campfire_choices":[{"data":"Bash","floor":6,"key":"SMITH"},{"data":"Inflame","floor":8,"key":"SMITH"},{"data":"Pommel Strike","floor":11,"key":"SMITH"},{"data":"Sword Boomerang","floor":15,"key":"SMITH"},{"floor":23,"key":"RECALL"}],"neow_cost":"NONE","seed_source_timestamp":44527769842723,"circlet_count":0,"master_deck":["Strike_R","Strike_R","Strike_R","Strike_R","Defend_R","Defend_R","Defend_R","Defend_R","Bash+1","Sword Boomerang+1","Anger","Pommel Strike+1","Flame Barrier+1","Inflame+1","Pummel","Heavy Blade","Limit Break","Shrug It Off","Havoc+1","Uppercut","True Grit","Whirlwind","Armaments+1"],"relics":["Burning Blood","Fusion Hammer"],"potions_floor_usage":[25,25],"damage_taken":[{"damage":9,"enemies":"2 Louse","floor":1,"turns":3},{"damage":1,"enemies":"Cultist","floor":2,"turns":3},{"damage":8,"enemies":"Small Slimes","floor":4,"turns":3},{"damage":7,"enemies":"Blue Slaver","floor":7,"turns":3},{"damage":2,"enemies":"Exordium Wildlife","floor":12,"turns":5},{"damage":0,"enemies":"Large Slime","floor":13,"turns":6},{"damage":34,"enemies":"The Guardian","floor":16,"turns":10},{"damage":26,"enemies":"2 Thieves","floor":18,"turns":4},{"damage":5,"enemies":"Chosen","floor":20,"turns":3},{"damage":15,"enemies":"Centurion and Healer","floor":24,"turns":6},{"damage":24,"enemies":"Snake Plant","floor":25,"turns":3}],"seed_played":"70641170299154104","potions_obtained":[{"floor":7,"key":"BloodPotion"},{"floor":16,"key":"GamblersBrew"},{"floor":24,"key":"SkillPotion"},{"floor":25,"key":"LiquidBronze"}],"is_trial":false,"path_per_floor":["M","M","?","M","?","R","M","R","T","$","R","M","M","?","R","B",null,"M","?","M","$","?","R","M","M","T"],"character_chosen":"IRONCLAD","items_purchased":["Pummel","Uppercut","True Grit"],"campfire_rested":0,"item_purchase_floors":[10,21,21],"current_hp_per_floor":[77,80,80,78,78,78,77,77,77,77,77,80,80,80,80,52,80,60,60,61,61,61,61,52,42,42],"gold":272,"neow_bonus":"THREE_CARDS","is_prod":false,"is_daily":false,"chose_seed":false,"campfire_upgraded":4,"win_rate":0,"timestamp":1549388178,"path_taken":["M","M","?","?","?","R","M","R","T","$","R","M","M","?","R","BOSS","M","?","M","$","?","R","M","M","T"],"build_version":"2019-01-23","purchased_purges":1,"victory":false,"max_hp_per_floor":[80,80,80,80,80,80,80,80,80,80,80,80,80,80,80,80,80,80,80,80,80,80,80,80,80,80],"card_choices":[{"not_picked":["Thunderclap","Rupture"],"picked":"Sword Boomerang","floor":0},{"not_picked":["True Grit","Wild Strike"],"picked":"Anger","floor":1},{"not_picked":["Sever Soul","Hemokinesis"],"picked":"Pommel Strike","floor":2},{"not_picked":["Headbutt","Anger"],"picked":"Flame Barrier","floor":4},{"not_picked":["Iron Wave","Rupture"],"picked":"Inflame","floor":7},{"not_picked":["Body Slam","Twin Strike","Warcry"],"picked":"SKIP","floor":12},{"not_picked":["Reckless Charge","Perfected Strike"],"picked":"Heavy Blade","floor":13},{"not_picked":["Offering","Impervious"],"picked":"Limit Break","floor":16},{"not_picked":["Havoc+1","Bloodletting+1"],"picked":"Shrug It Off","floor":18},{"not_picked":["Battle Trance","Body Slam"],"picked":"Havoc+1","floor":20},{"not_picked":["True Grit","Warcry"],"picked":"Whirlwind","floor":24},{"not_picked":["Combust","Clothesline"],"picked":"Armaments+1","floor":25}],"player_experience":452098,"relics_obtained":[],"event_choices":[{"damage_healed":0,"gold_gain":0,"player_choice":"Ignored","damage_taken":0,"max_hp_gain":0,"max_hp_loss":0,"event_name":"WeMeetAgain","floor":3,"gold_loss":0},{"damage_healed":0,"gold_gain":0,"player_choice":"Grow","damage_taken":0,"max_hp_gain":0,"max_hp_loss":0,"event_name":"Living Wall","floor":5,"gold_loss":0,"cards_upgraded":["Flame Barrier"]},{"damage_healed":0,"gold_gain":0,"player_choice":"Ignored","damage_taken":0,"max_hp_gain":0,"max_hp_loss":0,"event_name":"Liars Game","floor":14,"gold_loss":0},{"damage_healed":0,"gold_gain":99,"player_choice":"Stole From Cult","damage_taken":0,"max_hp_gain":0,"max_hp_loss":0,"event_name":"Nest","floor":22,"gold_loss":0}],"is_beta":false,"boss_relics":[{"not_picked":["Lizard Tail","Eternal Feather"],"picked":"Fusion Hammer"}],"items_purged_floors":[10],"is_endless":false,"potions_floor_spawned":[7,16,24,25],"ascension_level":0}