{"gold_per_floor":[118,131,142,156,156,156,156,194,194,218,32,86,126,190,190,310,310,326,251,300,166,186,186,219,219,219,219,243,89,89,134,134,134],"floor_reached":33,"playtime":1417,"items_purged":["Heatsinks"],"score":524,"play_id":"bf3bc5d6-e91a-4003-8a21-42d01b521e89","local_time":"20181226172010","is_ascension_mode":true,"campfire_choices":[{"data":"Compile Driver","floor":6.0,"key":"SMITH"},{"data":"HandOfGreed","floor":15.0,"key":"SMITH"},{"floor":23.0,"key":"REST"},{"floor":25.0,"key":"REST"},{"data":"Coolheaded","floor":27.0,"key":"SMITH"},{"floor":32.0,"key":"REST"}],"neow_cost":"NONE","seed_source_timestamp":0,"circlet_count":0,"master_deck":["AscendersBane","Zap+1","Dualcast+1","Steam","Compile Driver+1","Cold Snap","Genetic Algorithm","Ball Lightning","HandOfGreed+1","Leap+1","Loop","Buffer","Melter","Compile Driver","Conserve Battery","Sweeping Beam","Fission","Stack","Cold Snap","Coolheaded+1","Defragment","Coolheaded","Hologram","Chill","Ghostly","Ghostly","Ghostly","Ghostly","Ghostly"],"special_seed":0,"relics":["Cracked Core","Whetstone","Golden Idol","Bag of Marbles","Art of War","Symbiotic Virus","Matryoshka","Pandora\u0027s Box","Juzu Bracelet","Vajra","Pantograph","War Paint"],"potions_floor_usage":[33],"damage_taken":[{"damage":6.0,"enemies":"2 Louse","floor":1.0,"turns":2.0},{"damage":1.0,"enemies":"Jaw Worm","floor":2.0,"turns":2.0},{"damage":0.0,"enemies":"Cultist","floor":3.0,"turns":2.0},{"damage":7.0,"enemies":"Looter","floor":4.0,"turns":3.0},{"damage":19.0,"enemies":"Lagavulin","floor":8.0,"turns":6.0},{"damage":5.0,"enemies":"Blue Slaver","floor":10.0,"turns":2.0},{"damage":0.0,"enemies":"Gremlin Nob","floor":12.0,"turns":2.0},{"damage":0.0,"enemies":"Gremlin Gang","floor":13.0,"turns":3.0},{"damage":13.0,"enemies":"3 Sentries","floor":14.0,"turns":7.0},{"damage":11.0,"enemies":"Hexaghost","floor":16.0,"turns":9.0},{"damage":0.0,"enemies":"Spheric Guardian","floor":18.0,"turns":2.0},{"damage":0.0,"enemies":"Chosen","floor":20.0,"turns":6.0},{"damage":22.0,"enemies":"Snake Plant","floor":22.0,"turns":6.0},{"damage":47.0,"enemies":"Gremlin Leader","floor":24.0,"turns":10.0},{"damage":22.0,"enemies":"Shelled Parasite and Fungi","floor":28.0,"turns":6.0},{"damage":0.0,"enemies":"3 Cultists","floor":31.0,"turns":7.0},{"damage":22,"enemies":"Automaton","floor":33,"turns":12}],"seed_played":"1516867393669352814","potions_obtained":[{"floor":1.0,"key":"SpeedPotion"},{"floor":2.0,"key":"Fire Potion"},{"floor":4.0,"key":"FocusPotion"},{"floor":12.0,"key":"Fire Potion"},{"floor":16.0,"key":"LiquidBronze"},{"floor":20.0,"key":"FocusPotion"},{"floor":24.0,"key":"Energy Potion"}],"is_trial":false,"path_per_floor":["M","M","M","M","?","R","?","E","T","M","$","E","M","E","R","B",null,"M","$","M","$","M","R","E","R","T","R","M","$","?","M","R","B"],"character_chosen":"DEFECT","items_purchased":["HandOfGreed","Defragment","Coolheaded","Hologram","War Paint"],"campfire_rested":3,"item_purchase_floors":[11,21,21,21,29],"current_hp_per_floor":[62,61,61,54,54,54,54,35,35,30,30,30,30,17,17,6,53,53,53,53,53,31,51,4,24,24,24,2,2,2,2,12,12],"gold":134,"neow_bonus":"RANDOM_COMMON_RELIC","is_prod":false,"is_daily":false,"chose_seed":false,"campfire_upgraded":3,"win_rate":0,"timestamp":1545862810,"path_taken":["M","M","M","M","?","R","?","E","T","M","$","E","M","E","R","BOSS","M","$","M","$","M","R","E","R","T","R","M","$","?","M","R","BOSS"],"build_version":"2018-12-20","purchased_purges":1,"victory":false,"max_hp_per_floor":[75,75,75,75,75,75,69,69,69,69,69,69,69,69,69,69,69,69,69,69,69,69,69,69,69,69,69,69,69,34,34,34,34],"card_choices":[{"not_picked":["Stack","Self Repair"],"picked":"Steam","floor":1.0},{"not_picked":["Stack","Melter"],"picked":"Compile Driver","floor":2.0},{"not_picked":["Consume","Go for the Eyes"],"picked":"Cold Snap","floor":3.0},{"not_picked":["Turbo","Go for the Eyes"],"picked":"Genetic Algorithm","floor":4.0},{"not_picked":["Streamline","Barrage"],"picked":"Ball Lightning","floor":8.0},{"not_picked":["Melter","Fusion","Stack"],"picked":"SKIP","floor":10.0},{"not_picked":["Force Field","Beam Cell"],"picked":"Leap","floor":12.0},{"not_picked":["Hello World","Reprogram","Turbo"],"picked":"SKIP","floor":13.0},{"not_picked":["Recycle","FTL"],"picked":"Loop","floor":14.0},{"not_picked":["Echo Form","Biased Cognition"],"picked":"Buffer","floor":16.0},{"not_picked":["Rebound","Aggregate"],"picked":"Coolheaded","floor":18.0},{"not_picked":["Genetic Algorithm","Beam Cell","Reprogram"],"picked":"SKIP","floor":20.0},{"not_picked":["Coolheaded","Doom and Gloom","BootSequence"],"picked":"SKIP","floor":22.0},{"not_picked":["Sunder","Heatsinks"],"picked":"Chill","floor":24.0},{"not_picked":["Cold Snap","Go for the Eyes","Sweeping Beam"],"picked":"SKIP","floor":28.0},{"not_picked":["Chaos","Rebound","Hologram"],"picked":"SKIP","floor":31.0}],"player_experience":405659,"relics_obtained":[{"floor":8.0,"key":"Bag of Marbles"},{"floor":9.0,"key":"Art of War"},{"floor":12.0,"key":"Symbiotic Virus"},{"floor":14.0,"key":"Matryoshka"},{"floor":24.0,"key":"Juzu Bracelet"},{"floor":26.0,"key":"Vajra"},{"floor":26.0,"key":"Pantograph"}],"event_choices":[{"damage_healed":0.0,"max_hp_gain":0.0,"max_hp_loss":0.0,"gold_gain":0.0,"event_name":"Living Wall","player_choice":"Grow","floor":5.0,"gold_loss":0.0,"damage_taken":0.0,"cards_upgraded":["Zap"]},{"damage_healed":0.0,"max_hp_gain":0.0,"max_hp_loss":6.0,"gold_gain":0.0,"event_name":"Golden Idol","player_choice":"Lose Max HP","floor":7.0,"gold_loss":0.0,"damage_taken":0.0,"relics_obtained":["Golden Idol"]},{"damage_healed":0.0,"max_hp_gain":0.0,"max_hp_loss":35.0,"gold_gain":0.0,"event_name":"Ghosts","player_choice":"Became a Ghost","floor":30.0,"gold_loss":0.0,"damage_taken":0.0,"cards_obtained":["Ghostly","Ghostly","Ghostly","Ghostly","Ghostly"]}],"is_beta":false,"boss_relics":[{"not_picked":["Philosopher\u0027s Stone","Runic Pyramid"],"picked":"Pandora\u0027s Box"}],"items_purged_floors":[19],"is_endless":false,"potions_floor_spawned":[1,2,4,12,16,20,22,24],"killed_by":"Automaton","ascension_level":12}