{"gold_per_floor":[113,125,125,145,159,170,170,195,195,213,213,213],"floor_reached":12,"playtime":810,"items_purged":[],"score":82,"play_id":"54505438-53b8-4eb6-bfa8-47d2db248e90","local_time":"20181225184522","is_ascension_mode":false,"campfire_choices":[{"data":"Heatsinks","floor":7,"key":"SMITH"}],"neow_cost":"NONE","seed_source_timestamp":2321295425222698,"circlet_count":0,"master_deck":["Strike_B","Strike_B","Strike_B","Strike_B","Defend_B","Defend_B","Defend_B","Defend_B","Zap","Dualcast","Tempest","Blizzard","Regret","Cold Snap","Aggregate","Heatsinks+1","White Noise","Echo Form","Injury"],"relics":["Cracked Core","NeowsBlessing","Pen Nib","Juzu Bracelet","Matryoshka","Golden Idol"],"potions_floor_usage":[],"damage_taken":[{"damage":0,"enemies":"Jaw Worm","floor":1,"turns":1},{"damage":0,"enemies":"2 Louse","floor":2,"turns":1},{"damage":0,"enemies":"Small Slimes","floor":4,"turns":1},{"damage":18,"enemies":"Exordium Thugs","floor":5,"turns":4},{"damage":15,"enemies":"3 Louse","floor":6,"turns":3},{"damage":38,"enemies":"Gremlin Nob","floor":8,"turns":5},{"damage":3,"enemies":"2 Fungi Beasts","floor":10,"turns":3},{"damage":4,"enemies":"Large Slime","floor":12,"turns":1}],"seed_played":"-3783238468989405973","potions_obtained":[{"floor":1,"key":"LiquidBronze"},{"floor":2,"key":"Strength Potion"},{"floor":5,"key":"Strength Potion"},{"floor":8,"key":"FocusPotion"}],"is_trial":false,"path_per_floor":["M","M","?","M","M","M","R","E","T","M","?","M"],"character_chosen":"DEFECT","items_purchased":[],"campfire_rested":0,"item_purchase_floors":[],"current_hp_per_floor":[75,75,75,75,57,42,42,4,4,1,1,0],"gold":213,"neow_bonus":"THREE_ENEMY_KILL","is_prod":false,"is_daily":false,"chose_seed":false,"campfire_upgraded":1,"win_rate":0.0,"timestamp":1545759922,"path_taken":["M","M","?","M","M","M","R","E","T","M","?","M"],"build_version":"2018-12-20","purchased_purges":0,"victory":false,"max_hp_per_floor":[75,75,75,75,75,75,75,75,75,75,75,75],"card_choices":[{"not_picked":["Streamline","Aggregate"],"picked":"Tempest","floor":1},{"not_picked":["Go for the Eyes","Barrage"],"picked":"Blizzard","floor":2},{"not_picked":["Darkness","Go for the Eyes"],"picked":"Cold Snap","floor":4},{"not_picked":["Beam Cell","Redo"],"picked":"Aggregate","floor":5},{"not_picked":["Beam Cell","Force Field"],"picked":"Heatsinks","floor":6},{"not_picked":["Rebound","Gash"],"picked":"White Noise","floor":8},{"not_picked":["Gash","Leap"],"picked":"Echo Form","floor":10}],"player_experience":36977,"relics_obtained":[{"floor":8,"key":"Juzu Bracelet"},{"floor":9,"key":"Matryoshka"}],"event_choices":[{"damage_healed":0,"gold_gain":0,"player_choice":"Box","damage_taken":0,"relics_obtained":["Pen Nib"],"max_hp_gain":0,"max_hp_loss":0,"event_name":"Big Fish","floor":3,"gold_loss":0,"cards_obtained":["Regret"]},{"damage_healed":0,"gold_gain":0,"player_choice":"Take Wound","damage_taken":0,"relics_obtained":["Golden Idol"],"max_hp_gain":0,"max_hp_loss":0,"event_name":"Golden Idol","floor":11,"gold_loss":0,"cards_obtained":["Injury"]}],"is_beta":false,"boss_relics":[],"items_purged_floors":[],"is_endless":false,"potions_floor_spawned":[1,2,5,8],"killed_by":"Large Slime","ascension_level":0}