{"gold_per_floor":[114,42,42,42,57,87,87,117,117,117,117,147,147,162,162,262,262,262,262,262,212,212,212,212,212,212,212,27,27,27,27,27,27,27,27,27,27,27,27,27,27,27,27,27,27,27,27,27,27,27],"floor_reached":51,"playtime":3197,"items_purged":[],"score":1003,"play_id":"394fa3c5-5654-4d38-892c-9275f771ac5d","local_time":"20181020153216","daily_mods":["Draft","Blue Cards","Elite Swarm"],"is_ascension_mode":false,"campfire_choices":[{"floor":7,"key":"REST"},{"data":"Tactician","floor":10,"key":"SMITH"},{"data":"Venomology","floor":15,"key":"SMITH"},{"data":"Footwork","floor":24,"key":"SMITH"},{"data":"Adrenaline","floor":32,"key":"SMITH"},{"data":"Echo Form","floor":41,"key":"SMITH"},{"floor":49,"key":"REST"}],"neow_cost":"","seed_source_timestamp":0,"circlet_count":0,"master_deck":["Backflip+1","Stack","Poisoned Stab+1","Dagger Throw","Deadly Poison","Dagger Throw","Beam Cell","Steam","FTL+1","Beam Cell","Poisoned Stab","Chill","Hologram","Footwork+1","Tactician+1","All For One","Adrenaline+1","Venomology+1","Escape Plan","Echo Form+1","Quick Slash+1","Endless Agony+1","Outmaneuver","All For One+1","Envenom+1","After Image+1","Go for the Eyes+1","Bandage Up","Prepared+1","Hyperbeam+1","Conserve Battery","Scrape+1","Backflip+1","Dagger Throw+1","Buffer+1","A Thousand Cuts+1","Panache+1"],"special_seed":17824,"relics":["Ring of the Snake","Omamori","Molten Egg 2","Mercury Hourglass","Oddly Smooth Stone","Ginger","Ectoplasm","CultistMask","Frozen Egg 2","Gremlin Horn","Bird Faced Urn","Tough Bandages","Boot","Black Star","Torii","Lantern","Regal Pillow","Mango","Ice Cream","Strawberry","Art of War","War Paint","Bottled Flame","Question Card"],"potions_floor_usage":[6,16,16,18,19,23,25,27,27,29,29,31,33,33,33,37,40,42,42,44,46,50],"damage_taken":[{"damage":1,"enemies":"2 Louse","floor":1,"turns":2},{"damage":0,"enemies":"Jaw Worm","floor":5,"turns":2},{"damage":0,"enemies":"Lagavulin","floor":6,"turns":3},{"damage":0,"enemies":"Gremlin Nob","floor":8,"turns":2},{"damage":1,"enemies":"Lagavulin","floor":12,"turns":3},{"damage":0,"enemies":"Small Slimes","floor":14,"turns":1},{"damage":24,"enemies":"The Guardian","floor":16,"turns":6},{"damage":2,"enemies":"Spheric Guardian","floor":18,"turns":3},{"damage":4,"enemies":"3 Byrds","floor":19,"turns":4},{"damage":3,"enemies":"Gremlin Leader","floor":23,"turns":4},{"damage":3,"enemies":"Slavers","floor":25,"turns":4},{"damage":20,"enemies":"Book of Stabbing","floor":27,"turns":4},{"damage":4,"enemies":"Slavers","floor":29,"turns":3},{"damage":3,"enemies":"Snecko","floor":31,"turns":4},{"damage":23,"enemies":"Champ","floor":33,"turns":7},{"damage":9,"enemies":"Orb Walker","floor":35,"turns":3},{"damage":0,"enemies":"3 Darklings","floor":36,"turns":1},{"damage":4,"enemies":"Sphere and 2 Shapes","floor":37,"turns":2},{"damage":0,"enemies":"2 Orb Walkers","floor":39,"turns":2},{"damage":0,"enemies":"Reptomancer","floor":40,"turns":3},{"damage":0,"enemies":"Nemesis","floor":42,"turns":6},{"damage":0,"enemies":"Reptomancer","floor":44,"turns":3},{"damage":39,"enemies":"Nemesis","floor":46,"turns":5},{"damage":9,"enemies":"Time Eater","floor":50,"turns":7}],"seed_played":"5305881688716240515","potions_obtained":[{"floor":5,"key":"Poison Potion"},{"floor":6,"key":"EssenceOfSteel"},{"floor":12,"key":"LiquidBronze"},{"floor":16,"key":"Poison Potion"},{"floor":18,"key":"GamblersBrew"},{"floor":25,"key":"SkillPotion"},{"floor":27,"key":"FearPotion"},{"floor":35,"key":"SteroidPotion"},{"floor":37,"key":"Dexterity Potion"}],"is_trial":false,"path_per_floor":["M","$","?","?","M","E","R","E","T","R","?","E","$","M","R","B",null,"M","M","?","?","?","E","R","E","T","E","$","E","?","M","R","B",null,"M","M","M","?","?","E","R","E","T","E","$","E","?","?","R","B"],"character_chosen":"THE_SILENT","items_purchased":["Tactician","Go for the Eyes+1","Bandage Up","Prepared"],"campfire_rested":2,"item_purchase_floors":[2,28,28,28],"current_hp_per_floor":[69,69,55,48,48,48,69,69,69,69,69,68,68,68,68,44,70,68,64,64,64,64,61,61,58,58,46,46,50,70,67,67,53,70,65,67,65,65,66,66,66,80,87,87,87,56,56,56,87,87],"gold":27,"neow_bonus":"","is_prod":false,"is_daily":true,"chose_seed":false,"campfire_upgraded":5,"win_rate":0,"timestamp":1540063936,"path_taken":["M","$","?","?","?","E","R","E","T","R","?","E","?","M","R","BOSS","M","M","?","?","?","E","R","E","T","E","$","E","?","M","R","BOSS","M","M","M","?","?","E","R","E","T","E","$","E","?","?","R","BOSS"],"build_version":"2018-10-18","purchased_purges":0,"victory":true,"max_hp_per_floor":[70,70,70,70,70,70,70,70,70,70,70,70,70,70,70,70,70,70,70,70,70,70,70,70,70,70,70,70,70,70,70,70,70,70,70,70,70,66,66,66,66,80,87,87,87,87,87,87,87,87],"card_choices":[{"not_picked":["Sweeping Beam","Streamline"],"picked":"Compile Driver","floor":0},{"not_picked":["Sucker Punch","Caltrops"],"picked":"Backflip","floor":0},{"not_picked":["Deflect","Masterful Stab"],"picked":"Stack","floor":0},{"not_picked":["Redo","Sucker Punch"],"picked":"Poisoned Stab","floor":0},{"not_picked":["Glacier","Blizzard"],"picked":"Dagger Throw","floor":0},{"not_picked":["All Out Attack","Skim"],"picked":"Deadly Poison","floor":0},{"not_picked":["Calculated Gamble","Darkness"],"picked":"Dagger Throw","floor":0},{"not_picked":["Well Laid Plans","Blade Dance"],"picked":"Beam Cell","floor":0},{"not_picked":["Skewer","Stack"],"picked":"Steam","floor":0},{"not_picked":["Rebound","PiercingWail"],"picked":"FTL","floor":0},{"not_picked":["Cloak And Dagger","Underhanded Strike"],"picked":"Beam Cell","floor":0},{"not_picked":["Beam Cell","Heatsinks"],"picked":"Poisoned Stab","floor":0},{"not_picked":["Hologram","Dodge and Roll"],"picked":"Blade Dance","floor":0},{"not_picked":["Sucker Punch","Slice"],"picked":"Chill","floor":0},{"not_picked":["Prepared","Streamline"],"picked":"Hologram","floor":0},{"not_picked":["Well Laid Plans","Double Energy"],"picked":"Footwork","floor":1},{"not_picked":["Force Field","Concentrate","Endless Agony"],"picked":"SKIP","floor":5},{"not_picked":["Thunder Strike","Multi-Cast"],"picked":"All For One","floor":6},{"not_picked":["Corpse Explosion","Biased Cognition"],"picked":"Adrenaline","floor":8},{"not_picked":["Tools of the Trade","Corpse Explosion"],"picked":"Venomology","floor":12},{"not_picked":["Coolheaded","Storm"],"picked":"Escape Plan","floor":14},{"not_picked":["Corpse Explosion","Wraith Form v2"],"picked":"Echo Form","floor":16},{"not_picked":["All Out Attack+1","Reinforced Body+1"],"picked":"Quick Slash+1","floor":18},{"not_picked":["Slice+1","Beam Cell+1"],"picked":"Endless Agony+1","floor":19},{"not_picked":["Burst","Meteor Strike+1"],"picked":"All For One+1","floor":23},{"not_picked":["Buffer+1","Grand Finale+1"],"picked":"Envenom+1","floor":25},{"not_picked":["Phantasmal Killer","Corpse Explosion"],"picked":"After Image+1","floor":27},{"not_picked":["Bullet Time","All For One+1"],"picked":"Hyperbeam+1","floor":29},{"not_picked":["Doom and Gloom+1","Dagger Throw+1","Well Laid Plans+1"],"picked":"SKIP","floor":31},{"not_picked":["Sucker Punch+1","Darkness+1"],"picked":"Conserve Battery","floor":35},{"not_picked":["Coolheaded+1","Flying Knee+1"],"picked":"Scrape+1","floor":36},{"not_picked":["Recycle","Underhanded Strike+1"],"picked":"Backflip+1","floor":37},{"not_picked":["Cold Snap+1","Quick Slash+1"],"picked":"Dagger Throw+1","floor":39},{"not_picked":["Adrenaline","Phantasmal Killer"],"picked":"Core Surge+1","floor":40},{"not_picked":["Amplify","Phantasmal Killer"],"picked":"Buffer+1","floor":42},{"not_picked":["Meteor Strike+1","Buffer+1","Night Terror"],"picked":"SKIP","floor":44},{"not_picked":["Echo Form+1","Malaise"],"picked":"A Thousand Cuts+1","floor":46},{"not_picked":["Bandage Up","Purity","Dark Shackles"],"picked":"Panache+1","floor":47}],"player_experience":335197,"relics_obtained":[{"floor":6,"key":"Omamori"},{"floor":8,"key":"Molten Egg 2"},{"floor":9,"key":"Mercury Hourglass"},{"floor":12,"key":"Ginger"},{"floor":23,"key":"Frozen Egg 2"},{"floor":25,"key":"Gremlin Horn"},{"floor":26,"key":"Bird Faced Urn"},{"floor":27,"key":"Tough Bandages"},{"floor":29,"key":"Boot"},{"floor":39,"key":"Torii"},{"floor":40,"key":"Lantern"},{"floor":40,"key":"Regal Pillow"},{"floor":42,"key":"Mango"},{"floor":42,"key":"Ice Cream"},{"floor":43,"key":"Strawberry"},{"floor":44,"key":"Art of War"},{"floor":44,"key":"War Paint"},{"floor":46,"key":"Bottled Flame"},{"floor":46,"key":"Question Card"}],"event_choices":[{"damage_healed":0,"gold_gain":0,"player_choice":"Entered Light","damage_taken":14,"max_hp_gain":0,"max_hp_loss":0,"event_name":"Shining Light","floor":3,"gold_loss":0,"cards_upgraded":["Poisoned Stab","FTL"]},{"cards_removed":["Compile Driver"],"damage_healed":0,"gold_gain":0,"player_choice":"Card Removal","damage_taken":7,"max_hp_gain":0,"max_hp_loss":0,"event_name":"Golden Wing","floor":4,"gold_loss":0},{"cards_removed":["Blade Dance"],"damage_healed":0,"gold_gain":0,"player_choice":"Gave Card","damage_taken":0,"relics_obtained":["Oddly Smooth Stone"],"max_hp_gain":0,"max_hp_loss":0,"event_name":"WeMeetAgain","floor":11,"gold_loss":0},{"damage_healed":0,"gold_gain":0,"player_choice":"Trade","damage_taken":0,"relics_obtained":["CultistMask"],"max_hp_gain":0,"max_hp_loss":0,"event_name":"FaceTrader","floor":20,"gold_loss":0},{"damage_healed":0,"gold_gain":100,"player_choice":"Bet on Murderer","damage_taken":0,"max_hp_gain":0,"max_hp_loss":0,"event_name":"The Joust","floor":21,"gold_loss":50},{"damage_healed":0,"gold_gain":0,"player_choice":"1 cards matched","damage_taken":0,"max_hp_gain":0,"max_hp_loss":0,"event_name":"Match and Keep!","floor":22,"gold_loss":0,"cards_obtained":["Outmaneuver"]},{"damage_healed":20,"gold_gain":0,"player_choice":"Full Heal","damage_taken":0,"max_hp_gain":0,"max_hp_loss":0,"event_name":"Wheel of Change","floor":30,"gold_loss":0},{"damage_healed":0,"gold_gain":0,"player_choice":"Max HP","damage_taken":0,"max_hp_gain":0,"max_hp_loss":4,"event_name":"Winding Halls","floor":38,"gold_loss":0},{"damage_healed":0,"gold_gain":0,"player_choice":"Fight","damage_taken":0,"max_hp_gain":0,"max_hp_loss":0,"event_name":"Mysterious Sphere","floor":39,"gold_loss":0},{"damage_healed":0,"gold_gain":0,"player_choice":"Memory 1","damage_taken":0,"max_hp_gain":0,"max_hp_loss":0,"event_name":"SensoryStone","floor":47,"gold_loss":0},{"cards_removed":["Core Surge"],"damage_healed":0,"gold_gain":0,"player_choice":"Removed Attack","damage_taken":0,"max_hp_gain":0,"max_hp_loss":0,"event_name":"Falling","floor":48,"gold_loss":0}],"is_beta":false,"boss_relics":[{"not_picked":["Sozu","HoveringKite"],"picked":"Ectoplasm"},{"not_picked":["Fusion Hammer","Pandora\u0027s Box"],"picked":"Black Star"}],"items_purged_floors":[],"is_endless":false,"potions_floor_spawned":[5,6,12,16,18,23,25,27,35,37,39],"ascension_level":0}