{"gold_per_floor":[13,30,30,49,63,63,82,92,92,92,103,28,42,88,88,189,189,207,224,256,276,276,276,295,314,362,362,374,394,394,394,394,495,495,506,506,525,33,46,46,63,63,63,80,80,94,108,125,125,125],"floor_reached":51,"playtime":2024,"items_purged":["Strike_B","Normality"],"score":676,"play_id":"10226ce7-9389-452b-8216-07fa944a4d92","local_time":"20181007000411","is_ascension_mode":false,"campfire_choices":[{"data":"Defragment","floor":6,"key":"SMITH"},{"data":"Zap","floor":10,"key":"SMITH"},{"data":"Creative AI","floor":15,"key":"SMITH"},{"floor":23,"key":"REST"},{"floor":27,"key":"REST"},{"data":"Defragment","floor":30,"key":"SMITH"},{"floor":32,"key":"REST"},{"data":"Coolheaded","floor":40,"key":"SMITH"},{"data":"Coolheaded","floor":42,"key":"SMITH"},{"floor":49,"key":"REST"}],"neow_cost":"NO_GOLD","seed_source_timestamp":9550608720128,"circlet_count":0,"master_deck":["Defend_B","Defend_B","Defend_B","Defend_B","Zap+1","Dualcast","Ball Lightning","Defragment+1","Turbo","Ball Lightning","Go for the Eyes","Creative AI+1","Echo Form","Heatsinks","BootSequence","Cold Snap","Defragment+1","Coolheaded+1","Conserve Battery","Coolheaded+1","Electrodynamics","Capacitor","FTL","Stack+1","Pain","Conserve Battery+1","Loop+1","Cold Snap","Cold Snap+1"],"relics":["Cracked Core","Bottled Flame","Ancient Tea Set","Cursed Key","Red Mask","Regal Pillow","Eternal Feather","DataDisk","Pear","Meat on the Bone","FaceOfCleric"],"potions_floor_usage":[19,20,33,46,50,50,50],"damage_taken":[{"damage":5,"enemies":"2 Louse","floor":1,"turns":3},{"damage":6,"enemies":"Jaw Worm","floor":2,"turns":3},{"damage":1,"enemies":"Cultist","floor":4,"turns":3},{"damage":6,"enemies":"Red Slaver","floor":5,"turns":3},{"damage":7,"enemies":"Blue Slaver","floor":7,"turns":3},{"damage":3,"enemies":"Exordium Wildlife","floor":8,"turns":4},{"damage":2,"enemies":"Large Slime","floor":11,"turns":3},{"damage":2,"enemies":"Looter","floor":13,"turns":2},{"damage":23,"enemies":"The Guardian","floor":16,"turns":7},{"damage":15,"enemies":"Shell Parasite","floor":18,"turns":5},{"damage":0,"enemies":"Spheric Guardian","floor":19,"turns":4},{"damage":40,"enemies":"Masked Bandits","floor":20,"turns":4},{"damage":0,"enemies":"Centurion and Healer","floor":21,"turns":5},{"damage":6,"enemies":"Snecko","floor":24,"turns":4},{"damage":18,"enemies":"Shelled Parasite and Fungi","floor":25,"turns":5},{"damage":3,"enemies":"3 Cultists","floor":28,"turns":4},{"damage":20,"enemies":"Centurion and Healer","floor":29,"turns":5},{"damage":20,"enemies":"Champ","floor":33,"turns":12},{"damage":1,"enemies":"3 Shapes","floor":35,"turns":4},{"damage":7,"enemies":"Orb Walker","floor":37,"turns":5},{"damage":12,"enemies":"Jaw Worm Horde","floor":39,"turns":3},{"damage":13,"enemies":"Sphere and 2 Shapes","floor":41,"turns":4},{"damage":11,"enemies":"Reptomancer","floor":44,"turns":4},{"damage":15,"enemies":"3 Darklings","floor":46,"turns":4},{"damage":28,"enemies":"Maw","floor":47,"turns":10},{"damage":10,"enemies":"Jaw Worm Horde","floor":48,"turns":3},{"damage":18,"enemies":"Donu and Deca","floor":50,"turns":8}],"seed_played":"-5161961492888140591","potions_obtained":[{"floor":2,"key":"LiquidBronze"},{"floor":4,"key":"AttackPotion"},{"floor":5,"key":"Strength Potion"},{"floor":13,"key":"Block Potion"},{"floor":19,"key":"SteroidPotion"},{"floor":20,"key":"Weak Potion"},{"floor":25,"key":"Dexterity Potion"},{"floor":33,"key":"Fire Potion"},{"floor":39,"key":"PowerPotion"},{"floor":41,"key":"Block Potion"},{"floor":47,"key":"SkillPotion"}],"is_trial":false,"path_per_floor":["M","M","?","M","M","R","M","M","T","R","M","$","M","T","R","B",null,"M","M","?","M","?","R","M","M","T","R","M","M","R","?","R","B",null,"M","?","M","$","M","R","M","R","T","M","?","M","M","M","R","B"],"character_chosen":"DEFECT","items_purchased":["DataDisk","Pear"],"campfire_rested":4,"item_purchase_floors":[38,38],"current_hp_per_floor":[70,64,64,63,57,57,50,47,47,47,45,45,43,43,43,20,75,60,60,20,20,20,42,36,18,18,55,52,32,32,32,69,49,75,74,74,67,77,65,77,64,76,76,65,65,51,36,39,88,71],"gold":125,"neow_bonus":"REMOVE_TWO","is_prod":false,"is_daily":false,"chose_seed":false,"campfire_upgraded":6,"win_rate":0,"timestamp":1538838251,"path_taken":["M","M","?","?","M","R","M","?","T","R","M","?","?","?","R","BOSS","M","M","?","?","?","R","M","?","T","R","M","M","R","?","R","BOSS","M","?","M","$","M","R","M","R","T","?","?","?","M","M","R","BOSS"],"build_version":"2018-10-04","purchased_purges":2,"victory":true,"max_hp_per_floor":[75,75,75,75,75,75,75,75,75,75,75,75,75,75,75,75,75,75,75,75,75,75,75,75,75,75,75,75,75,75,75,75,75,75,75,75,75,85,85,85,85,85,85,85,85,86,87,88,88,89],"card_choices":[{"not_picked":["Leap","Turbo"],"picked":"Ball Lightning","floor":1},{"not_picked":["Static Discharge","Stack"],"picked":"Defragment","floor":2},{"not_picked":["Steam","Rebound"],"picked":"Turbo","floor":4},{"not_picked":["Steam","Rip and Tear"],"picked":"Ball Lightning","floor":5},{"not_picked":["Genetic Algorithm","Stack"],"picked":"Go for the Eyes","floor":7},{"not_picked":["Rip and Tear","Recycle","Turbo"],"picked":"SKIP","floor":8},{"not_picked":["Hologram","Rip and Tear","Blizzard"],"picked":"SKIP","floor":11},{"not_picked":["Barrage","Scrape"],"picked":"Creative AI","floor":13},{"not_picked":["Buffer","Creative AI"],"picked":"Echo Form","floor":16},{"not_picked":["Sweeping Beam","Hello World"],"picked":"Heatsinks","floor":18},{"not_picked":["Scrape","Compile Driver+1"],"picked":"BootSequence","floor":19},{"not_picked":["Beam Cell","Turbo"],"picked":"Cold Snap","floor":20},{"not_picked":["Sweeping Beam","Redo","Rebound+1"],"picked":"SKIP","floor":21},{"not_picked":["Steam","Stack+1"],"picked":"Coolheaded","floor":24},{"not_picked":["Steam","Multi-Cast","Rebound"],"picked":"SKIP","floor":25},{"not_picked":["Storm+1","Gash+1"],"picked":"Conserve Battery","floor":28},{"not_picked":["Multi-Cast","Compile Driver"],"picked":"Coolheaded","floor":29},{"not_picked":["Amplify","Seek"],"picked":"Electrodynamics","floor":33},{"not_picked":["Sweeping Beam+1","Gash+1","Barrage"],"picked":"SKIP","floor":35},{"not_picked":["Gash","Force Field+1"],"picked":"Capacitor","floor":37},{"not_picked":["Redo+1","Gash"],"picked":"FTL","floor":39},{"not_picked":["Turbo+1","Redo"],"picked":"Stack+1","floor":41},{"not_picked":["Scrape+1","Lockon"],"picked":"Conserve Battery+1","floor":44},{"not_picked":["Stack+1","Scrape"],"picked":"Loop+1","floor":46},{"not_picked":["Auto Shields+1","Sweeping Beam+1"],"picked":"Cold Snap","floor":47},{"not_picked":["Auto Shields+1","Redo"],"picked":"Cold Snap+1","floor":48}],"player_experience":481746,"relics_obtained":[{"floor":9,"key":"Bottled Flame"},{"floor":14,"key":"Ancient Tea Set"},{"floor":20,"key":"Red Mask"},{"floor":26,"key":"Regal Pillow"},{"floor":43,"key":"Meat on the Bone"}],"event_choices":[{"event_name":"Living Wall","player_choice":"Forget","floor":3,"damage_taken":0},{"event_name":"Masked Bandits","player_choice":"Fought Bandits","floor":20,"damage_taken":0},{"event_name":"The Library","player_choice":"Read","floor":22,"damage_taken":0},{"event_name":"NoteForYourself","player_choice":"Ignored","floor":31,"damage_taken":0},{"event_name":"SecretPortal","player_choice":"Rejected Portal.","floor":36,"damage_taken":0},{"event_name":"FaceTrader","player_choice":"Trade","floor":45,"damage_taken":0}],"is_beta":true,"boss_relics":[{"not_picked":["Runic Dome","Busted Crown"],"picked":"Cursed Key"},{"not_picked":["Black Star","Fusion Hammer"],"picked":"Eternal Feather"}],"items_purged_floors":[12,38],"is_endless":false,"potions_floor_spawned":[2,4,5,13,19,20,25,33,39,41,47],"ascension_level":0}