{"gold_per_floor":[116,132,132,132,152,180,180,192,192,211,211,138,150,150,150,249,249,265,277,27,47,47,47,64,74,74,3,15,15,28,28],"floor_reached":31,"playtime":3203,"items_purged":["Strike_B"],"score":241,"play_id":"4d928b6d-1148-4a68-925a-48780a8b34f6","local_time":"20190208212951","is_ascension_mode":false,"campfire_choices":[{"floor":11,"key":"REST"},{"floor":15,"key":"RECALL"},{"floor":23,"key":"REST"},{"floor":29,"key":"REST"}],"neow_cost":"NONE","seed_source_timestamp":633751088038381,"circlet_count":0,"master_deck":["Strike_B","Strike_B","Defend_B","Defend_B","Defend_B","Defend_B","Zap+1","Dualcast","Seek","Gash","Cold Snap","Defragment","Blizzard","Coolheaded","Doom and Gloom","Cold Snap","Creative AI+1","Heatsinks","Redo","Capacitor","Steam","Gash","Cold Snap","Conserve Battery+1","Self Repair"],"relics":["Cracked Core","Mercury Hourglass","Meat on the Bone","Black Star"],"potions_floor_usage":[24,31,31],"damage_taken":[{"damage":6,"enemies":"Jaw Worm","floor":1,"turns":3},{"damage":4,"enemies":"2 Louse","floor":2,"turns":2},{"damage":5,"enemies":"Small Slimes","floor":5,"turns":3},{"damage":21,"enemies":"Lagavulin","floor":6,"turns":8},{"damage":3,"enemies":"2 Fungi Beasts","floor":8,"turns":3},{"damage":7,"enemies":"Lots of Slimes","floor":10,"turns":3},{"damage":1,"enemies":"3 Louse","floor":13,"turns":3},{"damage":30,"enemies":"Hexaghost","floor":16,"turns":10},{"damage":28,"enemies":"Shell Parasite","floor":18,"turns":8},{"damage":19,"enemies":"Chosen","floor":19,"turns":6},{"damage":41,"enemies":"Snake Plant","floor":21,"turns":7},{"damage":25,"enemies":"3 Cultists","floor":24,"turns":5},{"damage":8,"enemies":"Chosen and Byrds","floor":25,"turns":7},{"damage":10,"enemies":"Snake Plant","floor":28,"turns":7},{"damage":29,"enemies":"Cultist and Chosen","floor":30,"turns":8},{"damage":55,"enemies":"Slavers","floor":31,"turns":4}],"seed_played":"-8776831950362937187","potions_obtained":[{"floor":8,"key":"SpeedPotion"},{"floor":10,"key":"Energy Potion"},{"floor":18,"key":"EssenceOfSteel"},{"floor":21,"key":"Block Potion"},{"floor":28,"key":"Weak Potion"}],"is_trial":false,"path_per_floor":["M","M","?","?","M","E","?","M","T","M","R","$","M","?","R","B",null,"M","M","$","M","?","R","M","M","T","$","M","R","M","E"],"character_chosen":"DEFECT","items_purchased":["Doom and Gloom","Capacitor","Steam","Gash","Self Repair"],"campfire_rested":3,"item_purchase_floors":[12,20,20,20,27],"current_hp_per_floor":[69,65,70,70,65,44,37,34,34,39,63,63,62,62,62,44,80,52,45,45,16,16,40,27,31,31,31,40,64,54,0],"gold":28,"neow_bonus":"ONE_RANDOM_RARE_CARD","is_prod":false,"is_daily":false,"chose_seed":false,"campfire_upgraded":0,"win_rate":0,"timestamp":1549657791,"path_taken":["M","M","?","?","M","E","?","M","T","M","R","$","M","?","R","BOSS","M","M","$","M","?","R","M","M","T","$","?","R","M","E"],"build_version":"2019-01-23","purchased_purges":1,"victory":false,"max_hp_per_floor":[75,75,80,80,80,80,80,80,80,80,80,80,80,80,80,80,80,80,80,80,80,80,80,80,80,80,80,80,80,80,80],"card_choices":[{"not_picked":["Redo","Chaos"],"picked":"Gash","floor":1},{"not_picked":["Leap","Stack","Compile Driver"],"picked":"SKIP","floor":2},{"not_picked":["Compile Driver","Force Field"],"picked":"Cold Snap","floor":5},{"not_picked":["Sweeping Beam","Cold Snap"],"picked":"Defragment","floor":6},{"not_picked":["Coolheaded","Genetic Algorithm"],"picked":"Blizzard","floor":8},{"not_picked":["Rip and Tear","White Noise"],"picked":"Coolheaded","floor":10},{"not_picked":["Ball Lightning","Conserve Battery"],"picked":"Cold Snap","floor":13},{"not_picked":["Amplify","Thunder Strike"],"picked":"Creative AI","floor":16},{"not_picked":["Steam Power+1","Sweeping Beam"],"picked":"Heatsinks","floor":18},{"not_picked":["Barrage","Stack"],"picked":"Redo","floor":19},{"not_picked":["Turbo","Redo"],"picked":"Cold Snap","floor":21},{"not_picked":["Beam Cell","Leap","Melter"],"picked":"SKIP","floor":24},{"not_picked":["Leap+1","Sweeping Beam"],"picked":"Conserve Battery+1","floor":25},{"not_picked":["Turbo","Double Energy","Sunder+1"],"picked":"SKIP","floor":28},{"not_picked":["Coolheaded","Melter","Core Surge"],"picked":"SKIP","floor":30}],"player_experience":618903,"relics_obtained":[{"floor":6,"key":"Mercury Hourglass"},{"floor":9,"key":"Meat on the Bone"}],"event_choices":[{"damage_healed":0,"gold_gain":0,"player_choice":"Donut","damage_taken":0,"max_hp_gain":5,"max_hp_loss":0,"event_name":"Big Fish","floor":3,"gold_loss":0},{"damage_healed":0,"gold_gain":0,"player_choice":"Grow","damage_taken":0,"max_hp_gain":0,"max_hp_loss":0,"event_name":"Living Wall","floor":4,"gold_loss":0,"cards_upgraded":["Zap"]},{"cards_removed":["Strike_B"],"damage_healed":0,"gold_gain":0,"player_choice":"Card Removal","damage_taken":7,"max_hp_gain":0,"max_hp_loss":0,"event_name":"Golden Wing","floor":7,"gold_loss":0},{"damage_healed":0,"gold_gain":0,"player_choice":"Ignored","damage_taken":0,"max_hp_gain":0,"max_hp_loss":0,"event_name":"Golden Idol","floor":14,"gold_loss":0},{"damage_healed":0,"gold_gain":0,"player_choice":"Upgraded","damage_taken":0,"max_hp_gain":0,"max_hp_loss":0,"event_name":"Upgrade Shrine","floor":22,"gold_loss":0,"cards_upgraded":["Creative AI"]}],"is_beta":false,"boss_relics":[{"not_picked":["Philosopher\u0027s Stone","Empty Cage"],"picked":"Black Star"}],"items_purged_floors":[20],"is_endless":false,"potions_floor_spawned":[8,10,18,21,28],"killed_by":"Slavers","ascension_level":0}