{"gold_per_floor":[99,51,51,51,51,51,51,0,0,0,0,0,0,0,0,0,0,0,0,0,0,0,0,0,0,0,0,0,0,0,0,0,0,0,0,0,0,0,0,0,0,0,0,0,0,0,0,0,0,0,0],"floor_reached":51,"playtime":4501,"items_purged":[],"score":1471,"play_id":"25897f77-a36b-48f9-a6e1-59bbc5634447","local_time":"20181024215906","is_ascension_mode":true,"campfire_choices":[{"data":"Neutralize","floor":6,"key":"SMITH"},{"data":"Footwork","floor":13,"key":"SMITH"},{"data":"Choke","floor":15,"key":"SMITH"},{"floor":23,"key":"REST"},{"data":"A Thousand Cuts","floor":25,"key":"SMITH"},{"floor":32,"key":"REST"},{"floor":40,"key":"REST"},{"floor":44,"key":"REST"},{"floor":47,"key":"REST"},{"floor":49,"key":"REST"}],"neow_cost":"NONE","seed_source_timestamp":473812981864800,"circlet_count":0,"master_deck":["Defend_G","Defend_G","Defend_G","Defend_G","Defend_G","Strike_G","Strike_G","Strike_G","Strike_G","Survivor","Neutralize+1","AscendersBane","PiercingWail","Dodge and Roll","All Out Attack","Footwork+1","Adrenaline","Choke+1","A Thousand Cuts+1","Dodge and Roll","Backflip","Glass Knife","Crippling Poison","Deadly Poison","Dash","Bullet Time","Dodge and Roll","Crippling Poison","Backflip","Crippling Poison","PiercingWail","Cloak And Dagger+1","Malaise","Leg Sweep+1","Footwork+1","Acrobatics+1","Blade Dance","Dash+1"],"relics":["Ectoplasm","Mummified Hand","Kunai","Snecko Eye","Meat on the Bone","PreservedInsect","Orrery","Ninja Scroll","Blue Candle","Gremlin Horn"],"potions_floor_usage":[16,16,19,27,33,41,46,51,51],"damage_taken":[{"damage":0,"enemies":"2 Louse","floor":1,"turns":4},{"damage":0,"enemies":"Jaw Worm","floor":5,"turns":5},{"damage":3,"enemies":"Cultist","floor":7,"turns":5},{"damage":2,"enemies":"Looter","floor":8,"turns":4},{"damage":5,"enemies":"Large Slime","floor":12,"turns":9},{"damage":0,"enemies":"2 Fungi Beasts","floor":14,"turns":4},{"damage":14,"enemies":"Slime Boss","floor":16,"turns":12},{"damage":9,"enemies":"2 Thieves","floor":18,"turns":5},{"damage":0,"enemies":"Colosseum Slavers","floor":19,"turns":3},{"damage":5,"enemies":"Chosen","floor":20,"turns":5},{"damage":8,"enemies":"Snake Plant","floor":24,"turns":7},{"damage":0,"enemies":"3 Cultists","floor":27,"turns":4},{"damage":0,"enemies":"Centurion and Healer","floor":28,"turns":5},{"damage":8,"enemies":"Gremlin Leader","floor":30,"turns":8},{"damage":25,"enemies":"Chosen and Byrds","floor":31,"turns":6},{"damage":36,"enemies":"Automaton","floor":33,"turns":12},{"damage":0,"enemies":"3 Shapes","floor":35,"turns":4},{"damage":1,"enemies":"Orb Walker","floor":36,"turns":4},{"damage":0,"enemies":"4 Shapes","floor":37,"turns":4},{"damage":19,"enemies":"Writhing Mass","floor":39,"turns":7},{"damage":15,"enemies":"Transient","floor":41,"turns":6},{"damage":4,"enemies":"Reptomancer","floor":42,"turns":7},{"damage":0,"enemies":"Jaw Worm Horde","floor":45,"turns":5},{"damage":46,"enemies":"Nemesis","floor":46,"turns":7},{"damage":0,"enemies":"4 Shapes","floor":48,"turns":5},{"damage":0,"enemies":"Awakened One","floor":50,"turns":32},{"damage":111,"enemies":"Time Eater","floor":51,"turns":21}],"seed_played":"-3252599992347180848","potions_obtained":[{"floor":1,"key":"Strength Potion"},{"floor":8,"key":"Block Potion"},{"floor":16,"key":"SkillPotion"},{"floor":18,"key":"Poison Potion"},{"floor":20,"key":"SpeedPotion"},{"floor":24,"key":"Regen Potion"},{"floor":27,"key":"Strength Potion"},{"floor":33,"key":"Explosive Potion"},{"floor":36,"key":"FairyPotion"},{"floor":38,"key":"Ancient Potion"},{"floor":42,"key":"Energy Potion"},{"floor":46,"key":"AttackPotion"}],"is_trial":false,"path_per_floor":["M","?","?","?","M","R","M","M","T","T","$","M","R","M","R","B",null,"M","?","M","$","?","R","M","R","T","M","M","$","E","M","R","B",null,"M","M","M","?","M","R","M","E","T","R","M","E","R","M","R","B"],"character_chosen":"THE_SILENT","items_purchased":[],"campfire_rested":6,"item_purchase_floors":[],"current_hp_per_floor":[59,59,52,57,57,57,54,52,52,52,52,47,47,47,47,33,62,53,53,48,48,28,50,42,42,42,54,54,54,46,33,55,31,65,65,64,64,64,45,67,52,48,48,70,70,36,58,58,76,76,0],"gold":0,"neow_bonus":"BOSS_RELIC","is_prod":false,"is_daily":false,"chose_seed":false,"campfire_upgraded":4,"win_rate":0,"timestamp":1540432746,"path_taken":["M","?","?","?","M","R","M","M","T","?","?","M","R","M","R","BOSS","M","?","?","?","?","R","M","R","T","M","M","$","E","M","R","BOSS","M","M","M","?","?","R","M","E","T","R","M","E","R","M","R","BOSS","BOSS"],"build_version":"2018-10-19","purchased_purges":0,"victory":false,"max_hp_per_floor":[66,66,66,71,71,71,71,71,71,71,71,71,71,71,71,71,71,71,71,71,71,76,76,76,76,76,76,76,76,76,76,76,76,76,76,76,76,76,76,76,76,76,76,76,76,76,76,76,76,76,76],"card_choices":[{"not_picked":["Heel Hook","Bane"],"picked":"PiercingWail","floor":1},{"not_picked":["Outmaneuver","Heel Hook"],"picked":"Dodge and Roll","floor":5},{"not_picked":["Finisher","Outmaneuver"],"picked":"All Out Attack","floor":7},{"not_picked":["Infinite Blades","Acrobatics"],"picked":"Footwork","floor":8},{"not_picked":["Escape Plan","Bane"],"picked":"Adrenaline","floor":12},{"not_picked":["Underhanded Strike","Masterful Stab"],"picked":"Choke","floor":14},{"not_picked":["Unload","Phantasmal Killer"],"picked":"A Thousand Cuts","floor":16},{"not_picked":["Quick Slash","Deadly Poison"],"picked":"Dodge and Roll","floor":18},{"not_picked":["Acrobatics+1","Dagger Spray"],"picked":"Backflip","floor":20},{"not_picked":["Poisoned Stab","Deadly Poison"],"picked":"Glass Knife","floor":24},{"not_picked":["Deflect","Prepared"],"picked":"Crippling Poison","floor":27},{"not_picked":["Outmaneuver","Distraction+1"],"picked":"Deadly Poison","floor":28},{"not_picked":["Blade Dance","Burst"],"picked":"Dash","floor":30},{"not_picked":["Setup","Sucker Punch","Quick Slash"],"picked":"SKIP","floor":31},{"not_picked":["Setup","Sucker Punch","Quick Slash"],"picked":"SKIP","floor":31},{"not_picked":["After Image","Burst"],"picked":"Bullet Time","floor":33},{"not_picked":["Poisoned Stab","Dagger Spray"],"picked":"Dodge and Roll","floor":34},{"not_picked":["Prepared","Quick Slash"],"picked":"Crippling Poison","floor":34},{"not_picked":["Sucker Punch","Masterful Stab"],"picked":"Backflip","floor":34},{"not_picked":["Distraction","PiercingWail"],"picked":"Crippling Poison","floor":34},{"not_picked":["Underhanded Strike","Eviscerate"],"picked":"PiercingWail","floor":34},{"not_picked":["Underhanded Strike","Dagger Spray+1"],"picked":"Cloak And Dagger+1","floor":35},{"not_picked":["Finisher","Catalyst+1"],"picked":"Malaise","floor":36},{"not_picked":["Flying Knee","Prepared"],"picked":"Leg Sweep+1","floor":37},{"not_picked":["Distraction","Prepared"],"picked":"Footwork+1","floor":39},{"not_picked":["Bane","Deflect","Infinite Blades"],"picked":"SKIP","floor":41},{"not_picked":["Bane","Deflect","Infinite Blades"],"picked":"SKIP","floor":41},{"not_picked":["Endless Agony+1","Caltrops"],"picked":"Acrobatics+1","floor":42},{"not_picked":["Deflect","Endless Agony+1"],"picked":"Blade Dance","floor":45},{"not_picked":["Riddle With Holes","Bane+1","Dagger Throw"],"picked":"SKIP","floor":46},{"not_picked":["Dagger Spray","Dagger Throw"],"picked":"Dash+1","floor":48}],"player_experience":1470887,"relics_obtained":[{"floor":9,"key":"Mummified Hand"},{"floor":10,"key":"Kunai"},{"floor":26,"key":"Meat on the Bone"},{"floor":30,"key":"PreservedInsect"},{"floor":42,"key":"Ninja Scroll"},{"floor":43,"key":"Blue Candle"},{"floor":46,"key":"Gremlin Horn"}],"event_choices":[{"damage_healed":0,"gold_gain":0,"player_choice":"Left Gold","damage_taken":0,"max_hp_gain":0,"max_hp_loss":0,"event_name":"World of Goop","floor":2,"gold_loss":48},{"cards_removed":["Strike_G"],"damage_healed":0,"gold_gain":0,"player_choice":"Card Removal","damage_taken":7,"max_hp_gain":0,"max_hp_loss":0,"event_name":"Golden Wing","floor":3,"gold_loss":0},{"damage_healed":0,"gold_gain":0,"player_choice":"Donut","damage_taken":0,"max_hp_gain":5,"max_hp_loss":0,"event_name":"Big Fish","floor":4,"gold_loss":0},{"damage_healed":0,"gold_gain":0,"player_choice":"Fight","damage_taken":0,"max_hp_gain":0,"max_hp_loss":0,"event_name":"Colosseum","floor":19,"gold_loss":0},{"damage_healed":0,"gold_gain":0,"player_choice":"Fled From Nobs","damage_taken":0,"max_hp_gain":0,"max_hp_loss":0,"event_name":"Colosseum","floor":19,"gold_loss":0},{"damage_healed":0,"gold_gain":0,"player_choice":"Shed Blood","damage_taken":25,"max_hp_gain":5,"max_hp_loss":0,"event_name":"Forgotten Altar","floor":22,"gold_loss":0},{"damage_healed":0,"gold_gain":0,"player_choice":"Got Potions","damage_taken":0,"max_hp_gain":0,"max_hp_loss":0,"event_name":"The Lab","floor":38,"gold_loss":0}],"is_beta":true,"boss_relics":[{"not_picked":["Lizard Tail","Tiny House"],"picked":"Snecko Eye"},{"not_picked":["Coffee Dripper","Black Star"],"picked":"Orrery"}],"items_purged_floors":[],"is_endless":false,"potions_floor_spawned":[1,8,16,18,20,24,27,33,36,42,46,48],"killed_by":"Time Eater","ascension_level":20}