{"gold_per_floor":[116,116,135,153,72,104,124,156,182,213,230,243,68,88,88,191,191,210,210,210,210,223,223,243,274,274,149,149,163,173,184,184,184],"floor_reached":33,"playtime":2601,"items_purged":["Reflex","Normality"],"score":432,"play_id":"b7928dad-324d-4d9d-a255-59e4283a31bf","local_time":"20190115213953","is_ascension_mode":true,"campfire_choices":[{"floor":15.0,"key":"REST"},{"floor":23,"key":"RECALL"},{"floor":28,"key":"REST"},{"floor":32,"key":"REST"}],"neow_cost":"NONE","seed_source_timestamp":0,"circlet_count":0,"master_deck":["Survivor","Neutralize+1","Deflect","Dagger Spray","Bane","Endless Agony","Grand Finale","All Out Attack","All Out Attack","Envenom","Cloak And Dagger","Deflect","Predator","Dash","Caltrops","Malaise","Glass Knife","Cloak And Dagger","Bouncing Flask","PiercingWail","Bandage Up","Backflip","Corpse Explosion","Backflip","RitualDagger","Pain","Writhe","Blade Dance+1","Footwork","Backflip+1","Noxious Fumes"],"special_seed":0,"relics":["Pandora\u0027s Box","Centennial Puzzle","Strawberry","Lantern","Smiling Mask","Cursed Key","Matryoshka","Singing Bowl","Vajra","Toxic Egg 2"],"potions_floor_usage":[18,18,25,33],"damage_taken":[{"damage":0.0,"enemies":"Small Slimes","floor":1.0,"turns":2.0},{"damage":3.0,"enemies":"Cultist","floor":3.0,"turns":4.0},{"damage":0.0,"enemies":"Jaw Worm","floor":4.0,"turns":3.0},{"damage":21.0,"enemies":"3 Sentries","floor":6.0,"turns":5.0},{"damage":0.0,"enemies":"2 Fungi Beasts","floor":7.0,"turns":2.0},{"damage":19.0,"enemies":"Gremlin Nob","floor":8.0,"turns":4.0},{"damage":9.0,"enemies":"3 Sentries","floor":10.0,"turns":5.0},{"damage":12.0,"enemies":"Exordium Wildlife","floor":11.0,"turns":3.0},{"damage":4.0,"enemies":"Exordium Thugs","floor":12.0,"turns":3.0},{"damage":0.0,"enemies":"Looter","floor":14.0,"turns":3.0},{"damage":17.0,"enemies":"The Guardian","floor":16.0,"turns":9.0},{"damage":1,"enemies":"2 Thieves","floor":18,"turns":2},{"damage":4,"enemies":"3 Byrds","floor":22,"turns":5},{"damage":16,"enemies":"Shelled Parasite and Fungi","floor":24,"turns":4},{"damage":48,"enemies":"Book of Stabbing","floor":25,"turns":7},{"damage":1,"enemies":"3 Cultists","floor":29,"turns":3},{"damage":16,"enemies":"Cultist and Chosen","floor":30,"turns":8},{"damage":18,"enemies":"Snecko","floor":31,"turns":5},{"damage":53,"enemies":"Collector","floor":33,"turns":5}],"seed_played":"-7828435857013536658","potions_obtained":[{"floor":3.0,"key":"Swift Potion"},{"floor":7.0,"key":"SkillPotion"},{"floor":12.0,"key":"PowerPotion"},{"floor":14.0,"key":"Explosive Potion"},{"floor":16.0,"key":"SkillPotion"},{"floor":25,"key":"Fruit Juice"},{"floor":31,"key":"Fire Potion"}],"is_trial":false,"path_per_floor":["M","?","M","M","$","E","M","E","T","E","M","M","$","M","R","B",null,"M","?","T","?","M","R","M","E","T","$","R","M","M","M","R","B"],"character_chosen":"THE_SILENT","items_purchased":["Caltrops","PiercingWail","Bandage Up","Footwork"],"campfire_rested":3,"item_purchase_floors":[5,13,13,27],"current_hp_per_floor":[63,63,60,60,60,39,39,27,27,18,6,2,2,6,29,16,62,61,55,55,55,55,55,45,8,8,8,33,38,26,12,38,0],"gold":184,"neow_bonus":"BOSS_RELIC","is_prod":false,"is_daily":false,"chose_seed":false,"campfire_upgraded":0,"win_rate":0,"timestamp":1547606393,"path_taken":["M","?","M","M","$","E","M","E","T","E","M","M","$","?","R","BOSS","M","?","?","?","M","R","M","E","T","$","R","M","M","M","R","BOSS"],"build_version":"2019-01-10","purchased_purges":2,"victory":false,"max_hp_per_floor":[70,70,70,70,70,70,70,77,77,77,77,77,77,77,77,77,77,77,77,77,77,77,77,79,86,86,86,86,88,88,88,88,88],"card_choices":[{"not_picked":["Slice","Underhanded Strike"],"picked":"Deflect","floor":1.0},{"not_picked":["Endless Agony","Sucker Punch"],"picked":"Predator","floor":3.0},{"not_picked":["Sucker Punch","Quick Slash"],"picked":"Dash","floor":4.0},{"not_picked":["Deadly Poison","Dagger Throw"],"picked":"Malaise","floor":6.0},{"not_picked":["Bane","Poisoned Stab","Deflect"],"picked":"SKIP","floor":7.0},{"not_picked":["Predator","Dagger Throw"],"picked":"Glass Knife","floor":8.0},{"not_picked":["Prepared","Dagger Spray","Reflex"],"picked":"SKIP","floor":10.0},{"not_picked":["Sucker Punch","Quick Slash"],"picked":"Cloak And Dagger","floor":11.0},{"not_picked":["Expertise","Blur"],"picked":"Bouncing Flask","floor":12.0},{"not_picked":["Bullet Time","Flying Knee"],"picked":"Backflip","floor":14.0},{"not_picked":["Unload","Storm of Steel"],"picked":"Corpse Explosion","floor":16.0},{"not_picked":["Poisoned Stab+1","Dash"],"picked":"Backflip","floor":18},{"not_picked":["Dagger Spray+1","Prepared+1"],"picked":"Blade Dance+1","floor":22},{"not_picked":["Skewer","Dagger Throw+1","Blade Dance"],"picked":"Singing Bowl","floor":24},{"not_picked":["Poisoned Stab","Infinite Blades+1","Prepared"],"picked":"Singing Bowl","floor":25},{"not_picked":["PiercingWail+1","Underhanded Strike","Predator"],"picked":"Singing Bowl","floor":29},{"not_picked":["Eviscerate+1","Deadly Poison+1"],"picked":"Backflip+1","floor":30},{"not_picked":["Dodge and Roll+1","Deflect+1"],"picked":"Noxious Fumes","floor":31}],"player_experience":813000,"relics_obtained":[{"floor":6.0,"key":"Centennial Puzzle"},{"floor":8.0,"key":"Strawberry"},{"floor":9.0,"key":"Lantern"},{"floor":10.0,"key":"Smiling Mask"},{"floor":20,"key":"Matryoshka"},{"floor":25,"key":"Vajra"},{"floor":26,"key":"Toxic Egg 2"}],"event_choices":[{"damage_healed":0.0,"max_hp_gain":0.0,"max_hp_loss":0.0,"gold_gain":0.0,"event_name":"Upgrade Shrine","player_choice":"Upgraded","floor":2.0,"gold_loss":0.0,"damage_taken":0.0,"cards_upgraded":["Neutralize"]},{"damage_healed":0,"gold_gain":0,"player_choice":"Joined the Cult","damage_taken":6,"max_hp_gain":0,"max_hp_loss":0,"event_name":"Nest","floor":19,"gold_loss":0,"cards_obtained":["RitualDagger"]},{"damage_healed":0,"gold_gain":0,"player_choice":"Opened","damage_taken":0,"relics_obtained":["Singing Bowl"],"max_hp_gain":0,"max_hp_loss":0,"event_name":"The Mausoleum","floor":21,"gold_loss":0,"cards_obtained":["Writhe"]}],"is_beta":false,"boss_relics":[{"not_picked":["Empty Cage","Eternal Feather"],"picked":"Cursed Key"}],"items_purged_floors":[13,27],"is_endless":false,"potions_floor_spawned":[3,7,12,14,16,25,31],"killed_by":"Collector","ascension_level":8}