{"gold_per_floor":[17,34,46,66,31,31,48,48,48,106,121,131,131,131],"floor_reached":14,"playtime":699,"items_purged":[],"score":88,"play_id":"803ff53e-2e59-4363-9f9b-67f40c54c2bb","local_time":"20190107125722","is_ascension_mode":true,"campfire_choices":[{"data":"Chaos","floor":6,"key":"SMITH"},{"data":"Defragment","floor":8,"key":"SMITH"}],"neow_cost":"NO_GOLD","seed_source_timestamp":552876893592397,"circlet_count":0,"master_deck":["Strike_B","Strike_B","Defend_B","Defend_B","Defend_B","Defend_B","Zap","Dualcast","Redo+1","Conserve Battery","Reprogram","Doom and Gloom","Chaos+1","Defragment+1","Hello World","Storm","Coolheaded"],"relics":["Cracked Core","Dodecahedron","Calipers"],"potions_floor_usage":[],"damage_taken":[{"damage":5,"enemies":"Small Slimes","floor":1,"turns":3},{"damage":1,"enemies":"Jaw Worm","floor":2,"turns":3},{"damage":1,"enemies":"Cultist","floor":3,"turns":4},{"damage":11,"enemies":"Large Slime","floor":4,"turns":6},{"damage":11,"enemies":"Lots of Slimes","floor":7,"turns":3},{"damage":32,"enemies":"Gremlin Nob","floor":10,"turns":4},{"damage":3,"enemies":"2 Fungi Beasts","floor":11,"turns":4},{"damage":7,"enemies":"Blue Slaver","floor":12,"turns":4},{"damage":6,"enemies":"3 Louse","floor":14,"turns":1}],"seed_played":"-6577607248083713888","potions_obtained":[{"floor":2,"key":"Swift Potion"},{"floor":4,"key":"SkillPotion"},{"floor":10,"key":"SpeedPotion"}],"is_trial":false,"path_per_floor":["M","M","M","M","$","R","M","R","T","?","M","M","?","M"],"character_chosen":"DEFECT","items_purchased":["Chaos"],"campfire_rested":0,"item_purchase_floors":[5],"current_hp_per_floor":[70,69,68,57,57,57,46,46,46,14,11,4,4,0],"gold":131,"neow_bonus":"REMOVE_TWO","is_prod":false,"is_daily":false,"chose_seed":false,"campfire_upgraded":2,"win_rate":0,"timestamp":1546862242,"path_taken":["M","M","M","M","$","R","M","R","T","?","M","M","?","?"],"build_version":"2019-01-03v4","purchased_purges":0,"victory":false,"max_hp_per_floor":[75,75,75,75,75,75,75,75,75,75,75,75,75,75],"card_choices":[{"not_picked":["Steam","Stack"],"picked":"Redo","floor":1},{"not_picked":["Go for the Eyes","Rip and Tear"],"picked":"Conserve Battery","floor":2},{"not_picked":["Redo","Go for the Eyes"],"picked":"Reprogram","floor":3},{"not_picked":["Coolheaded","Streamline"],"picked":"Doom and Gloom","floor":4},{"not_picked":["Chill","Self Repair"],"picked":"Defragment","floor":7},{"not_picked":["Cold Snap","Go for the Eyes"],"picked":"Hello World","floor":10},{"not_picked":["Leap","Hologram"],"picked":"Storm","floor":11},{"not_picked":["Biased Cognition","Genetic Algorithm"],"picked":"Coolheaded","floor":12}],"player_experience":115207,"relics_obtained":[{"floor":9,"key":"Dodecahedron"},{"floor":10,"key":"Calipers"}],"event_choices":[{"damage_healed":0,"gold_gain":30,"player_choice":"Searched \u00272\u0027 times","damage_taken":0,"max_hp_gain":0,"max_hp_loss":0,"event_name":"Dead Adventurer","floor":10,"gold_loss":0},{"damage_healed":0,"gold_gain":0,"player_choice":"Forge","damage_taken":0,"max_hp_gain":0,"max_hp_loss":0,"event_name":"Accursed Blacksmith","floor":13,"gold_loss":0,"cards_upgraded":["Redo"]}],"is_beta":false,"boss_relics":[],"items_purged_floors":[],"is_endless":false,"potions_floor_spawned":[2,4,10,12],"killed_by":"3 Louse","ascension_level":1}