{"gold_per_floor":[111,111,71,146,21,21,21,21,46,11,37,37,54,70,70,172,172,155,9,9,9,23,23,23],"floor_reached":24,"playtime":1303,"items_purged":["Strike_G","Strike_G"],"score":334,"play_id":"062f69f8-69cf-49f2-b66f-820d3e67820e","local_time":"20181021084233","is_ascension_mode":true,"campfire_choices":[{"data":"Neutralize","floor":6.0,"key":"SMITH"},{"data":"Sucker Punch","floor":8.0,"key":"SMITH"},{"data":"Footwork","floor":15.0,"key":"SMITH"},{"data":"After Image","floor":23,"key":"SMITH"}],"neow_cost":"NONE","seed_source_timestamp":0,"circlet_count":0,"master_deck":["Defend_G","Defend_G","Defend_G","Defend_G","Defend_G","Strike_G+1","Strike_G+1","Survivor","Neutralize+1","Sucker Punch+1","Footwork+1","Quick Slash","Flying Knee","Dodge and Roll","Grand Finale","After Image+1","Acrobatics","Footwork+1"],"special_seed":0,"relics":["Ring of the Snake","Juzu Bracelet","Whetstone","Blood Vial","Velvet Choker"],"potions_floor_usage":[],"damage_taken":[{"damage":0.0,"enemies":"2 Louse","floor":1.0,"turns":4.0},{"damage":5.0,"enemies":"Gremlin Nob","floor":11.0,"turns":4.0},{"damage":1.0,"enemies":"Jaw Worm","floor":13.0,"turns":3.0},{"damage":0.0,"enemies":"Cultist","floor":14.0,"turns":2.0},{"damage":62.0,"enemies":"Hexaghost","floor":16.0,"turns":18.0},{"damage":17,"enemies":"2 Thieves","floor":18,"turns":4},{"damage":0,"enemies":"Spheric Guardian","floor":22,"turns":4},{"damage":57,"enemies":"Slavers","floor":24,"turns":8}],"seed_played":"8176372357007651267","potions_obtained":[{"floor":3.0,"key":"LiquidBronze"},{"floor":3.0,"key":"Fire Potion"},{"floor":3.0,"key":"Ancient Potion"},{"floor":11.0,"key":"Explosive Potion"},{"floor":13.0,"key":"Fire Potion"},{"floor":14.0,"key":"GhostInAJar"}],"is_trial":false,"path_per_floor":["M","?","?","?","$","R","$","R","T","?","E","$","M","M","R","B",null,"M","$","?","?","M","R"],"character_chosen":"THE_SILENT","items_purchased":["Quick Slash","Acrobatics"],"campfire_rested":0,"item_purchase_floors":[5,19],"current_hp_per_floor":[70,67,67,56,56,56,56,56,56,70,65,65,66,68,68,8,70,53,53,53,53,55,55,0],"gold":23,"neow_bonus":"TRANSFORM_CARD","is_prod":false,"is_daily":false,"chose_seed":false,"campfire_upgraded":4,"win_rate":0,"timestamp":1540125753,"path_taken":["M","?","?","?","$","R","$","R","T","?","E","?","M","M","R","BOSS","M","$","?","?","M","R","E"],"build_version":"2018-10-18","purchased_purges":2,"victory":false,"max_hp_per_floor":[70,70,70,70,70,70,70,70,70,70,70,70,70,70,70,70,70,70,70,70,70,70,70,70],"card_choices":[{"not_picked":["Acrobatics","Choke"],"picked":"Footwork","floor":1.0},{"not_picked":["Catalyst","Outmaneuver"],"picked":"Flying Knee","floor":11.0},{"not_picked":["Deadly Poison","Blade Dance"],"picked":"Dodge and Roll","floor":13.0},{"not_picked":["Reflex","Eviscerate"],"picked":"Grand Finale","floor":14.0},{"not_picked":["A Thousand Cuts","Malaise"],"picked":"After Image","floor":16.0},{"not_picked":["PiercingWail","Deadly Poison","Caltrops+1"],"picked":"SKIP","floor":18},{"not_picked":["Flechettes","PiercingWail","Flying Knee"],"picked":"SKIP","floor":22}],"player_experience":341852,"relics_obtained":[{"floor":9.0,"key":"Whetstone"},{"floor":11.0,"key":"Blood Vial"}],"event_choices":[{"damage_healed":0.0,"max_hp_gain":0.0,"max_hp_loss":0.0,"gold_gain":0.0,"event_name":"Scrap Ooze","player_choice":"Success","floor":2.0,"gold_loss":0.0,"damage_taken":3.0,"relics_obtained":["Juzu Bracelet"]},{"damage_healed":0.0,"max_hp_gain":0.0,"max_hp_loss":0.0,"gold_gain":0.0,"event_name":"The Woman in Blue","player_choice":"Bought 3 Potions","floor":3.0,"gold_loss":0.0,"damage_taken":0.0},{"damage_healed":0.0,"max_hp_gain":0.0,"max_hp_loss":0.0,"gold_gain":75.0,"event_name":"World of Goop","player_choice":"Gather Gold","floor":4.0,"gold_loss":0.0,"damage_taken":11.0},{"damage_healed":17.0,"max_hp_gain":0.0,"max_hp_loss":0.0,"gold_gain":0.0,"event_name":"The Cleric","player_choice":"Healed","floor":10.0,"gold_loss":35.0,"damage_taken":0.0},{"damage_healed":0,"gold_gain":0,"player_choice":"Copied","damage_taken":0,"max_hp_gain":0,"max_hp_loss":0,"event_name":"Duplicator","floor":20,"gold_loss":0,"cards_obtained":["Footwork"]}],"is_beta":false,"boss_relics":[{"not_picked":["Empty Cage","Fusion Hammer"],"picked":"Velvet Choker"}],"items_purged_floors":[5,19],"is_endless":false,"potions_floor_spawned":[11,13,14],"killed_by":"Slavers","ascension_level":3}