{"gold_per_floor":[110,17,28,46,63,63,94,108,134,134,148,177,177,9,9,111,111,124,140,240,257,172,501,501,521,547,565,119,119,131,131],"floor_reached":31,"playtime":2484,"items_purged":["Strike_B","Strike_B"],"score":350,"play_id":"e0fd031f-d7ba-4e40-99e4-ce6f900e2fe3","local_time":"20190126224601","is_ascension_mode":true,"campfire_choices":[{"data":"Go for the Eyes","floor":6,"key":"SMITH"},{"floor":13,"key":"REST"},{"floor":15,"key":"REST"},{"floor":24,"key":"REST"},{"floor":29,"key":"REST"}],"neow_cost":"NONE","seed_source_timestamp":770208003005926,"circlet_count":0,"master_deck":["Strike_B","Strike_B","Defend_B","Defend_B","Defend_B","Defend_B","Zap","Dualcast","Multi-Cast","Steam","Streamline","Darkness","Hologram","Go for the Eyes+1","Ball Lightning","All For One","Beam Cell","Electrodynamics","Coolheaded","Leap","Core Surge","Sweeping Beam","Leap","Rainbow","Go for the Eyes+1","Machine Learning","Conserve Battery+1","Panacea","Steam+1"],"relics":["Cracked Core","Dead Branch","Bronze Scales","Bag of Marbles","Sozu","PreservedInsect","Old Coin","Lantern","Singing Bowl"],"potions_floor_usage":[11,12,12],"damage_taken":[{"damage":0,"enemies":"Cultist","floor":1,"turns":3},{"damage":3,"enemies":"Jaw Worm","floor":3,"turns":3},{"damage":0,"enemies":"2 Louse","floor":4,"turns":2},{"damage":13,"enemies":"Blue Slaver","floor":5,"turns":4},{"damage":14,"enemies":"Lagavulin","floor":7,"turns":6},{"damage":0,"enemies":"Large Slime","floor":8,"turns":3},{"damage":17,"enemies":"Exordium Thugs","floor":11,"turns":5},{"damage":18,"enemies":"Gremlin Nob","floor":12,"turns":4},{"damage":19,"enemies":"Slime Boss","floor":16,"turns":7},{"damage":0,"enemies":"Spheric Guardian","floor":18,"turns":3},{"damage":7,"enemies":"3 Byrds","floor":19,"turns":2},{"damage":12,"enemies":"Shelled Parasite and Fungi","floor":21,"turns":5},{"damage":24,"enemies":"Slavers","floor":23,"turns":4},{"damage":18,"enemies":"Snake Plant","floor":25,"turns":3},{"damage":10,"enemies":"Chosen and Byrds","floor":27,"turns":4},{"damage":20,"enemies":"Sentry and Sphere","floor":30,"turns":5},{"damage":25,"enemies":"Snecko","floor":31,"turns":4}],"seed_played":"8385267409869752004","potions_obtained":[{"floor":3,"key":"Dexterity Potion"},{"floor":4,"key":"FocusPotion"},{"floor":7,"key":"EssenceOfSteel"}],"is_trial":false,"path_per_floor":["M","$","M","M","M","R","E","M","T","?","M","E","R","$","R","B",null,"M","M","?","M","?","E","R","M","T","M","$","R","M","M"],"character_chosen":"DEFECT","items_purchased":["Streamline","Darkness","Coolheaded","Leap","Singing Bowl","Panacea"],"campfire_rested":4,"item_purchase_floors":[2,2,14,14,28,28],"current_hp_per_floor":[68,68,65,65,52,52,38,38,38,38,21,3,25,25,47,28,63,63,56,56,44,44,20,42,24,24,14,14,36,16,0],"gold":131,"neow_bonus":"ONE_RANDOM_RARE_CARD","is_prod":false,"is_daily":false,"chose_seed":false,"campfire_upgraded":1,"win_rate":0,"timestamp":1548571561,"path_taken":["M","?","M","M","M","R","E","?","T","?","M","E","R","$","R","BOSS","M","M","?","?","?","E","R","M","T","M","$","R","M","M"],"build_version":"2019-01-23","purchased_purges":2,"victory":false,"max_hp_per_floor":[75,75,75,75,75,75,75,75,75,75,75,75,75,75,75,75,75,75,75,75,75,75,75,75,75,75,75,75,75,75,75],"card_choices":[{"not_picked":["Redo","Chill"],"picked":"Steam","floor":1},{"not_picked":["Conserve Battery","Stack"],"picked":"Hologram","floor":3},{"not_picked":["Cold Snap","Turbo"],"picked":"Go for the Eyes","floor":4},{"not_picked":["Steam","Hologram"],"picked":"Ball Lightning","floor":5},{"not_picked":["Steam Power","Barrage","Stack"],"picked":"SKIP","floor":7},{"not_picked":["Beam Cell","Hologram"],"picked":"All For One","floor":8},{"not_picked":["Conserve Battery","Rip and Tear"],"picked":"Beam Cell","floor":11},{"not_picked":["Sweeping Beam","Barrage"],"picked":"Electrodynamics","floor":12},{"not_picked":["Fission","Hyperbeam"],"picked":"Core Surge","floor":16},{"not_picked":["Stack","Go for the Eyes"],"picked":"Sweeping Beam","floor":18},{"not_picked":["Barrage","Turbo"],"picked":"Leap","floor":19},{"not_picked":["Streamline","Undo"],"picked":"Rainbow","floor":21},{"not_picked":["Stack+1","Sweeping Beam"],"picked":"Go for the Eyes+1","floor":23},{"not_picked":["Leap","Lockon+1"],"picked":"Machine Learning","floor":25},{"not_picked":["Compile Driver","Cold Snap"],"picked":"Conserve Battery+1","floor":27},{"not_picked":["Undo","Stack"],"picked":"Steam+1","floor":30}],"player_experience":383815,"relics_obtained":[{"floor":7,"key":"Dead Branch"},{"floor":9,"key":"Bronze Scales"},{"floor":12,"key":"Bag of Marbles"},{"floor":23,"key":"Old Coin"},{"floor":26,"key":"Lantern"}],"event_choices":[{"damage_healed":0,"gold_gain":0,"player_choice":"Leave","damage_taken":0,"max_hp_gain":0,"max_hp_loss":0,"event_name":"FaceTrader","floor":10,"gold_loss":0},{"damage_healed":0,"gold_gain":100,"player_choice":"Pray","damage_taken":0,"max_hp_gain":0,"max_hp_loss":0,"event_name":"Golden Shrine","floor":20,"gold_loss":0},{"damage_healed":0,"gold_gain":0,"player_choice":"Obtained Relic","damage_taken":0,"relics_obtained":["PreservedInsect"],"max_hp_gain":0,"max_hp_loss":0,"event_name":"Addict","floor":22,"gold_loss":85}],"is_beta":false,"boss_relics":[{"not_picked":["Pandora\u0027s Box","Velvet Choker"],"picked":"Sozu"}],"items_purged_floors":[14,28],"is_endless":false,"potions_floor_spawned":[3,4,7,18,21,25],"killed_by":"Snecko","ascension_level":6}