{"gold_per_floor":[112,3,3,3,18,18,30,30,30,41,41,41,371,44,44,118,118,132,147,158,182,182,182,22,22,22,36,36,52,82,106,106,184,184,194,9,25,25,40,40,72,72,72,72,83,2,12,37,37,37,37],"floor_reached":52,"playtime":3104,"items_purged":["Strike_G","Strike_G"],"score":1921,"play_id":"ff35b0e5-5326-4ac6-b1df-f163600f5fbf","local_time":"20181017035637","is_ascension_mode":true,"campfire_choices":[{"data":"Footwork","floor":6,"key":"SMITH"},{"data":"Neutralize","floor":8,"key":"SMITH"},{"data":"Cloak And Dagger","floor":11,"key":"SMITH"},{"floor":15,"key":"REST"},{"data":"Noxious Fumes","floor":25,"key":"SMITH"},{"floor":32,"key":"REST"},{"floor":40,"key":"REST"},{"floor":42,"key":"REST"},{"floor":44,"key":"REST"},{"floor":49,"key":"REST"}],"neow_cost":"NONE","seed_source_timestamp":411209256723300,"circlet_count":0,"master_deck":["Defend_G","Defend_G","Defend_G","Defend_G","Defend_G","Strike_G","Strike_G","Survivor","Neutralize+1","AscendersBane","Dash+1","Footwork+1","Cloak And Dagger+1","Poisoned Stab","Blur","Flying Knee","Noxious Fumes+1","PiercingWail+1","Malaise+1","Calculated Gamble+1","Underhanded Strike+1","Dodge and Roll+1","Dodge and Roll+1","Adrenaline+1","Corpse Explosion+1","Cloak And Dagger+1","Cloak And Dagger+1","Backflip+1","Blur+1","Storm of Steel+1","Storm of Steel+1"],"relics":["Ring of the Snake","Bronze Scales","Dead Branch","Shuriken","Old Coin","Toxic Egg 2","Snecko Eye","Anchor","Bottled Lightning","Regal Pillow","Art of War","Fusion Hammer","Oddly Smooth Stone","Boot","Mummified Hand","Whetstone"],"potions_floor_usage":[7,19,23,23,30,41,50,50],"damage_taken":[{"damage":2,"enemies":"Cultist","floor":1,"turns":5},{"damage":0,"enemies":"2 Louse","floor":5,"turns":2},{"damage":0,"enemies":"Jaw Worm","floor":7,"turns":3},{"damage":4,"enemies":"Exordium Thugs","floor":10,"turns":4},{"damage":29,"enemies":"Lagavulin","floor":13,"turns":9},{"damage":15,"enemies":"Slime Boss","floor":16,"turns":10},{"damage":0,"enemies":"Chosen","floor":18,"turns":5},{"damage":3,"enemies":"2 Thieves","floor":19,"turns":4},{"damage":7,"enemies":"Cultist and Chosen","floor":20,"turns":6},{"damage":0,"enemies":"Slavers","floor":23,"turns":1},{"damage":3,"enemies":"Snake Plant","floor":27,"turns":4},{"damage":0,"enemies":"Centurion and Healer","floor":29,"turns":8},{"damage":12,"enemies":"Gremlin Leader","floor":30,"turns":9},{"damage":13,"enemies":"Automaton","floor":33,"turns":10},{"damage":1,"enemies":"Orb Walker","floor":35,"turns":3},{"damage":0,"enemies":"3 Shapes","floor":37,"turns":2},{"damage":0,"enemies":"3 Darklings","floor":39,"turns":2},{"damage":32,"enemies":"2 Orb Walkers","floor":41,"turns":4},{"damage":1,"enemies":"4 Shapes","floor":45,"turns":4},{"damage":0,"enemies":"Sphere and 2 Shapes","floor":47,"turns":3},{"damage":1,"enemies":"Nemesis","floor":48,"turns":5},{"damage":36,"enemies":"Awakened One","floor":50,"turns":8},{"damage":22,"enemies":"Donu and Deca","floor":51,"turns":4}],"seed_played":"-7716482678746141346","potions_obtained":[{"floor":1,"key":"Fire Potion"},{"floor":16,"key":"Poison Potion"},{"floor":20,"key":"EntropicBrew"},{"floor":30,"key":"Swift Potion"},{"floor":39,"key":"Swift Potion"},{"floor":45,"key":"Fire Potion"},{"floor":47,"key":"FearPotion"},{"floor":48,"key":"Weak Potion"}],"is_trial":false,"path_per_floor":["M","$","?","?","M","R","M","R","T","M","R","?","E","$","R","B",null,"M","M","M","T","?","E","$","R","T","M","$","M","E","T","R","B",null,"M","$","M","?","M","R","E","R","T","R","M","$","M","E","R","B","B"],"character_chosen":"THE_SILENT","items_purchased":["Footwork","Cloak And Dagger","Toxic Egg 2","PiercingWail+1","Dexterity Potion","Dodge and Roll+1","Cloak And Dagger+1","Backflip+1","Blur+1"],"campfire_rested":6,"item_purchase_floors":[2,2,14,14,24,24,36,36,46],"current_hp_per_floor":[57,57,57,57,57,57,57,57,57,53,53,42,13,13,32,17,54,54,51,44,44,44,44,44,44,44,41,41,41,29,29,63,50,62,61,61,61,61,61,66,34,66,66,66,65,65,65,64,66,30,8],"gold":37,"neow_bonus":"RANDOM_COMMON_RELIC","is_prod":false,"is_daily":false,"chose_seed":false,"campfire_upgraded":4,"win_rate":0,"timestamp":1539762997,"path_taken":["M","?","?","?","M","R","M","R","T","?","R","?","E","$","R","BOSS","M","M","M","?","?","E","?","R","T","M","$","M","E","?","R","BOSS","M","$","M","?","M","R","E","R","T","R","?","?","M","E","R","BOSS","BOSS"],"build_version":"2018-10-04","purchased_purges":2,"victory":true,"max_hp_per_floor":[66,66,66,66,66,66,66,66,66,66,66,66,66,66,66,66,66,66,66,66,66,66,66,66,66,66,66,66,66,66,66,66,66,66,66,66,66,66,66,66,66,66,66,66,66,66,66,66,66,66,66],"card_choices":[{"not_picked":["Terror","Cloak And Dagger"],"picked":"Dash","floor":1},{"not_picked":["Bane","Sucker Punch"],"picked":"Poisoned Stab","floor":5},{"not_picked":["Predator","Outmaneuver"],"picked":"Blur","floor":7},{"not_picked":["Acrobatics","Bane"],"picked":"Flying Knee","floor":10},{"not_picked":["Prepared","Acrobatics"],"picked":"Noxious Fumes","floor":13},{"not_picked":["Grand Finale","Night Terror+1"],"picked":"Malaise+1","floor":16},{"not_picked":["Finisher","Dagger Spray"],"picked":"Calculated Gamble+1","floor":18},{"not_picked":["Flying Knee","Flechettes"],"picked":"Underhanded Strike","floor":19},{"not_picked":["Acrobatics+1","Slice"],"picked":"Dodge and Roll+1","floor":20},{"not_picked":["Envenom","Underhanded Strike","Finisher"],"picked":"SKIP","floor":27},{"not_picked":["Deflect+1","Reflex+1","Deadly Poison+1"],"picked":"SKIP","floor":29},{"not_picked":["Deflect+1","Reflex+1","Deadly Poison+1"],"picked":"SKIP","floor":29},{"not_picked":["Deflect+1","Dagger Throw"],"picked":"Adrenaline+1","floor":30},{"not_picked":["Adrenaline+1","A Thousand Cuts"],"picked":"Corpse Explosion+1","floor":33},{"not_picked":["Dagger Spray+1","Prepared+1"],"picked":"Cloak And Dagger+1","floor":35},{"not_picked":["Prepared+1","Slice","Acrobatics+1"],"picked":"SKIP","floor":37},{"not_picked":["Deadly Poison+1","Poisoned Stab","Dagger Throw"],"picked":"SKIP","floor":39},{"not_picked":["Dodge and Roll+1","Outmaneuver+1","Noxious Fumes"],"picked":"SKIP","floor":41},{"not_picked":["Finisher","Bane","Prepared+1"],"picked":"SKIP","floor":45},{"not_picked":["Well Laid Plans","Noxious Fumes"],"picked":"Storm of Steel+1","floor":47},{"not_picked":["Dagger Throw","Wraith Form v2"],"picked":"Storm of Steel+1","floor":48}],"player_experience":1414355,"relics_obtained":[{"floor":9,"key":"Dead Branch"},{"floor":13,"key":"Old Coin"},{"floor":21,"key":"Anchor"},{"floor":26,"key":"Bottled Lightning"},{"floor":30,"key":"Regal Pillow"},{"floor":31,"key":"Art of War"},{"floor":41,"key":"Boot"},{"floor":43,"key":"Mummified Hand"},{"floor":48,"key":"Whetstone"}],"event_choices":[{"event_name":"The Cleric","player_choice":"Leave","floor":3,"damage_taken":0},{"event_name":"Liars Game","player_choice":"disagreed","floor":4,"damage_taken":0},{"event_name":"Scrap Ooze","player_choice":"success","floor":12,"damage_taken":11},{"event_name":"Purifier","player_choice":"One Purge","floor":22,"damage_taken":0},{"event_name":"WeMeetAgain","player_choice":"Potion","floor":38,"damage_taken":0}],"is_beta":true,"boss_relics":[{"not_picked":["Ectoplasm","Runic Dome"],"picked":"Snecko Eye"},{"not_picked":["Runic Pyramid","Eternal Feather"],"picked":"Fusion Hammer"}],"items_purged_floors":[24,36],"is_endless":false,"potions_floor_spawned":[1,16,20,27,30,33,39,45,47,48],"ascension_level":20}