{"gold_per_floor":[12,12,26,36,49,49,49,49,49,81,81,93,10,44,44,44],"floor_reached":16,"playtime":685,"items_purged":[],"score":220,"play_id":"e878c6c3-fcb2-4666-b2a2-10f95daf4dba","local_time":"20181017043537","is_ascension_mode":true,"campfire_choices":[{"data":"Flechettes","floor":6,"key":"SMITH"},{"floor":8,"key":"REST"},{"floor":11,"key":"REST"},{"floor":15,"key":"REST"}],"neow_cost":"NO_GOLD","seed_source_timestamp":416189640703300,"circlet_count":0,"master_deck":["Defend_G","Defend_G","Defend_G","Defend_G","Defend_G","Strike_G+1","Strike_G","Strike_G+1","Strike_G","Strike_G","Survivor","Neutralize","AscendersBane","PiercingWail","Flechettes+1","Predator","Well Laid Plans","Blur","Predator","Noxious Fumes","Backstab","Noxious Fumes"],"relics":["Ring of the Snake","The Specimen","Sundial","Blue Candle","Dream Catcher","Peace Pipe"],"potions_floor_usage":[10],"damage_taken":[{"damage":0,"enemies":"2 Louse","floor":1,"turns":4},{"damage":7,"enemies":"Small Slimes","floor":3,"turns":4},{"damage":0,"enemies":"Cultist","floor":4,"turns":3},{"damage":6,"enemies":"Lots of Slimes","floor":5,"turns":4},{"damage":16,"enemies":"Lagavulin","floor":10,"turns":6},{"damage":9,"enemies":"Exordium Wildlife","floor":12,"turns":5},{"damage":30,"enemies":"Gremlin Nob","floor":14,"turns":4},{"damage":25,"enemies":"Hexaghost","floor":16,"turns":9}],"seed_played":"-1489291910637999657","potions_obtained":[{"floor":3,"key":"FearPotion"},{"floor":10,"key":"Ancient Potion"}],"is_trial":false,"path_per_floor":["M","?","M","M","M","R","?","R","T","E","R","M","$","E","R"],"character_chosen":"THE_SILENT","items_purchased":["Noxious Fumes"],"campfire_rested":3,"item_purchase_floors":[13],"current_hp_per_floor":[59,39,32,32,26,26,21,40,40,24,43,34,34,4,23,0],"gold":44,"neow_bonus":"ONE_RARE_RELIC","is_prod":false,"is_daily":false,"chose_seed":false,"campfire_upgraded":1,"win_rate":0,"timestamp":1539765337,"path_taken":["M","?","M","?","M","R","?","R","T","E","R","M","$","E","R","BOSS"],"build_version":"2018-10-04","purchased_purges":0,"victory":false,"max_hp_per_floor":[66,66,66,66,66,66,66,66,66,66,66,66,66,66,66,66],"card_choices":[{"not_picked":["Blade Dance","Tactician"],"picked":"PiercingWail","floor":1},{"not_picked":["Slice","Prepared"],"picked":"Flechettes","floor":3},{"not_picked":["Prepared","Flechettes"],"picked":"Predator","floor":4},{"not_picked":["Accuracy","Flying Knee"],"picked":"Well Laid Plans","floor":5},{"not_picked":["Choke","Underhanded Strike","Flechettes"],"picked":"SKIP","floor":10},{"not_picked":["All Out Attack","Sucker Punch"],"picked":"Blur","floor":11},{"not_picked":["Prepared","Outmaneuver"],"picked":"Predator","floor":12},{"not_picked":["Dagger Throw","Outmaneuver"],"picked":"Backstab","floor":14},{"not_picked":["Well Laid Plans","Backstab"],"picked":"Noxious Fumes","floor":15}],"player_experience":1417459,"relics_obtained":[{"floor":9,"key":"Blue Candle"},{"floor":10,"key":"Dream Catcher"},{"floor":14,"key":"Peace Pipe"}],"event_choices":[{"event_name":"Shining Light","player_choice":"Entered Light","floor":2,"damage_taken":0},{"event_name":"Scrap Ooze","player_choice":"success","floor":7,"damage_taken":5}],"is_beta":true,"boss_relics":[],"items_purged_floors":[],"is_endless":false,"potions_floor_spawned":[3,10],"killed_by":"Hexaghost","ascension_level":20}