{"gold_per_floor":[359,377,392,405,424,456,308,308,308,339,339,355,425,469,469,469],"floor_reached":16,"playtime":750,"items_purged":[],"score":122,"play_id":"5301d970-ab49-42d3-ac0f-dd0ae9ff6e39","local_time":"20190202160629","is_ascension_mode":false,"campfire_choices":[{"floor":8,"key":"REST"},{"floor":15,"key":"REST"}],"neow_cost":"TEN_PERCENT_HP_LOSS","seed_source_timestamp":2129820383985250,"circlet_count":0,"master_deck":["Strike_R","Strike_R","Strike_R","Strike_R","Strike_R","Defend_R","Defend_R","Defend_R","Defend_R","Bash","Uppercut","Carnage","Shrug It Off","Cleave","Immolate","Twin Strike","Injury","Impervious","Shockwave","Immolate"],"special_seed":0,"relics":["Burning Blood","Bottled Lightning","Happy Flower","Darkstone Periapt","Matryoshka","Golden Idol","Blue Candle","Kunai"],"potions_floor_usage":[6,13,14,16],"damage_taken":[{"damage":4.0,"enemies":"Cultist","floor":1.0,"turns":4.0},{"damage":10.0,"enemies":"Small Slimes","floor":2.0,"turns":4.0},{"damage":6.0,"enemies":"2 Louse","floor":3.0,"turns":3.0},{"damage":13.0,"enemies":"Exordium Wildlife","floor":4.0,"turns":5.0},{"damage":17.0,"enemies":"Large Slime","floor":5.0,"turns":7.0},{"damage":28,"enemies":"Gremlin Nob","floor":6,"turns":4},{"damage":14,"enemies":"3 Sentries","floor":10,"turns":5},{"damage":5,"enemies":"Looter","floor":12,"turns":3},{"damage":13,"enemies":"Lagavulin Event","floor":13,"turns":5},{"damage":21,"enemies":"Lagavulin","floor":14,"turns":5},{"damage":62,"enemies":"The Guardian","floor":16,"turns":12}],"seed_played":"5734550434905692216","potions_obtained":[{"floor":2.0,"key":"Strength Potion"},{"floor":10,"key":"Poison Potion"},{"floor":13,"key":"Regen Potion"},{"floor":14,"key":"Fire Potion"}],"is_trial":false,"path_per_floor":["M","M","M","M","M","E","$","R","T","E","?","M","?","E","R","B"],"character_chosen":"IRONCLAD","items_purchased":["Happy Flower"],"campfire_rested":2,"item_purchase_floors":[7],"current_hp_per_floor":[72,68,68,61,50,28,28,49,49,41,47,48,41,38,61,0],"gold":469,"neow_bonus":"TWO_FIFTY_GOLD","is_prod":false,"is_daily":false,"chose_seed":false,"campfire_upgraded":0,"win_rate":0.0,"timestamp":1549159589,"path_taken":["M","M","M","M","?","E","$","R","T","E","?","M","?","E","R","BOSS"],"build_version":"2019-01-23","purchased_purges":0,"victory":false,"max_hp_per_floor":[72,72,72,72,72,72,72,72,72,72,78,78,78,78,78,78],"card_choices":[{"not_picked":["Warcry","Pommel Strike"],"picked":"Uppercut","floor":1.0},{"not_picked":["Sever Soul","Headbutt","Power Through"],"picked":"SKIP","floor":2.0},{"not_picked":["True Grit","Battle Trance"],"picked":"Carnage","floor":3.0},{"not_picked":["Havoc","Clash"],"picked":"Shrug It Off","floor":4.0},{"not_picked":["True Grit","Perfected Strike"],"picked":"Cleave","floor":5.0},{"not_picked":["Shrug It Off","Armaments"],"picked":"Immolate","floor":6},{"not_picked":["Clash","Pommel Strike"],"picked":"Twin Strike","floor":10},{"not_picked":["Flex","Clash"],"picked":"Impervious","floor":12},{"not_picked":["Shrug It Off","Wild Strike"],"picked":"Shockwave","floor":13},{"not_picked":["Headbutt","Warcry"],"picked":"Immolate","floor":14}],"player_experience":65035,"relics_obtained":[{"floor":6,"key":"Bottled Lightning"},{"floor":9,"key":"Darkstone Periapt"},{"floor":10,"key":"Matryoshka"},{"floor":13,"key":"Blue Candle"},{"floor":14,"key":"Kunai"}],"event_choices":[{"damage_healed":0,"gold_gain":0,"player_choice":"Take Wound","damage_taken":0,"relics_obtained":["Golden Idol"],"max_hp_gain":0,"max_hp_loss":0,"event_name":"Golden Idol","floor":11,"gold_loss":0,"cards_obtained":["Injury"]},{"damage_healed":0,"gold_gain":0,"player_choice":"Searched \u00271\u0027 times","damage_taken":0,"max_hp_gain":0,"max_hp_loss":0,"event_name":"Dead Adventurer","floor":13,"gold_loss":0}],"is_beta":false,"boss_relics":[],"items_purged_floors":[],"is_endless":false,"potions_floor_spawned":[2,10,13,14],"killed_by":"The Guardian","ascension_level":0}