{"gold_per_floor":[119,133,6,81,81,116,116,116,116,128,152,152,171,10,10,106,106,125,125,125,40,40,40,98,98,125,149,129,144,144,44,44,44],"floor_reached":33,"playtime":964,"items_purged":["Strike_B","Strike_B"],"score":426,"play_id":"d81046c2-3ded-4b78-9cc4-49635a0b6dc1","local_time":"20181022234513","is_ascension_mode":true,"campfire_choices":[{"data":"Zap","floor":8,"key":"SMITH"},{"data":"Biased Cognition","floor":12,"key":"SMITH"},{"data":"Thunder Strike","floor":15,"key":"SMITH"},{"floor":23,"key":"REST"},{"data":"Conserve Battery","floor":25,"key":"SMITH"},{"data":"Defragment","floor":30,"key":"SMITH"},{"floor":32,"key":"REST"}],"neow_cost":"NONE","seed_source_timestamp":9470399998551,"circlet_count":0,"master_deck":["Defend_B","Defend_B","Defend_B","Defend_B","Zap+1","Dualcast","AscendersBane","Turbo","Self Repair","Conserve Battery+1","Biased Cognition+1","BootSequence","White Noise","Thunder Strike+1","Rainbow+1","Storm","Hologram","Conserve Battery","Defragment+1","Stack+1"],"relics":["Cracked Core","NeowsBlessing","Oddly Smooth Stone","Vajra","Pen Nib","Odd Mushroom","Philosopher\u0027s Stone","Blood Vial","Tiny Chest","Regal Pillow","Omamori"],"potions_floor_usage":[24,24],"damage_taken":[{"damage":0,"enemies":"Cultist","floor":1,"turns":1},{"damage":0,"enemies":"Jaw Worm","floor":2,"turns":1},{"damage":0,"enemies":"3 Sentries","floor":6,"turns":1},{"damage":2,"enemies":"Small Slimes","floor":10,"turns":4},{"damage":25,"enemies":"The Mushroom Lair","floor":11,"turns":6},{"damage":1,"enemies":"Exordium Wildlife","floor":13,"turns":3},{"damage":37,"enemies":"Hexaghost","floor":16,"turns":11},{"damage":14,"enemies":"Shell Parasite","floor":18,"turns":4},{"damage":20,"enemies":"Gremlin Leader","floor":24,"turns":4},{"damage":18,"enemies":"2 Thieves","floor":28,"turns":4},{"damage":10,"enemies":"Centurion and Healer","floor":29,"turns":6},{"damage":79,"enemies":"Collector","floor":33,"turns":9}],"seed_played":"9182513197606159630","potions_obtained":[{"floor":1,"key":"Explosive Potion"},{"floor":5,"key":"LiquidBronze"},{"floor":5,"key":"Block Potion"},{"floor":5,"key":"Swift Potion"},{"floor":29,"key":"Weak Potion"}],"is_trial":false,"path_per_floor":["M","M","$","?","?","E","?","R","T","M","?","R","M","$","R","B",null,"M","?","?","?","?","R","E","R","T","T","M","M","R","$","R"],"character_chosen":"DEFECT","items_purchased":["Conserve Battery","Thunder Strike"],"campfire_rested":2,"item_purchase_floors":[3,14],"current_hp_per_floor":[68,68,68,57,57,57,54,54,54,59,41,41,47,47,47,17,61,54,54,54,54,54,75,62,62,62,62,53,52,52,52,75,0],"gold":44,"neow_bonus":"THREE_ENEMY_KILL","is_prod":false,"is_daily":false,"chose_seed":false,"campfire_upgraded":5,"win_rate":0,"timestamp":1540219513,"path_taken":["M","?","$","?","?","E","?","R","T","?","?","R","M","$","R","BOSS","M","?","?","?","?","R","E","R","T","?","M","M","R","$","R","BOSS"],"build_version":"2018-10-19","purchased_purges":2,"victory":false,"max_hp_per_floor":[75,75,75,75,75,75,75,75,75,75,75,75,75,75,75,75,75,75,75,75,75,75,75,75,75,75,75,75,75,75,75,75,75],"card_choices":[{"not_picked":["Consume","Compile Driver"],"picked":"Turbo","floor":1},{"not_picked":["Beam Cell","Chaos"],"picked":"Self Repair","floor":2},{"not_picked":["Leap","Coolheaded"],"picked":"Biased Cognition","floor":6},{"not_picked":["Steam Power","Stack"],"picked":"BootSequence","floor":10},{"not_picked":["Leap","Streamline"],"picked":"White Noise","floor":11},{"not_picked":["Fusion","Gash","Rebound"],"picked":"SKIP","floor":13},{"not_picked":["Thunder Strike","Buffer"],"picked":"Rainbow","floor":16},{"not_picked":["Fusion","Sweeping Beam","Genetic Algorithm"],"picked":"SKIP","floor":18},{"not_picked":["Barrage","Turbo"],"picked":"Conserve Battery","floor":24},{"not_picked":["Redo","Barrage"],"picked":"Defragment","floor":28},{"not_picked":["Loop","Auto Shields"],"picked":"Stack+1","floor":29}],"player_experience":528964,"relics_obtained":[{"floor":6,"key":"Oddly Smooth Stone"},{"floor":9,"key":"Pen Nib"},{"floor":11,"key":"Odd Mushroom"},{"floor":24,"key":"Tiny Chest"},{"floor":26,"key":"Regal Pillow"},{"floor":27,"key":"Omamori"}],"event_choices":[{"damage_healed":0,"gold_gain":75,"player_choice":"Gather Gold","damage_taken":11,"max_hp_gain":0,"max_hp_loss":0,"event_name":"World of Goop","floor":4,"gold_loss":0},{"damage_healed":0,"gold_gain":0,"player_choice":"Got Potions","damage_taken":0,"max_hp_gain":0,"max_hp_loss":0,"event_name":"The Lab","floor":5,"gold_loss":0},{"damage_healed":0,"gold_gain":0,"player_choice":"Success","damage_taken":3,"relics_obtained":["Vajra"],"max_hp_gain":0,"max_hp_loss":0,"event_name":"Scrap Ooze","floor":7,"gold_loss":0},{"damage_healed":0,"gold_gain":0,"player_choice":"Fought Mushrooms","damage_taken":0,"max_hp_gain":0,"max_hp_loss":0,"event_name":"Mushrooms","floor":11,"gold_loss":0},{"damage_healed":0,"gold_gain":0,"cards_transformed":["Strike_B","Strike_B"],"player_choice":"Became Test Subject","damage_taken":0,"max_hp_gain":0,"max_hp_loss":0,"event_name":"Drug Dealer","floor":19,"gold_loss":0,"cards_obtained":["Storm","Hologram"]},{"damage_healed":0,"gold_gain":0,"player_choice":"Forge","damage_taken":0,"max_hp_gain":0,"max_hp_loss":0,"event_name":"Accursed Blacksmith","floor":20,"gold_loss":0,"cards_upgraded":["Rainbow"]},{"damage_healed":0,"gold_gain":0,"player_choice":"Obtained Relic","damage_taken":0,"relics_obtained":["Blood Vial"],"max_hp_gain":0,"max_hp_loss":0,"event_name":"Addict","floor":21,"gold_loss":85},{"damage_healed":0,"gold_gain":0,"player_choice":"Ignored","damage_taken":0,"max_hp_gain":0,"max_hp_loss":0,"event_name":"Beggar","floor":22,"gold_loss":0}],"is_beta":true,"boss_relics":[{"not_picked":["Nuclear Battery","Eternal Feather"],"picked":"Philosopher\u0027s Stone"}],"items_purged_floors":[3,31],"is_endless":false,"potions_floor_spawned":[1,6,10,13,29],"killed_by":"Collector","ascension_level":10}