{"gold_per_floor":[117,23,23,71,82,82,92,92,92,112,143,108,136,154,154,233,233,251,166,50,50,24,24,40,40,40,69,14,14,14,24,24,101,101,111,111,111,111,11,11,41,59,59,59,59,72,85,99,99,99,99],"floor_reached":52,"playtime":3758,"items_purged":["Strike_G"],"score":1912,"play_id":"84f019d5-32c1-4ad6-bc33-dbbaf670c960","local_time":"20181203235425","is_ascension_mode":true,"campfire_choices":[{"data":"Poisoned Stab","floor":6,"key":"SMITH"},{"data":"Footwork","floor":8,"key":"SMITH"},{"data":"Outmaneuver","floor":15,"key":"SMITH"},{"data":"Wraith Form v2","floor":23,"key":"SMITH"},{"data":"Neutralize","floor":25,"key":"SMITH"},{"data":"Noxious Fumes","floor":30,"key":"SMITH"},{"floor":32,"key":"REST"},{"data":"Blade Dance","floor":40,"key":"SMITH"},{"data":"Burst","floor":44,"key":"SMITH"},{"floor":49,"key":"REST"}],"neow_cost":"NONE","seed_source_timestamp":153741733480600,"circlet_count":0,"master_deck":["AscendersBane","Defend_G","Defend_G","Defend_G","Defend_G","Strike_G","Strike_G","Strike_G","Survivor","Neutralize+1","Poisoned Stab+1","Calculated Gamble","Footwork+1","Quick Slash","Deadly Poison","Cloak And Dagger","Outmaneuver+1","Escape Plan","Wraith Form v2+1","Noxious Fumes+1","Footwork","Dodge and Roll","Deflect","Blur","Dash","Malaise","Malaise","Prepared+1","Finesse","Finesse","Blade Dance+1","Burst+1","Dodge and Roll+1","Cloak And Dagger+1","Catalyst+1"],"relics":["Runic Pyramid","Art of War","Question Card","Letter Opener","Singing Bowl","Philosopher\u0027s Stone","Kunai","MutagenicStrength","Incense Burner","Meat on the Bone","Lizard Tail","Mummified Hand","Gremlin Horn"],"potions_floor_usage":[13,16,16,27,51],"damage_taken":[{"damage":8,"enemies":"Small Slimes","floor":1,"turns":6},{"damage":0,"enemies":"Jaw Worm","floor":5,"turns":5},{"damage":0,"enemies":"Cultist","floor":7,"turns":4},{"damage":11,"enemies":"Exordium Wildlife","floor":10,"turns":6},{"damage":1,"enemies":"Lagavulin","floor":11,"turns":8},{"damage":5,"enemies":"3 Sentries","floor":13,"turns":9},{"damage":5,"enemies":"Looter","floor":14,"turns":3},{"damage":5,"enemies":"Slime Boss","floor":16,"turns":11},{"damage":2,"enemies":"Chosen","floor":18,"turns":6},{"damage":11,"enemies":"3 Byrds","floor":24,"turns":6},{"damage":18,"enemies":"Gremlin Leader","floor":27,"turns":8},{"damage":0,"enemies":"Snecko","floor":31,"turns":8},{"damage":0,"enemies":"Automaton","floor":33,"turns":16},{"damage":6,"enemies":"3 Darklings","floor":35,"turns":6},{"damage":6,"enemies":"Reptomancer","floor":41,"turns":8},{"damage":2,"enemies":"Orb Walker","floor":42,"turns":5},{"damage":11,"enemies":"Jaw Worm Horde","floor":46,"turns":6},{"damage":0,"enemies":"Spire Growth","floor":47,"turns":8},{"damage":0,"enemies":"4 Shapes","floor":48,"turns":9},{"damage":27,"enemies":"Donu and Deca","floor":50,"turns":16},{"damage":52,"enemies":"Time Eater","floor":51,"turns":18}],"seed_played":"1149724243232078266","potions_obtained":[{"floor":5,"key":"AttackPotion"},{"floor":14,"key":"EssenceOfSteel"},{"floor":18,"key":"SteroidPotion"},{"floor":31,"key":"SteroidPotion"},{"floor":41,"key":"Energy Potion"}],"is_trial":false,"path_per_floor":["M","$","?","T","M","R","M","R","T","M","E","?","E","M","R","B",null,"M","?","$","?","$","R","M","R","T","E","$","?","R","M","R","B",null,"M","?","?","?","$","R","E","M","T","R","$","M","M","M","R","B","B",null],"character_chosen":"THE_SILENT","items_purchased":["Calculated Gamble","AttackPotion","Footwork","Dodge and Roll","Deflect","Strength Potion","Blade Dance"],"campfire_rested":2,"item_purchase_floors":[2,2,20,20,22,28,39],"current_hp_per_floor":[51,51,44,44,44,44,44,44,44,33,32,48,43,38,38,33,58,56,56,56,56,56,56,45,45,45,27,27,27,27,39,58,58,64,58,58,58,50,50,50,44,44,44,44,44,45,45,45,65,38,34],"gold":99,"neow_bonus":"BOSS_RELIC","is_prod":false,"is_daily":false,"chose_seed":false,"campfire_upgraded":8,"win_rate":0,"timestamp":1543899265,"path_taken":["M","$","?","?","M","R","M","R","T","?","E","?","E","M","R","BOSS","M","?","$","?","?","R","?","R","T","E","$","?","R","?","R","BOSS","M","?","?","?","?","R","E","?","T","R","$","M","M","?","R","BOSS","BOSS"],"build_version":"2018-11-15","purchased_purges":1,"victory":true,"max_hp_per_floor":[66,66,66,66,66,66,66,66,66,66,66,66,66,66,66,66,66,66,66,66,66,66,66,66,66,66,66,66,66,66,66,66,66,66,66,66,63,65,65,65,65,67,67,67,67,67,67,67,67,67,67],"card_choices":[{"not_picked":["Finisher","Crippling Poison"],"picked":"Poisoned Stab","floor":1},{"not_picked":["Expertise","Concentrate"],"picked":"Footwork","floor":5},{"not_picked":["Escape Plan","Endless Agony"],"picked":"Quick Slash","floor":7},{"not_picked":["Deflect","Outmaneuver","Predator"],"picked":"Deadly Poison","floor":10},{"not_picked":["Well Laid Plans","Finisher","Poisoned Stab"],"picked":"Cloak And Dagger","floor":11},{"not_picked":["Finisher","Bouncing Flask","Endless Agony"],"picked":"Outmaneuver","floor":13},{"not_picked":["Bouncing Flask","PiercingWail","Flying Knee"],"picked":"Escape Plan","floor":14},{"not_picked":["Envenom","Doppelganger","Storm of Steel"],"picked":"Wraith Form v2","floor":16},{"not_picked":["Deadly Poison","Caltrops","Calculated Gamble"],"picked":"Noxious Fumes","floor":18},{"not_picked":["Flying Knee","Backstab","Choke+1"],"picked":"Blur","floor":24},{"not_picked":["Distraction","Concentrate","Bouncing Flask"],"picked":"Dash","floor":27},{"not_picked":["Acrobatics+1","Deflect","Slice"],"picked":"Malaise","floor":31},{"not_picked":["After Image","Die Die Die","Unload"],"picked":"Malaise","floor":33},{"not_picked":["Predator+1","Poisoned Stab+1","Leg Sweep"],"picked":"Prepared+1","floor":35},{"not_picked":["Deep Breath","Good Instincts","Jack Of All Trades","Transmutation"],"picked":"Singing Bowl","floor":38},{"not_picked":["Dramatic Entrance","Trip","Magnetism"],"picked":"Finesse","floor":38},{"not_picked":["Bandage Up","PanicButton","Enlightenment"],"picked":"Finesse","floor":38},{"not_picked":["Prepared","Outmaneuver","Dagger Spray"],"picked":"Burst","floor":41},{"not_picked":["Flying Knee","Predator","Quick Slash","Backstab"],"picked":"Singing Bowl","floor":42},{"not_picked":["Deadly Poison","Crippling Poison","Noxious Fumes"],"picked":"Dodge and Roll+1","floor":46},{"not_picked":["Prepared","Distraction","Dagger Throw"],"picked":"Cloak And Dagger+1","floor":47},{"not_picked":["Predator","Distraction+1","Tactician"],"picked":"Catalyst+1","floor":48}],"player_experience":1755622,"relics_obtained":[{"floor":4,"key":"Art of War"},{"floor":9,"key":"Question Card"},{"floor":11,"key":"Letter Opener"},{"floor":13,"key":"Singing Bowl"},{"floor":26,"key":"Incense Burner"},{"floor":27,"key":"Meat on the Bone"},{"floor":41,"key":"Mummified Hand"},{"floor":43,"key":"Gremlin Horn"}],"event_choices":[{"cards_removed":["Defend_G"],"damage_healed":0,"gold_gain":0,"player_choice":"Card Removal","damage_taken":7,"max_hp_gain":0,"max_hp_loss":0,"event_name":"Golden Wing","floor":3,"gold_loss":0},{"damage_healed":16,"gold_gain":0,"player_choice":"Healed","damage_taken":0,"max_hp_gain":0,"max_hp_loss":0,"event_name":"The Cleric","floor":12,"gold_loss":35},{"damage_healed":0,"gold_gain":0,"player_choice":"Obtained Relic","damage_taken":0,"relics_obtained":["Kunai"],"max_hp_gain":0,"max_hp_loss":0,"event_name":"Addict","floor":19,"gold_loss":85},{"damage_healed":0,"gold_gain":0,"player_choice":"Inject Mutagens","damage_taken":0,"relics_obtained":["MutagenicStrength"],"max_hp_gain":0,"max_hp_loss":0,"event_name":"Drug Dealer","floor":21,"gold_loss":0},{"damage_healed":0,"gold_gain":0,"player_choice":"Leave","damage_taken":0,"max_hp_gain":0,"max_hp_loss":0,"event_name":"FaceTrader","floor":29,"gold_loss":0},{"cards_removed":["Strike_G"],"damage_healed":0,"gold_gain":0,"player_choice":"Removed Attack","damage_taken":0,"max_hp_gain":0,"max_hp_loss":0,"event_name":"Falling","floor":36,"gold_loss":0},{"damage_healed":0,"gold_gain":0,"player_choice":"Max HP","damage_taken":0,"max_hp_gain":0,"max_hp_loss":3,"event_name":"Winding Halls","floor":37,"gold_loss":0},{"damage_healed":0,"gold_gain":0,"player_choice":"Memory 3","damage_taken":10,"max_hp_gain":0,"max_hp_loss":0,"event_name":"SensoryStone","floor":38,"gold_loss":0}],"is_beta":true,"boss_relics":[{"not_picked":["Velvet Choker","Coffee Dripper"],"picked":"Philosopher\u0027s Stone"},{"not_picked":["HoveringKite","White Beast Statue"],"picked":"Lizard Tail"}],"items_purged_floors":[39],"is_endless":false,"potions_floor_spawned":[5,11,14,18,31,41,46],"ascension_level":20}