{"gold_per_floor":[20,34,34,34,52,52,81,107,187,246,246,273,273,273,273,347,347,365,365,365],"floor_reached":20,"playtime":631,"items_purged":[],"score":320,"play_id":"f0b9ad3c-00c9-460c-b7a6-774b3c6d41bf","local_time":"20181230185324","is_ascension_mode":true,"campfire_choices":[{"data":"Sweeping Beam","floor":6,"key":"SMITH"},{"floor":11,"key":"REST"},{"floor":13,"key":"REST"},{"data":"Electrodynamics","floor":15,"key":"SMITH"}],"neow_cost":"NO_GOLD","seed_source_timestamp":263180294924581,"circlet_count":0,"master_deck":["AscendersBane","Strike_B","Strike_B","Strike_B","Strike_B","Defend_B","Defend_B","Defend_B","Defend_B","Zap","Dualcast","Reinforced Body+1","Glacier","Sweeping Beam+1","Ball Lightning","Electrodynamics+1","Undo","Echo Form","White Noise"],"relics":["Cracked Core","Ginger","Odd Mushroom","Art of War","The Courier","Gremlin Horn","Bottled Tornado","Sozu"],"potions_floor_usage":[10,16,20,20],"damage_taken":[{"damage":8,"enemies":"Small Slimes","floor":1,"turns":3},{"damage":2,"enemies":"Jaw Worm","floor":2,"turns":4},{"damage":6,"enemies":"Cultist","floor":5,"turns":3},{"damage":18,"enemies":"The Mushroom Lair","floor":7,"turns":4},{"damage":23,"enemies":"Lagavulin","floor":8,"turns":9},{"damage":5,"enemies":"3 Sentries","floor":10,"turns":2},{"damage":6,"enemies":"3 Sentries","floor":12,"turns":4},{"damage":20,"enemies":"Hexaghost","floor":16,"turns":11},{"damage":13,"enemies":"Spheric Guardian","floor":18,"turns":4},{"damage":16,"enemies":"Colosseum Slavers","floor":20,"turns":4},{"damage":40,"enemies":"Colosseum Nobs","floor":20,"turns":3}],"seed_played":"1487220873039794251","potions_obtained":[{"floor":2,"key":"Swift Potion"},{"floor":7,"key":"LiquidBronze"},{"floor":10,"key":"EssenceOfSteel"},{"floor":12,"key":"FocusPotion"},{"floor":16,"key":"Strength Potion"}],"is_trial":false,"path_per_floor":["M","M","?","$","M","R","?","E","T","?","R","E","R","?","R","B",null,"M","?","?"],"character_chosen":"DEFECT","items_purchased":[],"campfire_rested":2,"item_purchase_floors":[],"current_hp_per_floor":[56,54,54,54,48,48,30,7,7,2,23,17,38,31,31,11,56,43,43,0],"gold":365,"neow_bonus":"ONE_RARE_RELIC","is_prod":false,"is_daily":false,"chose_seed":false,"campfire_upgraded":2,"win_rate":0,"timestamp":1546214004,"path_taken":["M","M","?","$","M","R","?","E","T","?","R","E","R","?","R","BOSS","M","?","?"],"build_version":"2018-12-20","purchased_purges":0,"victory":false,"max_hp_per_floor":[71,71,71,71,71,71,71,71,71,71,71,71,71,71,71,71,71,71,71,71],"card_choices":[{"not_picked":["Turbo","Redo"],"picked":"Reinforced Body","floor":1},{"not_picked":["Force Field","Leap"],"picked":"Glacier","floor":2},{"not_picked":["Tempest","Streamline"],"picked":"Sweeping Beam","floor":5},{"not_picked":["White Noise","Conserve Battery"],"picked":"Ball Lightning","floor":7},{"not_picked":["Ball Lightning","Cold Snap"],"picked":"Electrodynamics","floor":8},{"not_picked":["Steam Power","Compile Driver"],"picked":"Undo","floor":10},{"not_picked":["Gash","Rebound"],"picked":"Storm","floor":12},{"not_picked":["Seek","Buffer"],"picked":"Echo Form","floor":16},{"not_picked":["Compile Driver","Sunder"],"picked":"White Noise","floor":18}],"player_experience":457811,"relics_obtained":[{"floor":7,"key":"Odd Mushroom"},{"floor":8,"key":"Art of War"},{"floor":9,"key":"The Courier"},{"floor":10,"key":"Gremlin Horn"},{"floor":12,"key":"Bottled Tornado"}],"event_choices":[{"damage_healed":0,"gold_gain":0,"player_choice":"Grow","damage_taken":0,"max_hp_gain":0,"max_hp_loss":0,"event_name":"Living Wall","floor":3,"gold_loss":0,"cards_upgraded":["Reinforced Body"]},{"damage_healed":0,"gold_gain":0,"player_choice":"Fought Mushrooms","damage_taken":0,"max_hp_gain":0,"max_hp_loss":0,"event_name":"Mushrooms","floor":7,"gold_loss":0},{"damage_healed":0,"gold_gain":30,"player_choice":"Searched \u00272\u0027 times","damage_taken":0,"max_hp_gain":0,"max_hp_loss":0,"event_name":"Dead Adventurer","floor":10,"gold_loss":0},{"cards_removed":["Storm"],"damage_healed":0,"gold_gain":0,"player_choice":"Card Removal","damage_taken":7,"max_hp_gain":0,"max_hp_loss":0,"event_name":"Golden Wing","floor":14,"gold_loss":0},{"damage_healed":0,"gold_gain":0,"player_choice":"Ignored","damage_taken":0,"max_hp_gain":0,"max_hp_loss":0,"event_name":"Ghosts","floor":19,"gold_loss":0},{"damage_healed":0,"gold_gain":0,"player_choice":"Fight","damage_taken":0,"max_hp_gain":0,"max_hp_loss":0,"event_name":"Colosseum","floor":20,"gold_loss":0},{"damage_healed":0,"gold_gain":0,"player_choice":"Fought Nobs","damage_taken":0,"max_hp_gain":0,"max_hp_loss":0,"event_name":"Colosseum","floor":20,"gold_loss":0}],"is_beta":false,"boss_relics":[{"not_picked":["Pandora\u0027s Box","Fusion Hammer"],"picked":"Sozu"}],"items_purged_floors":[],"is_endless":false,"potions_floor_spawned":[2,7,10,12,16,20],"killed_by":"Colosseum Nobs","ascension_level":16}