{"gold_per_floor":[116,116,35,49,59,59,84,102,102,114,114,127,161,161,161,238,238,251,251,35,50,60,60,74,85,110,136,136,151,151],"floor_reached":30,"playtime":2130,"items_purged":["Strike_G"],"score":528,"play_id":"bf5c0662-145c-4468-81de-d4b046fe5f08","local_time":"20190204005923","is_ascension_mode":true,"campfire_choices":[{"data":"Neutralize","floor":6.0,"key":"SMITH"},{"floor":11.0,"key":"REST"},{"floor":15,"key":"REST"},{"floor":23,"key":"REST"}],"neow_cost":"NONE","seed_source_timestamp":201838491356400,"circlet_count":0,"master_deck":["AscendersBane","Defend_G+1","Defend_G+1","Defend_G+1","Defend_G+1","Defend_G+1","Strike_G+1","Strike_G+1","Strike_G+1","Survivor","Neutralize+1","Well Laid Plans","Backflip","Underhanded Strike","Expertise","Dagger Throw","Dodge and Roll","Dagger Spray","Acrobatics+1","Footwork","PiercingWail+1","Phantasmal Killer+1","Prepared+1","Ghostly+1","Ghostly+1","Ghostly+1","Acrobatics+1","Skewer","Bouncing Flask+1","Choke","Deadly Poison+1","Deflect+1","Skewer"],"special_seed":0,"relics":["Philosopher\u0027s Stone","Singing Bowl","Toxic Egg 2","Pear","Fusion Hammer","Regal Pillow","Omamori"],"potions_floor_usage":[13,16,18,27],"damage_taken":[{"damage":2.0,"enemies":"Cultist","floor":1.0,"turns":5.0},{"damage":0.0,"enemies":"2 Louse","floor":4.0,"turns":3.0},{"damage":0.0,"enemies":"Small Slimes","floor":5.0,"turns":3.0},{"damage":10.0,"enemies":"3 Sentries","floor":7.0,"turns":10.0},{"damage":9.0,"enemies":"3 Louse","floor":8.0,"turns":5.0},{"damage":13.0,"enemies":"Exordium Wildlife","floor":10.0,"turns":6.0},{"damage":28.0,"enemies":"Gremlin Gang","floor":12.0,"turns":7.0},{"damage":7,"enemies":"Gremlin Nob","floor":13,"turns":4},{"damage":48,"enemies":"Slime Boss","floor":16,"turns":16},{"damage":15,"enemies":"3 Byrds","floor":18,"turns":5},{"damage":0,"enemies":"Shell Parasite","floor":21,"turns":7},{"damage":0,"enemies":"Snake Plant","floor":22,"turns":5},{"damage":1,"enemies":"Snecko","floor":24,"turns":5},{"damage":0,"enemies":"Centurion and Healer","floor":25,"turns":5},{"damage":2,"enemies":"Gremlin Leader","floor":27,"turns":8},{"damage":21,"enemies":"Chosen and Byrds","floor":29,"turns":7},{"damage":17,"enemies":"Shelled Parasite and Fungi","floor":30,"turns":1}],"seed_played":"-336506986624546504","potions_obtained":[{"floor":1.0,"key":"EssenceOfSteel"},{"floor":12.0,"key":"GhostInAJar"},{"floor":13,"key":"Energy Potion"},{"floor":16,"key":"Fire Potion"},{"floor":22,"key":"GhostInAJar"},{"floor":29,"key":"Explosive Potion"}],"is_trial":false,"path_per_floor":["M","?","$","M","M","R","E","M","T","M","R","M","E","?","R","B",null,"M","?","$","M","M","R","M","M","T","E","?","M","M"],"character_chosen":"THE_SILENT","items_purchased":["Backflip","Underhanded Strike","Acrobatics+1","Strength Potion","SkillPotion"],"campfire_rested":3,"item_purchase_floors":[3,3,20,20,20],"current_hp_per_floor":[57,50,50,50,50,50,40,31,31,18,37,9,12,37,59,11,60,45,38,38,38,38,38,37,37,37,35,35,14,0],"gold":151,"neow_bonus":"BOSS_RELIC","is_prod":false,"is_daily":false,"chose_seed":false,"campfire_upgraded":1,"win_rate":0,"timestamp":1549259963,"path_taken":["M","?","$","M","M","R","E","M","T","M","R","M","E","?","R","BOSS","M","?","$","M","M","R","M","M","T","E","?","M","?"],"build_version":"2019-01-23","purchased_purges":1,"victory":false,"max_hp_per_floor":[66,66,66,66,66,66,66,66,66,66,66,66,76,76,76,76,76,76,38,38,38,38,38,38,38,38,38,38,38,38],"card_choices":[{"not_picked":["Deflect","Sucker Punch"],"picked":"Well Laid Plans","floor":1.0},{"not_picked":["Setup","Bane"],"picked":"Expertise","floor":4.0},{"not_picked":["Bane","PiercingWail"],"picked":"Dagger Throw","floor":5.0},{"not_picked":["Acrobatics","Night Terror"],"picked":"Dodge and Roll","floor":7.0},{"not_picked":["Flying Knee","Acrobatics"],"picked":"Dagger Spray","floor":8.0},{"not_picked":["Prepared+1","Tactician+1"],"picked":"Acrobatics+1","floor":10.0},{"not_picked":["Sucker Punch","Endless Agony"],"picked":"Footwork","floor":12.0},{"not_picked":["Prepared+1","Caltrops"],"picked":"PiercingWail+1","floor":13},{"not_picked":["Envenom","Storm of Steel+1"],"picked":"Phantasmal Killer+1","floor":16},{"not_picked":["Dagger Spray","Poisoned Stab"],"picked":"Prepared+1","floor":18},{"not_picked":["PiercingWail+1","Deflect+1"],"picked":"Skewer","floor":21},{"not_picked":["Blade Dance+1","Flying Knee"],"picked":"Bouncing Flask+1","floor":22},{"not_picked":["Poisoned Stab","Bane+1"],"picked":"Choke","floor":24},{"not_picked":["Blade Dance+1","Accuracy"],"picked":"Deadly Poison+1","floor":25},{"not_picked":["Concentrate+1","Prepared+1"],"picked":"Deflect+1","floor":27},{"not_picked":["Sucker Punch","Accuracy"],"picked":"Skewer","floor":29}],"player_experience":2010973,"relics_obtained":[{"floor":7.0,"key":"Singing Bowl"},{"floor":9.0,"key":"Toxic Egg 2"},{"floor":13,"key":"Pear"},{"floor":26,"key":"Regal Pillow"},{"floor":27,"key":"Omamori"}],"event_choices":[{"cards_removed":["Strike_G"],"damage_healed":0.0,"max_hp_gain":0.0,"max_hp_loss":0.0,"gold_gain":0.0,"event_name":"Golden Wing","player_choice":"Card Removal","floor":2.0,"gold_loss":0.0,"damage_taken":7.0},{"damage_healed":25,"gold_gain":0,"player_choice":"Banana","damage_taken":0,"max_hp_gain":0,"max_hp_loss":0,"event_name":"Big Fish","floor":14,"gold_loss":0},{"damage_healed":0,"gold_gain":0,"player_choice":"Became a Ghost","damage_taken":0,"max_hp_gain":0,"max_hp_loss":38,"event_name":"Ghosts","floor":19,"gold_loss":0,"cards_obtained":["Ghostly","Ghostly","Ghostly"]},{"damage_healed":0,"gold_gain":0,"player_choice":"Simplicity","damage_taken":0,"max_hp_gain":0,"max_hp_loss":0,"event_name":"Back to Basics","floor":28,"gold_loss":0,"cards_upgraded":["Defend_G","Defend_G","Defend_G","Defend_G","Defend_G","Strike_G","Strike_G","Strike_G"]}],"is_beta":true,"boss_relics":[{"not_picked":["Lizard Tail","HoveringKite"],"picked":"Fusion Hammer"}],"items_purged_floors":[20],"is_endless":false,"potions_floor_spawned":[1,12,13,16,21,22,29],"killed_by":"Shelled Parasite and Fungi","ascension_level":20}