{"gold_per_floor":[119,130,130,143,143,143,169,169,169,181,212,212,232,248,248,347,347,347,347,302,302,227,227,227,227,227,227,112,112,112,112,112,112,112,112,32,32,32,32,32,32,32,32,32,32,32,32,32,32,32],"floor_reached":51,"playtime":8287,"items_purged":["Strike_G","Strike_G"],"score":1094,"play_id":"67761e31-8e84-4f89-95c3-161afb81340f","local_time":"20190209201416","is_ascension_mode":true,"campfire_choices":[{"data":"Dagger Spray","floor":6,"key":"SMITH"},{"data":"Leg Sweep","floor":12,"key":"SMITH"},{"data":"Noxious Fumes","floor":15,"key":"SMITH"},{"floor":24,"key":"REST"},{"data":"Caltrops","floor":30,"key":"SMITH"},{"data":"Concentrate","floor":32,"key":"SMITH"},{"data":"Infinite Blades","floor":47,"key":"SMITH"},{"data":"Accuracy","floor":49,"key":"SMITH"}],"neow_cost":"NONE","seed_source_timestamp":17314188022400,"circlet_count":0,"master_deck":["Defend_G+1","Defend_G","Defend_G","Defend_G","Defend_G+1","Strike_G","Strike_G","Survivor","Neutralize+1","Leg Sweep+1","Dagger Spray+1","Terror","Poisoned Stab","Infinite Blades","Noxious Fumes+1","Dash","Infinite Blades","Die Die Die","Flying Knee+1","Concentrate+1","Escape Plan","Caltrops+1","Cloak And Dagger+1","Corpse Explosion","Backflip+1","Infinite Blades","Infinite Blades+1","Clumsy","Dodge and Roll+1","Endless Agony+1","Accuracy+1"],"relics":["Ring of the Snake","Orichalcum","Dead Branch","Shuriken","The Courier","Ectoplasm","Red Mask","Kunai","Darkstone Periapt","Mummified Hand","Cursed Key","Juzu Bracelet","Du-Vu Doll","FossilizedHelix","War Paint"],"potions_floor_usage":[13,23,33,39,45,48],"damage_taken":[{"damage":0,"enemies":"Small Slimes","floor":1,"turns":3},{"damage":0,"enemies":"2 Louse","floor":2,"turns":6},{"damage":0,"enemies":"Jaw Worm","floor":4,"turns":4},{"damage":12,"enemies":"Gremlin Nob","floor":7,"turns":4},{"damage":0,"enemies":"Blue Slaver","floor":10,"turns":5},{"damage":3,"enemies":"Lagavulin","floor":11,"turns":9},{"damage":0,"enemies":"2 Fungi Beasts","floor":13,"turns":2},{"damage":2,"enemies":"Red Slaver","floor":14,"turns":4},{"damage":4,"enemies":"The Guardian","floor":16,"turns":8},{"damage":0,"enemies":"Chosen","floor":18,"turns":4},{"damage":18,"enemies":"2 Thieves","floor":20,"turns":3},{"damage":1,"enemies":"Masked Bandits","floor":21,"turns":4},{"damage":15,"enemies":"Gremlin Leader","floor":23,"turns":4},{"damage":2,"enemies":"Cultist and Chosen","floor":25,"turns":5},{"damage":4,"enemies":"Sentry and Sphere","floor":27,"turns":3},{"damage":0,"enemies":"3 Cultists","floor":31,"turns":4},{"damage":11,"enemies":"Collector","floor":33,"turns":5},{"damage":0,"enemies":"3 Shapes","floor":35,"turns":1},{"damage":0,"enemies":"Orb Walker","floor":37,"turns":2},{"damage":0,"enemies":"Writhing Mass","floor":39,"turns":3},{"damage":0,"enemies":"Giant Head","floor":40,"turns":5},{"damage":3,"enemies":"Jaw Worm Horde","floor":42,"turns":4},{"damage":0,"enemies":"Nemesis","floor":45,"turns":5},{"damage":0,"enemies":"Maw","floor":46,"turns":5},{"damage":0,"enemies":"Reptomancer","floor":48,"turns":4},{"damage":1,"enemies":"Awakened One","floor":50,"turns":5}],"seed_played":"-5488739284876763489","potions_obtained":[{"floor":1,"key":"Fire Potion"},{"floor":10,"key":"Strength Potion"},{"floor":11,"key":"Weak Potion"},{"floor":23,"key":"GhostInAJar"},{"floor":25,"key":"Strength Potion"},{"floor":33,"key":"Energy Potion"},{"floor":39,"key":"Ancient Potion"},{"floor":45,"key":"GhostInAJar"},{"floor":46,"key":"PowerPotion"},{"floor":48,"key":"Regen Potion"}],"is_trial":false,"path_per_floor":["M","M","?","M","$","R","E","?","T","M","E","R","M","M","R","B",null,"M","?","M","?","?","E","R","M","T","M","$","T","R","M","R","B",null,"M","$","M","?","M","E","?","M","T","?","E","M","R","E","R","B",null],"character_chosen":"THE_SILENT","items_purchased":["Caltrops"],"campfire_rested":1,"item_purchase_floors":[28],"current_hp_per_floor":[63,63,56,56,56,56,44,49,49,49,46,46,46,44,44,40,66,66,66,48,47,47,32,54,52,52,48,48,48,48,48,48,37,66,66,66,66,66,66,66,66,63,69,69,69,69,69,69,69,68],"gold":32,"neow_bonus":"UPGRADE_CARD","is_prod":false,"is_daily":false,"chose_seed":false,"campfire_upgraded":7,"win_rate":0,"timestamp":1549714456,"path_taken":["M","M","?","M","$","R","E","?","T","M","E","R","M","M","R","BOSS","M","?","M","?","?","E","R","M","T","M","$","?","R","M","R","BOSS","M","$","M","?","?","E","?","M","T","?","E","M","R","E","R","BOSS"],"build_version":"2019-01-23","purchased_purges":2,"victory":true,"max_hp_per_floor":[70,70,70,70,70,70,70,75,75,75,75,75,75,75,75,75,75,75,75,75,75,75,75,75,75,75,75,75,75,75,75,75,75,75,75,75,75,75,75,75,75,75,81,77,77,77,77,77,77,77],"card_choices":[{"not_picked":["Heel Hook","Blade Dance"],"picked":"Leg Sweep","floor":1},{"not_picked":["Sucker Punch","Acrobatics"],"picked":"Dagger Spray","floor":2},{"not_picked":["Storm of Steel","Sucker Punch"],"picked":"Terror","floor":4},{"not_picked":["Catalyst","Choke"],"picked":"Poisoned Stab","floor":7},{"not_picked":["Blade Dance","Deadly Poison"],"picked":"Infinite Blades","floor":10},{"not_picked":["Cloak And Dagger","Acrobatics"],"picked":"Noxious Fumes","floor":11},{"not_picked":["Prepared","Backflip"],"picked":"Dash","floor":13},{"not_picked":["Prepared","Flechettes"],"picked":"Infinite Blades","floor":14},{"not_picked":["Unload","Venomology"],"picked":"Die Die Die","floor":16},{"not_picked":["Prepared","Outmaneuver","Deadly Poison"],"picked":"SKIP","floor":18},{"not_picked":["Choke","Deadly Poison"],"picked":"Flying Knee+1","floor":20},{"not_picked":["Sucker Punch","Slice"],"picked":"Concentrate","floor":21},{"not_picked":["Cloak And Dagger","Unload"],"picked":"Escape Plan","floor":23},{"not_picked":["Outmaneuver","Deflect+1","Blade Dance"],"picked":"SKIP","floor":25},{"not_picked":["Outmaneuver","Quick Slash+1","Bane"],"picked":"SKIP","floor":27},{"not_picked":["Masterful Stab","Riddle With Holes"],"picked":"Cloak And Dagger+1","floor":31},{"not_picked":["Glass Knife","Tools of the Trade"],"picked":"Corpse Explosion","floor":33},{"not_picked":["Cloak And Dagger","Underhanded Strike+1"],"picked":"Backflip","floor":35},{"not_picked":["Deadly Poison+1","Quick Slash","Poisoned Stab"],"picked":"SKIP","floor":37},{"not_picked":["Dagger Spray+1","Prepared"],"picked":"Infinite Blades","floor":39},{"not_picked":["Phantasmal Killer","Prepared","Slice"],"picked":"SKIP","floor":40},{"not_picked":["Underhanded Strike","Blade Dance+1"],"picked":"Infinite Blades","floor":42},{"not_picked":["Underhanded Strike+1","Slice+1"],"picked":"Dodge and Roll+1","floor":45},{"not_picked":["Skewer+1","Blade Dance"],"picked":"Endless Agony+1","floor":46},{"not_picked":["Dash","Flying Knee+1"],"picked":"Accuracy","floor":48}],"player_experience":365690,"relics_obtained":[{"floor":7,"key":"Dead Branch"},{"floor":9,"key":"Shuriken"},{"floor":11,"key":"The Courier"},{"floor":21,"key":"Red Mask"},{"floor":23,"key":"Kunai"},{"floor":26,"key":"Darkstone Periapt"},{"floor":29,"key":"Mummified Hand"},{"floor":40,"key":"Juzu Bracelet"},{"floor":43,"key":"Du-Vu Doll"},{"floor":45,"key":"FossilizedHelix"},{"floor":48,"key":"War Paint"}],"event_choices":[{"damage_healed":0,"gold_gain":0,"player_choice":"Success","damage_taken":7,"relics_obtained":["Orichalcum"],"max_hp_gain":0,"max_hp_loss":0,"event_name":"Scrap Ooze","floor":3,"gold_loss":0},{"damage_healed":0,"gold_gain":0,"player_choice":"Donut","damage_taken":0,"max_hp_gain":5,"max_hp_loss":0,"event_name":"Big Fish","floor":8,"gold_loss":0},{"damage_healed":0,"gold_gain":0,"player_choice":"Ignored","damage_taken":0,"max_hp_gain":0,"max_hp_loss":0,"event_name":"The Mausoleum","floor":19,"gold_loss":0},{"damage_healed":0,"gold_gain":0,"player_choice":"Fought Bandits","damage_taken":0,"max_hp_gain":0,"max_hp_loss":0,"event_name":"Masked Bandits","floor":21,"gold_loss":0},{"cards_removed":["Strike_G"],"damage_healed":0,"gold_gain":0,"player_choice":"Gave Gold","damage_taken":0,"max_hp_gain":0,"max_hp_loss":0,"event_name":"Beggar","floor":22,"gold_loss":75},{"damage_healed":0,"gold_gain":0,"player_choice":"Upgraded","damage_taken":0,"max_hp_gain":0,"max_hp_loss":0,"event_name":"Upgrade Shrine","floor":38,"gold_loss":0,"cards_upgraded":["Backflip"]},{"damage_healed":0,"gold_gain":222,"player_choice":"Wore Mask","damage_taken":0,"max_hp_gain":0,"max_hp_loss":0,"event_name":"Tomb of Lord Red Mask","floor":41,"gold_loss":0},{"damage_healed":0,"gold_gain":0,"player_choice":"Max HP","damage_taken":0,"max_hp_gain":0,"max_hp_loss":4,"event_name":"Winding Halls","floor":44,"gold_loss":0}],"is_beta":false,"boss_relics":[{"not_picked":["Busted Crown","Runic Pyramid"],"picked":"Ectoplasm"},{"not_picked":["Velvet Choker","Snecko Eye"],"picked":"Cursed Key"}],"items_purged_floors":[28,36],"is_endless":false,"potions_floor_spawned":[1,10,11,23,25,27,31,33,37,39,45,46,48],"ascension_level":7}