{"gold_per_floor":[109,16,16,16,26,26,55,55,78,98,98,112,129,139,139,218,218,218,16,16,16,16,16,16,16,16,16,16,16,16,16,16,16,16,16,16,16,16,16,16,16,16,16,16,16,16,16,16,16,16,16],"floor_reached":52,"playtime":3291,"items_purged":[],"score":2064,"play_id":"260ba75f-b668-429e-95b1-f4d9e1f0ee16","local_time":"20190204021006","is_ascension_mode":true,"campfire_choices":[{"data":"Wraith Form v2","floor":6,"key":"SMITH"},{"floor":8,"key":"REST"},{"data":"Poisoned Stab","floor":11,"key":"SMITH"},{"data":"Catalyst","floor":15,"key":"SMITH"},{"data":"Catalyst","floor":25,"key":"SMITH"},{"data":"Flechettes","floor":28,"key":"SMITH"},{"data":"Skewer","floor":32,"key":"SMITH"},{"data":"Wraith Form v2","floor":40,"key":"SMITH"},{"data":"Poisoned Stab","floor":49,"key":"SMITH"}],"neow_cost":"NONE","seed_source_timestamp":205007695128300,"circlet_count":0,"master_deck":["AscendersBane","Defend_G","Defend_G","Defend_G","Defend_G","Defend_G","Strike_G+1","Strike_G","Survivor+1","Neutralize+1","Poisoned Stab+1","Terror","Backflip","Wraith Form v2+1","Escape Plan","Cloak And Dagger","Catalyst+1","Catalyst+1","Flechettes+1","Bullet Time","Cloak And Dagger","Leg Sweep+1","Dash","Wraith Form v2+1","Backflip","Dodge and Roll+1","Dagger Spray","Skewer+1","Wraith Form v2+1","Skewer+1","Backstab+1","Glass Knife+1","PiercingWail+1","Leg Sweep+1","PiercingWail","PiercingWail","PiercingWail+1","Poisoned Stab+1","Deadly Poison+1"],"relics":["Runic Pyramid","Art of War","PreservedInsect","Ectoplasm","Bronze Scales","Matryoshka","Dodecahedron","Bottled Flame","Strawberry","Astrolabe","Mango","Snake Skull","Centennial Puzzle","Pantograph","Ninja Scroll","Oddly Smooth Stone"],"potions_floor_usage":[18,45,48,50],"damage_taken":[{"damage":1,"enemies":"Cultist","floor":1,"turns":4},{"damage":7,"enemies":"2 Louse","floor":5,"turns":3},{"damage":10,"enemies":"Gremlin Nob","floor":7,"turns":5},{"damage":2,"enemies":"Jaw Worm","floor":10,"turns":3},{"damage":0,"enemies":"Exordium Thugs","floor":12,"turns":5},{"damage":0,"enemies":"Looter","floor":13,"turns":3},{"damage":4,"enemies":"Lots of Slimes","floor":14,"turns":7},{"damage":12,"enemies":"The Guardian","floor":16,"turns":8},{"damage":3,"enemies":"Shell Parasite","floor":18,"turns":5},{"damage":0,"enemies":"Spheric Guardian","floor":22,"turns":6},{"damage":0,"enemies":"Gremlin Leader","floor":23,"turns":5},{"damage":1,"enemies":"Cultist and Chosen","floor":24,"turns":6},{"damage":0,"enemies":"3 Cultists","floor":27,"turns":6},{"damage":1,"enemies":"Book of Stabbing","floor":31,"turns":4},{"damage":5,"enemies":"Champ","floor":33,"turns":15},{"damage":1,"enemies":"Orb Walker","floor":35,"turns":3},{"damage":0,"enemies":"3 Darklings","floor":36,"turns":6},{"damage":0,"enemies":"Mind Bloom Boss Battle","floor":37,"turns":6},{"damage":0,"enemies":"Spire Growth","floor":38,"turns":7},{"damage":2,"enemies":"Sphere and 2 Shapes","floor":39,"turns":6},{"damage":0,"enemies":"Maw","floor":41,"turns":8},{"damage":3,"enemies":"Nemesis","floor":42,"turns":5},{"damage":0,"enemies":"3 Darklings","floor":45,"turns":6},{"damage":1,"enemies":"Giant Head","floor":46,"turns":7},{"damage":5,"enemies":"Reptomancer","floor":48,"turns":6},{"damage":17,"enemies":"Donu and Deca","floor":50,"turns":17},{"damage":53,"enemies":"Time Eater","floor":51,"turns":11}],"seed_played":"-3903707109115627701","potions_obtained":[{"floor":7,"key":"GamblersBrew"},{"floor":13,"key":"GhostInAJar"},{"floor":14,"key":"Regen Potion"},{"floor":22,"key":"SpeedPotion"},{"floor":23,"key":"Swift Potion"},{"floor":45,"key":"Fruit Juice"},{"floor":48,"key":"FearPotion"}],"is_trial":false,"path_per_floor":["M","$","?","?","M","R","E","R","T","M","R","M","M","M","R","B",null,"M","$","?","?","M","E","M","R","T","M","R","?","?","E","R","B",null,"M","M","?","M","M","R","M","E","T","?","M","E","?","E","R","B","B",null],"character_chosen":"THE_SILENT","items_purchased":["Terror","Backflip","Leg Sweep","Bronze Scales"],"campfire_rested":1,"item_purchase_floors":[2,2,19,19],"current_hp_per_floor":[58,58,38,38,31,31,21,40,40,38,38,38,38,34,34,22,55,66,66,66,66,66,66,65,65,65,65,65,65,65,71,71,66,71,70,70,84,84,82,82,82,79,79,79,84,83,83,78,78,70,34],"gold":16,"neow_bonus":"BOSS_RELIC","is_prod":false,"is_daily":false,"chose_seed":false,"campfire_upgraded":8,"win_rate":0,"timestamp":1549264206,"path_taken":["M","?","?","?","M","R","E","R","T","M","R","M","M","M","R","BOSS","M","$","?","?","M","E","M","R","T","?","R","?","?","E","R","BOSS","M","M","?","M","M","R","M","E","T","?","?","E","?","E","R","BOSS","BOSS"],"build_version":"2019-01-23","purchased_purges":0,"victory":true,"max_hp_per_floor":[66,66,66,66,66,66,66,66,66,66,66,66,66,66,66,66,66,66,66,66,66,66,66,66,66,66,66,66,66,66,73,73,73,73,73,73,87,87,87,87,87,87,87,87,92,92,87,87,87,87,87],"card_choices":[{"not_picked":["Quick Slash","Deadly Poison"],"picked":"Poisoned Stab","floor":1},{"not_picked":["Dodge and Roll","Distraction"],"picked":"Wraith Form v2","floor":5},{"not_picked":["Slice","Flying Knee"],"picked":"Escape Plan","floor":7},{"not_picked":["Accuracy","Concentrate"],"picked":"Cloak And Dagger","floor":10},{"not_picked":["Calculated Gamble","Deadly Poison"],"picked":"Catalyst","floor":12},{"not_picked":["Infinite Blades","Prepared"],"picked":"Catalyst","floor":13},{"not_picked":["Dagger Throw","PiercingWail"],"picked":"Flechettes","floor":14},{"not_picked":["Tools of the Trade","After Image"],"picked":"Bullet Time","floor":16},{"not_picked":["Dodge and Roll","Deflect"],"picked":"Cloak And Dagger","floor":18},{"not_picked":["Deflect","Terror"],"picked":"Backflip","floor":22},{"not_picked":["Flying Knee","Heel Hook"],"picked":"Dodge and Roll+1","floor":23},{"not_picked":["Slice","Deflect","Prepared"],"picked":"SKIP","floor":24},{"not_picked":["Setup","Blade Dance"],"picked":"Dagger Spray","floor":27},{"not_picked":["Dagger Spray","Concentrate"],"picked":"Skewer","floor":31},{"not_picked":["Storm of Steel","Doppelganger"],"picked":"Wraith Form v2","floor":33},{"not_picked":["Dodge and Roll","Expertise+1","Bane"],"picked":"SKIP","floor":35},{"not_picked":["Tactician","Sucker Punch"],"picked":"PiercingWail+1","floor":36},{"not_picked":["Accuracy","Underhanded Strike+1"],"picked":"Leg Sweep+1","floor":37},{"not_picked":["Endless Agony","Acrobatics"],"picked":"PiercingWail","floor":38},{"not_picked":["Slice","Choke+1","Acrobatics"],"picked":"SKIP","floor":39},{"not_picked":["A Thousand Cuts","Flechettes"],"picked":"PiercingWail","floor":41},{"not_picked":["Slice","Dagger Throw"],"picked":"PiercingWail+1","floor":42},{"not_picked":["Masterful Stab","Dagger Spray"],"picked":"Poisoned Stab","floor":45},{"not_picked":["Dagger Spray","Quick Slash","Choke"],"picked":"SKIP","floor":46},{"not_picked":["Quick Slash","All Out Attack+1"],"picked":"Deadly Poison+1","floor":48}],"player_experience":2013349,"relics_obtained":[{"floor":7,"key":"Art of War"},{"floor":9,"key":"PreservedInsect"},{"floor":23,"key":"Matryoshka"},{"floor":26,"key":"Dodecahedron"},{"floor":26,"key":"Bottled Flame"},{"floor":31,"key":"Strawberry"},{"floor":37,"key":"Mango"},{"floor":42,"key":"Snake Skull"},{"floor":43,"key":"Centennial Puzzle"},{"floor":43,"key":"Pantograph"},{"floor":46,"key":"Ninja Scroll"},{"floor":48,"key":"Oddly Smooth Stone"}],"event_choices":[{"damage_healed":0,"gold_gain":0,"player_choice":"Entered Light","damage_taken":20,"max_hp_gain":0,"max_hp_loss":0,"event_name":"Shining Light","floor":3,"gold_loss":0,"cards_upgraded":["Survivor","Strike_G"]},{"damage_healed":0,"gold_gain":0,"player_choice":"Forge","damage_taken":0,"max_hp_gain":0,"max_hp_loss":0,"event_name":"Accursed Blacksmith","floor":4,"gold_loss":0,"cards_upgraded":["Neutralize"]},{"damage_healed":0,"gold_gain":0,"player_choice":"Read","damage_taken":0,"max_hp_gain":0,"max_hp_loss":0,"event_name":"The Library","floor":20,"gold_loss":0,"cards_obtained":["Dash"]},{"damage_healed":0,"gold_gain":0,"player_choice":"Copied","damage_taken":0,"max_hp_gain":0,"max_hp_loss":0,"event_name":"Duplicator","floor":21,"gold_loss":0,"cards_obtained":["Wraith Form v2"]},{"damage_healed":0,"gold_gain":0,"player_choice":"Ignored","damage_taken":0,"max_hp_gain":0,"max_hp_loss":0,"event_name":"Ghosts","floor":29,"gold_loss":0},{"damage_healed":0,"gold_gain":0,"player_choice":"Fight","damage_taken":0,"max_hp_gain":0,"max_hp_loss":0,"event_name":"MindBloom","floor":37,"gold_loss":0},{"damage_healed":0,"gold_gain":0,"player_choice":"Upgraded","damage_taken":0,"max_hp_gain":0,"max_hp_loss":0,"event_name":"Upgrade Shrine","floor":44,"gold_loss":0,"cards_upgraded":["Leg Sweep"]},{"damage_healed":0,"gold_gain":0,"player_choice":"Max HP","damage_taken":0,"max_hp_gain":0,"max_hp_loss":5,"event_name":"Winding Halls","floor":47,"gold_loss":0}],"is_beta":true,"boss_relics":[{"not_picked":["Empty Cage","Pandora\u0027s Box"],"picked":"Ectoplasm"},{"not_picked":["Busted Crown","Snecko Eye"],"picked":"Astrolabe"}],"items_purged_floors":[],"is_endless":false,"potions_floor_spawned":[7,13,14,16,22,23,24,31,35,37,45,48],"ascension_level":20}