{"gold_per_floor":[114,44,64,64,75,75,92,111,111,111,111,123,123,143,143,222,222,242,260,260,105,5,36,36,48,48,48,48],"floor_reached":28,"playtime":1077,"items_purged":["Strike_B","Defend_B"],"score":380,"play_id":"953f1de1-3f0f-4542-bba1-f1bde45d3ac0","local_time":"20181229002124","is_ascension_mode":true,"campfire_choices":[{"data":"Defragment","floor":6,"key":"SMITH"},{"data":"Defragment","floor":11,"key":"SMITH"},{"data":"Zap","floor":13,"key":"SMITH"},{"data":"Buffer","floor":15,"key":"SMITH"},{"data":"Biased Cognition","floor":24,"key":"SMITH"},{"data":"Capacitor","floor":27,"key":"SMITH"}],"neow_cost":"NONE","seed_source_timestamp":976232025329767,"circlet_count":0,"master_deck":["AscendersBane","Strike_B","Strike_B","Defend_B","Defend_B","Defend_B","Zap+1","Dualcast","Tempest","Capacitor+1","Defragment+1","Glacier","Defragment+1","Conserve Battery","Buffer+1","Biased Cognition+1","Ball Lightning","Echo Form","Turbo","Capacitor"],"relics":["Cracked Core","Pen Nib","Runic Pyramid","Oddly Smooth Stone","Blue Candle"],"potions_floor_usage":[12,14,18],"damage_taken":[{"damage":1,"enemies":"Cultist","floor":1,"turns":3},{"damage":7,"enemies":"Small Slimes","floor":3,"turns":3},{"damage":8,"enemies":"2 Louse","floor":5,"turns":3},{"damage":3,"enemies":"Blue Slaver","floor":7,"turns":4},{"damage":34,"enemies":"Exordium Thugs","floor":8,"turns":4},{"damage":2,"enemies":"2 Fungi Beasts","floor":12,"turns":5},{"damage":3,"enemies":"Gremlin Gang","floor":14,"turns":4},{"damage":6,"enemies":"Hexaghost","floor":16,"turns":10},{"damage":0,"enemies":"Spheric Guardian","floor":18,"turns":3},{"damage":4,"enemies":"3 Byrds","floor":19,"turns":5},{"damage":33,"enemies":"Book of Stabbing","floor":23,"turns":5},{"damage":4,"enemies":"Snecko","floor":25,"turns":4},{"damage":28,"enemies":"Cultist and Chosen","floor":28,"turns":3}],"seed_played":"7421011978910643614","potions_obtained":[{"floor":1,"key":"GamblersBrew"},{"floor":7,"key":"FearPotion"},{"floor":12,"key":"AttackPotion"},{"floor":16,"key":"Fruit Juice"},{"floor":18,"key":"Dexterity Potion"}],"is_trial":false,"path_per_floor":["M","$","M","?","M","R","M","M","T","?","R","M","R","M","R","B",null,"M","M","?","$","$","E","R","M","T","R","M"],"character_chosen":"DEFECT","items_purchased":["Capacitor","Echo Form"],"campfire_rested":0,"item_purchase_floors":[2,21],"current_hp_per_floor":[74,74,67,60,52,52,49,15,15,15,15,13,13,10,10,4,63,68,64,56,56,56,23,23,19,19,19,0],"gold":48,"neow_bonus":"TEN_PERCENT_HP_BONUS","is_prod":false,"is_daily":false,"chose_seed":false,"campfire_upgraded":6,"win_rate":0,"timestamp":1546010484,"path_taken":["M","$","?","?","M","R","M","M","T","?","R","M","R","M","R","BOSS","M","M","?","?","$","E","R","M","T","R","M"],"build_version":"2018-12-20","purchased_purges":2,"victory":false,"max_hp_per_floor":[82,82,82,82,82,82,82,82,82,82,82,82,82,82,82,82,82,87,87,87,87,87,87,87,87,87,87,87],"card_choices":[{"not_picked":["Hello World","Steam"],"picked":"Tempest","floor":1},{"not_picked":["Rip and Tear","Hello World"],"picked":"Defragment","floor":3},{"not_picked":["Redo","Beam Cell"],"picked":"Glacier","floor":5},{"not_picked":["Turbo","Coolheaded"],"picked":"Defragment","floor":7},{"not_picked":["Sweeping Beam","Beam Cell","Rebound"],"picked":"SKIP","floor":8},{"not_picked":["Recycle","Sweeping Beam"],"picked":"Conserve Battery","floor":12},{"not_picked":["Auto Shields","Steam"],"picked":"Buffer","floor":14},{"not_picked":["All For One","Seek"],"picked":"Biased Cognition","floor":16},{"not_picked":["Beam Cell","Recycle","Go for the Eyes"],"picked":"SKIP","floor":18},{"not_picked":["Steam","Stack"],"picked":"Ball Lightning","floor":19},{"not_picked":["Coolheaded","Gash"],"picked":"Turbo","floor":23},{"not_picked":["Turbo","Ball Lightning"],"picked":"Capacitor","floor":25}],"player_experience":685639,"relics_obtained":[{"floor":9,"key":"Pen Nib"},{"floor":23,"key":"Oddly Smooth Stone"},{"floor":26,"key":"Blue Candle"}],"event_choices":[{"cards_removed":["Strike_B"],"damage_healed":0,"gold_gain":0,"player_choice":"Card Removal","damage_taken":7,"max_hp_gain":0,"max_hp_loss":0,"event_name":"Golden Wing","floor":4,"gold_loss":0},{"damage_healed":0,"gold_gain":0,"player_choice":"Searched \u00270\u0027 times","damage_taken":0,"max_hp_gain":0,"max_hp_loss":0,"event_name":"Dead Adventurer","floor":10,"gold_loss":0},{"damage_healed":0,"gold_gain":0,"player_choice":"","damage_taken":8,"max_hp_gain":0,"max_hp_loss":0,"event_name":"Knowing Skull","floor":20,"potions_obtained":[],"gold_loss":0,"cards_obtained":[]}],"is_beta":false,"boss_relics":[{"not_picked":["Calling Bell","Snecko Eye"],"picked":"Runic Pyramid"}],"items_purged_floors":[21,22],"is_endless":false,"potions_floor_spawned":[1,7,12,16,18],"killed_by":"Cultist and Chosen","ascension_level":13}