{"gold_per_floor":[368,17,17,17,17,49,59,59,59,75,93,93,113,138,138,241,241,260,90,90,110,128,128],"floor_reached":23,"playtime":1447,"items_purged":["Parasite","Strike_G"],"score":261,"play_id":"f0d05d6d-13f6-4fcf-8815-4793c020091d","local_time":"20190205220504","is_ascension_mode":true,"campfire_choices":[{"data":"Neutralize","floor":12,"key":"SMITH"},{"floor":15,"key":"REST"}],"neow_cost":"CURSE","seed_source_timestamp":2422212711117232,"circlet_count":0,"master_deck":["Defend_G","Defend_G","Defend_G","Defend_G","Defend_G","Strike_G","Strike_G","Strike_G","Strike_G","Survivor","Neutralize+1","Crippling Poison+1","Leg Sweep","Flying Knee","Unload","Infinite Blades","Skewer","Deadly Poison","Corpse Explosion","Deadly Poison","Catalyst","Noxious Fumes","Poisoned Stab"],"relics":["Ring of the Snake","Gremlin Horn","Strawberry","Centennial Puzzle","Tingsha","Eternal Feather"],"potions_floor_usage":[6,11,18,21,21,23],"damage_taken":[{"damage":4,"enemies":"Small Slimes","floor":1,"turns":4},{"damage":31,"enemies":"3 Sentries","floor":6,"turns":11},{"damage":0,"enemies":"2 Louse","floor":7,"turns":3},{"damage":2,"enemies":"Cultist","floor":10,"turns":4},{"damage":0,"enemies":"Lots of Slimes","floor":11,"turns":1},{"damage":1,"enemies":"Red Slaver","floor":13,"turns":4},{"damage":24,"enemies":"Gremlin Nob","floor":14,"turns":4},{"damage":21,"enemies":"Hexaghost","floor":16,"turns":10},{"damage":7,"enemies":"3 Byrds","floor":18,"turns":3},{"damage":17,"enemies":"2 Thieves","floor":21,"turns":3},{"damage":23,"enemies":"Sentry and Sphere","floor":22,"turns":5},{"damage":21,"enemies":"Slavers","floor":23,"turns":1}],"seed_played":"-2755029640299806404","potions_obtained":[{"floor":1,"key":"Fire Potion"},{"floor":7,"key":"Explosive Potion"},{"floor":13,"key":"GhostInAJar"},{"floor":14,"key":"AttackPotion"},{"floor":16,"key":"SpeedPotion"},{"floor":18,"key":"LiquidBronze"},{"floor":22,"key":"Swift Potion"}],"is_trial":false,"path_per_floor":["M","$","?","?","?","E","M","$","T","M","M","R","M","E","R","B",null,"M","$","T","M","M","E"],"character_chosen":"THE_SILENT","items_purchased":["Leg Sweep","Gremlin Horn","Catalyst"],"campfire_rested":1,"item_purchase_floors":[2,2,19],"current_hp_per_floor":[59,59,59,59,67,43,43,43,43,41,41,41,40,16,38,17,60,53,53,53,36,13,0],"gold":128,"neow_bonus":"TWO_FIFTY_GOLD","is_prod":false,"is_daily":false,"chose_seed":false,"campfire_upgraded":1,"win_rate":0,"timestamp":1549422304,"path_taken":["M","$","?","?","?","E","M","$","T","M","M","R","?","E","R","BOSS","M","$","?","M","?","E"],"build_version":"2019-01-23","purchased_purges":2,"victory":false,"max_hp_per_floor":[70,67,67,67,67,74,74,74,74,74,74,74,74,74,74,74,74,74,74,74,74,74,74],"card_choices":[{"not_picked":["Choke","Distraction"],"picked":"Crippling Poison","floor":1},{"not_picked":["Underhanded Strike","Slice"],"picked":"Flying Knee","floor":6},{"not_picked":["Concentrate","Blade Dance"],"picked":"Unload","floor":7},{"not_picked":["Blade Dance","Finisher"],"picked":"Infinite Blades","floor":10},{"not_picked":["Sucker Punch","Tactician","Acrobatics"],"picked":"SKIP","floor":11},{"not_picked":["Deflect","Dodge and Roll"],"picked":"Skewer","floor":13},{"not_picked":["Glass Knife","Flying Knee"],"picked":"Deadly Poison","floor":14},{"not_picked":["Die Die Die","Phantasmal Killer"],"picked":"Corpse Explosion","floor":16},{"not_picked":["Slice","Masterful Stab"],"picked":"Deadly Poison","floor":18},{"not_picked":["Blur+1","Dagger Spray"],"picked":"Noxious Fumes","floor":21},{"not_picked":["Heel Hook","Sucker Punch"],"picked":"Poisoned Stab","floor":22}],"player_experience":300430,"relics_obtained":[{"floor":6,"key":"Strawberry"},{"floor":9,"key":"Centennial Puzzle"},{"floor":14,"key":"Tingsha"}],"event_choices":[{"damage_healed":0,"gold_gain":0,"player_choice":"Grow","damage_taken":0,"max_hp_gain":0,"max_hp_loss":0,"event_name":"Living Wall","floor":3,"gold_loss":0,"cards_upgraded":["Crippling Poison"]},{"damage_healed":0,"gold_gain":0,"player_choice":"Leave","damage_taken":0,"max_hp_gain":0,"max_hp_loss":0,"event_name":"The Cleric","floor":4,"gold_loss":0},{"damage_healed":8,"gold_gain":0,"player_choice":"Full Heal","damage_taken":0,"max_hp_gain":0,"max_hp_loss":0,"event_name":"Wheel of Change","floor":5,"gold_loss":0}],"is_beta":false,"boss_relics":[{"not_picked":["Orrery","Philosopher\u0027s Stone"],"picked":"Eternal Feather"}],"items_purged_floors":[2,19],"is_endless":false,"potions_floor_spawned":[1,7,13,14,16,18,22],"killed_by":"Slavers","ascension_level":6}