{"gold_per_floor":[119,139,152,14,14,14,14,14,91,91,104,104,136,136,136,136],"floor_reached":16,"playtime":581,"items_purged":[],"score":196,"play_id":"3b3e2867-8bc7-4fe0-845e-13039cd66c4f","local_time":"20190120213555","is_ascension_mode":true,"campfire_choices":[{"floor":6,"key":"DIG"},{"floor":8,"key":"DIG"},{"floor":10,"key":"DIG"},{"floor":12,"key":"DIG"},{"floor":15,"key":"DIG"}],"neow_cost":"NONE","seed_source_timestamp":20880118425400,"circlet_count":0,"master_deck":["AscendersBane","Defend_G","Defend_G","Defend_G","Defend_G","Defend_G","Strike_G","Strike_G","Strike_G","Strike_G","Survivor","Neutralize","Acrobatics","Caltrops","Footwork","Deadly Poison","Dagger Throw"],"relics":["Velvet Choker","Shovel","Ancient Tea Set","Sundial","Oddly Smooth Stone","Frozen Egg 2","Blood Vial","Vajra","Strawberry","Art of War"],"potions_floor_usage":[16],"damage_taken":[{"damage":1,"enemies":"Cultist","floor":1,"turns":5},{"damage":1,"enemies":"Small Slimes","floor":2,"turns":5},{"damage":0,"enemies":"Jaw Worm","floor":3,"turns":4},{"damage":0,"enemies":"2 Fungi Beasts","floor":11,"turns":5},{"damage":17,"enemies":"Lagavulin","floor":13,"turns":7},{"damage":43,"enemies":"Hexaghost","floor":16,"turns":12}],"seed_played":"-1020411075256864368","potions_obtained":[{"floor":13,"key":"SteroidPotion"}],"is_trial":false,"path_per_floor":["M","M","M","$","?","R","T","R","T","R","M","R","E","?","R","B"],"character_chosen":"THE_SILENT","items_purchased":["Footwork","Deadly Poison"],"campfire_rested":0,"item_purchase_floors":[4,4],"current_hp_per_floor":[58,57,57,57,52,52,52,52,52,52,54,54,46,39,39,0],"gold":136,"neow_bonus":"BOSS_RELIC","is_prod":false,"is_daily":false,"chose_seed":false,"campfire_upgraded":0,"win_rate":0,"timestamp":1548038155,"path_taken":["M","M","?","$","?","R","?","R","T","R","M","R","E","?","R","BOSS"],"build_version":"2019-01-16","purchased_purges":0,"victory":false,"max_hp_per_floor":[66,66,66,66,66,66,66,66,66,66,66,66,73,73,73,73],"card_choices":[{"not_picked":["Deflect","Blade Dance"],"picked":"Acrobatics","floor":1},{"not_picked":["PiercingWail","Tactician"],"picked":"Caltrops","floor":2},{"not_picked":["Bane","Acrobatics","Masterful Stab"],"picked":"SKIP","floor":3},{"not_picked":["Quick Slash","Accuracy+1"],"picked":"Dagger Throw","floor":11},{"not_picked":["Prepared","Storm of Steel","Setup"],"picked":"SKIP","floor":13}],"player_experience":1912107,"relics_obtained":[{"floor":6,"key":"Ancient Tea Set"},{"floor":7,"key":"Sundial"},{"floor":8,"key":"Oddly Smooth Stone"},{"floor":9,"key":"Frozen Egg 2"},{"floor":10,"key":"Blood Vial"},{"floor":12,"key":"Vajra"},{"floor":13,"key":"Strawberry"},{"floor":15,"key":"Art of War"}],"event_choices":[{"damage_healed":0,"gold_gain":0,"player_choice":"Success","damage_taken":5,"relics_obtained":["Shovel"],"max_hp_gain":0,"max_hp_loss":0,"event_name":"Scrap Ooze","floor":5,"gold_loss":0},{"cards_removed":["Strike_G"],"damage_healed":0,"gold_gain":0,"player_choice":"Card Removal","damage_taken":7,"max_hp_gain":0,"max_hp_loss":0,"event_name":"Golden Wing","floor":14,"gold_loss":0}],"is_beta":true,"boss_relics":[],"items_purged_floors":[],"is_endless":false,"potions_floor_spawned":[13],"killed_by":"Hexaghost","ascension_level":20}