{"gold_per_floor":[114,129,141,59,59,59,29,42,42,42,54,54,54,65,65,162,162,178,178,103,34,48,48],"floor_reached":23,"playtime":1195,"items_purged":[],"score":315,"play_id":"65261a55-2897-4859-b8e5-597ab7dceae1","local_time":"20181114185718","is_ascension_mode":true,"campfire_choices":[{"data":"Creative AI","floor":6,"key":"SMITH"},{"floor":10,"key":"REST"},{"data":"Creative AI","floor":12,"key":"SMITH"},{"data":"Go for the Eyes","floor":15,"key":"SMITH"}],"neow_cost":"PERCENT_DAMAGE","seed_source_timestamp":164369414507976,"circlet_count":0,"master_deck":["AscendersBane","Strike_B","Strike_B","Strike_B","Strike_B","Defend_B","Defend_B","Defend_B","Defend_B","Zap","Dualcast","Coolheaded","Self Repair","Ball Lightning","Creative AI+1","Creative AI+1","Turbo","Go for the Eyes+1","Coolheaded","Electrodynamics","Conserve Battery","Ghostly","Ghostly","Ghostly","Ghostly","Ghostly","Conserve Battery","Self Repair","Cold Snap+1"],"relics":["Cracked Core","Anchor","Darkstone Periapt","Inserter"],"potions_floor_usage":[22],"damage_taken":[{"damage":0,"enemies":"Cultist","floor":1,"turns":3},{"damage":2,"enemies":"Jaw Worm","floor":2,"turns":5},{"damage":0,"enemies":"Small Slimes","floor":3,"turns":3},{"damage":9,"enemies":"Looter","floor":7,"turns":4},{"damage":56,"enemies":"Lots of Slimes","floor":8,"turns":5},{"damage":15,"enemies":"Exordium Thugs","floor":11,"turns":4},{"damage":11,"enemies":"Blue Slaver","floor":14,"turns":3},{"damage":19,"enemies":"Hexaghost","floor":16,"turns":7},{"damage":28,"enemies":"Chosen","floor":18,"turns":7},{"damage":3,"enemies":"2 Thieves","floor":20,"turns":5},{"damage":28,"enemies":"Snecko","floor":22,"turns":9},{"damage":41,"enemies":"Gremlin Leader","floor":23,"turns":7}],"seed_played":"7680269487273444154","potions_obtained":[{"floor":2,"key":"EssenceOfSteel"},{"floor":8,"key":"SkillPotion"},{"floor":11,"key":"FocusPotion"},{"floor":22,"key":"AttackPotion"}],"is_trial":false,"path_per_floor":["M","M","M","$","?","R","M","M","T","R","M","R","$","M","R","B",null,"M","?","M","$","M","E"],"character_chosen":"DEFECT","items_purchased":["Creative AI","Self Repair"],"campfire_rested":1,"item_purchase_floors":[4,21],"current_hp_per_floor":[64,62,69,69,69,69,67,18,18,44,36,36,36,32,32,13,70,42,42,39,39,25,0],"gold":48,"neow_bonus":"TWENTY_PERCENT_HP_BONUS","is_prod":false,"is_daily":false,"chose_seed":false,"campfire_upgraded":3,"win_rate":0,"timestamp":1542189438,"path_taken":["M","?","M","$","?","R","M","M","T","R","?","R","?","M","R","BOSS","M","?","M","$","M","E"],"build_version":"2018-11-08","purchased_purges":0,"victory":false,"max_hp_per_floor":[89,89,89,89,89,89,89,89,89,89,89,89,89,89,89,89,89,89,44,44,44,44,44],"card_choices":[{"not_picked":["Turbo","Cold Snap"],"picked":"Coolheaded","floor":1},{"not_picked":["Barrage","Streamline"],"picked":"Self Repair","floor":2},{"not_picked":["Sweeping Beam","Steam"],"picked":"Ball Lightning","floor":3},{"not_picked":["Ball Lightning","Steam"],"picked":"Creative AI","floor":7},{"not_picked":["FTL","Fusion"],"picked":"Turbo","floor":8},{"not_picked":["Storm","Cold Snap"],"picked":"Go for the Eyes","floor":11},{"not_picked":["Rip and Tear","Gash"],"picked":"Coolheaded","floor":14},{"not_picked":["Core Surge","Seek"],"picked":"Electrodynamics","floor":16},{"not_picked":["FTL","Recycle"],"picked":"Conserve Battery","floor":18},{"not_picked":["Ball Lightning","Auto Shields"],"picked":"Conserve Battery","floor":20},{"not_picked":["Compile Driver","Turbo"],"picked":"Cold Snap+1","floor":22}],"player_experience":557934,"relics_obtained":[{"floor":9,"key":"Darkstone Periapt"}],"event_choices":[{"damage_healed":0,"gold_gain":0,"player_choice":"Gave Potion","damage_taken":0,"relics_obtained":["Anchor"],"max_hp_gain":0,"max_hp_loss":0,"event_name":"WeMeetAgain","floor":5,"gold_loss":0},{"damage_healed":0,"gold_gain":0,"player_choice":"Became a Ghost","damage_taken":0,"max_hp_gain":0,"max_hp_loss":45,"event_name":"Ghosts","floor":19,"gold_loss":0,"cards_obtained":["Ghostly","Ghostly","Ghostly","Ghostly","Ghostly"]}],"is_beta":false,"boss_relics":[{"not_picked":["Tiny House","Ectoplasm"],"picked":"Inserter"}],"items_purged_floors":[],"is_endless":false,"potions_floor_spawned":[2,8,11,22],"killed_by":"Gremlin Leader","ascension_level":12}