{"gold_per_floor":[111,126,143,153,153,153,483,82,82,82,92,108,108,118,118,214,214,233,35,35,53,63,63,83,83,83,113,38,38,49,59,59,157,207,222,104,114,132,65,65,65,65,65,81,92,108,118,138,138,138],"floor_reached":51,"playtime":5168,"items_purged":[],"score":727,"play_id":"da727ba4-fee3-42e1-a8b3-c78dc7baf42f","local_time":"20190129185640","is_ascension_mode":false,"campfire_choices":[{"data":"Noxious Fumes","floor":6,"key":"SMITH"},{"floor":15,"key":"REST"},{"floor":23,"key":"REST"},{"data":"Footwork","floor":25,"key":"SMITH"},{"floor":32,"key":"REST"},{"floor":40,"key":"REST"},{"data":"Deflect","floor":42,"key":"SMITH"},{"floor":49,"key":"REST"}],"neow_cost":"NONE","seed_source_timestamp":1790068555411843,"circlet_count":0,"master_deck":["Defend_G","Defend_G+1","Defend_G","Defend_G","Defend_G","Strike_G","Strike_G","Strike_G","Survivor","Neutralize","Noxious Fumes+1","Noxious Fumes","Escape Plan","Predator","Acrobatics","Noxious Fumes+1","Bandage Up+1","Flechettes","Footwork+1","Skewer","Corpse Explosion","Deflect+1","Deflect","Acrobatics","Corpse Explosion","PiercingWail","Bouncing Flask","Adrenaline","Footwork+1","Backstab+1","Dash","Noxious Fumes+1","Well Laid Plans","Adrenaline","PiercingWail","Parasite","Backflip","PiercingWail+1"],"relics":["Ring of the Snake","Old Coin","Omamori","Sundial","Sozu","TwistedFunnel","Dodecahedron","Kunai","Potion Belt","Tiny House","Tiny Chest","Vajra"],"potions_floor_usage":[11,16],"damage_taken":[{"damage":0,"enemies":"2 Louse","floor":1,"turns":2},{"damage":0,"enemies":"Jaw Worm","floor":2,"turns":5},{"damage":2,"enemies":"Small Slimes","floor":3,"turns":5},{"damage":0,"enemies":"2 Fungi Beasts","floor":4,"turns":4},{"damage":18,"enemies":"Lagavulin","floor":7,"turns":7},{"damage":26,"enemies":"Exordium Thugs","floor":11,"turns":5},{"damage":6,"enemies":"Large Slime","floor":12,"turns":5},{"damage":13,"enemies":"Lots of Slimes","floor":14,"turns":4},{"damage":32,"enemies":"Hexaghost","floor":16,"turns":8},{"damage":6,"enemies":"Chosen","floor":18,"turns":4},{"damage":21,"enemies":"2 Thieves","floor":21,"turns":4},{"damage":18,"enemies":"Shelled Parasite and Fungi","floor":22,"turns":6},{"damage":10,"enemies":"Sentry and Sphere","floor":24,"turns":4},{"damage":30,"enemies":"Slavers","floor":27,"turns":5},{"damage":16,"enemies":"Centurion and Healer","floor":30,"turns":3},{"damage":17,"enemies":"Snecko","floor":31,"turns":6},{"damage":52,"enemies":"Champ","floor":33,"turns":13},{"damage":11,"enemies":"Orb Walker","floor":35,"turns":5},{"damage":0,"enemies":"3 Darklings","floor":37,"turns":3},{"damage":23,"enemies":"Maw","floor":38,"turns":7},{"damage":7,"enemies":"Jaw Worm Horde","floor":44,"turns":3},{"damage":14,"enemies":"Writhing Mass","floor":45,"turns":7},{"damage":11,"enemies":"Sphere and 2 Shapes","floor":46,"turns":6},{"damage":5,"enemies":"Jaw Worm Horde","floor":47,"turns":6},{"damage":4,"enemies":"Spire Growth","floor":48,"turns":6},{"damage":48,"enemies":"Donu and Deca","floor":50,"turns":8}],"seed_played":"7235742349405185863","potions_obtained":[{"floor":3,"key":"Fire Potion"},{"floor":11,"key":"Poison Potion"}],"is_trial":false,"path_per_floor":["M","M","M","M","?","R","E","$","T","?","M","M","?","M","R","B",null,"M","$","?","M","M","R","M","R","T","E","?","?","M","M","R","B",null,"M","$","M","M","$","R","?","R","T","M","M","M","M","M","R","B",null],"character_chosen":"THE_SILENT","items_purchased":["Noxious Fumes","Bandage Up","Flechettes","Omamori","TwistedFunnel","Tiny Chest","Well Laid Plans"],"campfire_rested":5,"item_purchase_floors":[8,8,8,8,19,36,39],"current_hp_per_floor":[77,77,75,75,80,80,62,62,62,82,60,58,42,35,59,33,82,82,82,82,67,55,79,75,75,75,51,51,51,41,30,54,8,87,76,76,82,64,64,87,87,87,87,86,73,68,69,71,87,45],"gold":138,"neow_bonus":"TEN_PERCENT_HP_BONUS","is_prod":false,"is_daily":false,"chose_seed":false,"campfire_upgraded":3,"win_rate":0.0,"timestamp":1548824200,"path_taken":["M","M","M","M","?","R","E","$","T","?","M","M","?","M","R","BOSS","M","$","?","M","M","R","M","R","T","E","?","?","?","M","R","BOSS","M","$","M","M","$","R","?","R","T","M","?","M","M","?","R","BOSS"],"build_version":"2019-01-23","purchased_purges":0,"victory":true,"max_hp_per_floor":[77,77,77,77,82,82,82,82,82,82,82,82,82,82,82,82,82,82,82,82,82,82,82,82,82,82,82,82,82,82,82,82,82,87,87,87,87,87,87,87,87,87,87,87,87,87,87,87,87,87],"card_choices":[{"not_picked":["Bane","Prepared"],"picked":"Noxious Fumes","floor":1},{"not_picked":["Infinite Blades","All Out Attack"],"picked":"Noxious Fumes","floor":2},{"not_picked":["Outmaneuver","All Out Attack"],"picked":"Escape Plan","floor":3},{"not_picked":["Bane","Backflip"],"picked":"Predator","floor":4},{"not_picked":["Underhanded Strike","Poisoned Stab"],"picked":"Acrobatics","floor":7},{"not_picked":["Eviscerate","Dagger Throw","Slice"],"picked":"SKIP","floor":11},{"not_picked":["Sucker Punch","Riddle With Holes"],"picked":"Footwork","floor":12},{"not_picked":["Deadly Poison","Underhanded Strike"],"picked":"Skewer","floor":14},{"not_picked":["Night Terror","Wraith Form v2"],"picked":"Corpse Explosion","floor":16},{"not_picked":["Dagger Throw","Acrobatics"],"picked":"Deflect","floor":18},{"not_picked":["Reflex+1","Eviscerate","Sucker Punch"],"picked":"SKIP","floor":21},{"not_picked":["PiercingWail+1","Quick Slash"],"picked":"Deflect","floor":22},{"not_picked":["Predator","Infinite Blades"],"picked":"Acrobatics","floor":24},{"not_picked":["Riddle With Holes+1","Blade Dance+1","Infinite Blades"],"picked":"SKIP","floor":27},{"not_picked":["Noxious Fumes","Heel Hook+1"],"picked":"PiercingWail","floor":30},{"not_picked":["Quick Slash","Slice"],"picked":"Bouncing Flask","floor":31},{"not_picked":["Envenom","Venomology"],"picked":"Adrenaline","floor":33},{"not_picked":["Deflect","Outmaneuver"],"picked":"Footwork+1","floor":34},{"not_picked":["Leg Sweep","Deflect+1"],"picked":"Backstab+1","floor":35},{"not_picked":["Underhanded Strike+1","Sucker Punch"],"picked":"Dash","floor":37},{"not_picked":["Terror","Sucker Punch+1"],"picked":"Noxious Fumes+1","floor":38},{"not_picked":["Caltrops","Poisoned Stab+1"],"picked":"PiercingWail","floor":44},{"not_picked":["Heel Hook","Riddle With Holes+1"],"picked":"Backflip","floor":45},{"not_picked":["Deadly Poison","Well Laid Plans+1","Outmaneuver+1"],"picked":"SKIP","floor":46},{"not_picked":["Glass Knife","Blade Dance"],"picked":"PiercingWail+1","floor":47},{"not_picked":["Outmaneuver+1","Calculated Gamble","Blade Dance"],"picked":"SKIP","floor":48}],"player_experience":43335,"relics_obtained":[{"floor":7,"key":"Old Coin"},{"floor":9,"key":"Sundial"},{"floor":26,"key":"Kunai"},{"floor":27,"key":"Potion Belt"},{"floor":43,"key":"Vajra"}],"event_choices":[{"damage_healed":0,"gold_gain":0,"player_choice":"Donut","damage_taken":0,"max_hp_gain":5,"max_hp_loss":0,"event_name":"Big Fish","floor":5,"gold_loss":0},{"damage_healed":20,"gold_gain":0,"player_choice":"Healed and dodged fight","damage_taken":0,"max_hp_gain":0,"max_hp_loss":0,"event_name":"Mushrooms","floor":10,"gold_loss":0,"cards_obtained":["Parasite"]},{"damage_healed":0,"gold_gain":0,"player_choice":"Entered Light","damage_taken":16,"max_hp_gain":0,"max_hp_loss":0,"event_name":"Shining Light","floor":13,"gold_loss":0,"cards_upgraded":["Defend_G","Bandage Up"]},{"damage_healed":0,"gold_gain":0,"player_choice":"Stole Relic","damage_taken":0,"relics_obtained":["Dodecahedron"],"max_hp_gain":0,"max_hp_loss":0,"event_name":"Addict","floor":20,"gold_loss":0,"cards_obtained":["Shame"]},{"cards_removed":["Strike_G"],"damage_healed":0,"gold_gain":0,"player_choice":"Gave Gold","damage_taken":0,"max_hp_gain":0,"max_hp_loss":0,"event_name":"Beggar","floor":28,"gold_loss":75},{"damage_healed":0,"gold_gain":0,"cards_transformed":["Strike_G"],"player_choice":"Transformed","damage_taken":0,"max_hp_gain":0,"max_hp_loss":0,"event_name":"Transmorgrifier","floor":29,"gold_loss":0,"cards_obtained":["Corpse Explosion"]},{"damage_healed":0,"gold_gain":0,"player_choice":"Copied","damage_taken":0,"max_hp_gain":0,"max_hp_loss":0,"event_name":"Duplicator","floor":41,"gold_loss":0,"cards_obtained":["Adrenaline"]}],"is_beta":false,"boss_relics":[{"not_picked":["Calling Bell","Ring of the Serpent"],"picked":"Sozu"},{"not_picked":["Runic Dome","Busted Crown"],"picked":"Tiny House"}],"items_purged_floors":[],"is_endless":false,"potions_floor_spawned":[3,11,22,24,27,33,37,45,46,47],"ascension_level":0}