{"gold_per_floor":[119,139,156,156,169,169,189,222,269,296,316,344,344,372,372,468,468,485,485,485,495,509,509,509],"floor_reached":24,"playtime":2191,"items_purged":[],"score":264,"play_id":"39ce0a06-2a7d-49ea-b6ab-9da8b45c6721","local_time":"20190102132334","is_ascension_mode":true,"campfire_choices":[{"floor":6,"key":"REST"},{"floor":13,"key":"REST"},{"floor":15,"key":"REST"},{"floor":23,"key":"REST"}],"neow_cost":"NONE","seed_source_timestamp":659004591070788,"circlet_count":0,"master_deck":["Defend_G","Defend_G+1","Defend_G+1","Defend_G+1","Survivor+1","Neutralize","Dagger Throw","Riddle With Holes","Flying Knee","Infinite Blades","Flechettes","Footwork","Crippling Poison","Dagger Spray","Noxious Fumes","Infinite Blades","Venomology","Slice+1","Bite","Bite","Bite","Bite","Bite","Dagger Throw","Finisher"],"relics":["Empty Cage","Incense Burner","War Paint","The Courier","Orichalcum","Ornamental Fan","Fusion Hammer","Blood Vial"],"potions_floor_usage":[12,12,16,18,24,24],"damage_taken":[{"damage":0,"enemies":"Jaw Worm","floor":1,"turns":5},{"damage":6,"enemies":"Small Slimes","floor":2,"turns":3},{"damage":2,"enemies":"2 Louse","floor":3,"turns":3},{"damage":5,"enemies":"2 Fungi Beasts","floor":5,"turns":4},{"damage":10,"enemies":"Looter","floor":7,"turns":4},{"damage":29,"enemies":"3 Sentries","floor":8,"turns":9},{"damage":4,"enemies":"Gremlin Nob","floor":10,"turns":5},{"damage":1,"enemies":"3 Louse","floor":11,"turns":3},{"damage":20,"enemies":"Lagavulin","floor":12,"turns":6},{"damage":1,"enemies":"Gremlin Nob","floor":14,"turns":5},{"damage":11,"enemies":"The Guardian","floor":16,"turns":12},{"damage":21,"enemies":"2 Thieves","floor":18,"turns":4},{"damage":8,"enemies":"3 Byrds","floor":21,"turns":5},{"damage":9,"enemies":"Centurion and Healer","floor":22,"turns":6},{"damage":66,"enemies":"Gremlin Leader","floor":24,"turns":6}],"seed_played":"-7602262362354297121","potions_obtained":[{"floor":2,"key":"AttackPotion"},{"floor":8,"key":"Weak Potion"},{"floor":11,"key":"Regen Potion"},{"floor":14,"key":"Strength Potion"},{"floor":16,"key":"Strength Potion"},{"floor":18,"key":"Swift Potion"}],"is_trial":false,"path_per_floor":["M","M","M","?","M","R","M","E","T","E","M","E","R","E","R","B",null,"M","?","?","M","M","R","E"],"character_chosen":"THE_SILENT","items_purchased":[],"campfire_rested":4,"item_purchase_floors":[],"current_hp_per_floor":[70,64,62,48,43,64,54,25,25,21,20,15,36,35,56,45,70,49,49,49,43,49,49,0],"gold":509,"neow_bonus":"BOSS_RELIC","is_prod":false,"is_daily":false,"chose_seed":false,"campfire_upgraded":0,"win_rate":0,"timestamp":1546453414,"path_taken":["M","M","M","?","M","R","M","E","T","E","M","E","R","E","R","BOSS","M","?","?","M","M","R","E"],"build_version":"2018-12-20","purchased_purges":0,"victory":false,"max_hp_per_floor":[70,70,70,70,70,70,70,70,70,70,70,70,70,70,70,70,70,70,49,49,49,49,49,49],"card_choices":[{"not_picked":["Dagger Spray","Deflect"],"picked":"Dagger Throw","floor":1},{"not_picked":["Deflect","Skewer"],"picked":"Riddle With Holes","floor":2},{"not_picked":["Outmaneuver","Sucker Punch"],"picked":"Flying Knee","floor":3},{"not_picked":["Bane","Underhanded Strike"],"picked":"Infinite Blades","floor":5},{"not_picked":["Sucker Punch","Bouncing Flask"],"picked":"Flechettes","floor":7},{"not_picked":["Well Laid Plans","Escape Plan"],"picked":"Footwork","floor":8},{"not_picked":["Deadly Poison","Dagger Spray"],"picked":"Crippling Poison","floor":10},{"not_picked":["Tools of the Trade","Concentrate"],"picked":"Dagger Spray","floor":11},{"not_picked":["PiercingWail","Doppelganger"],"picked":"Noxious Fumes","floor":12},{"not_picked":["Endless Agony","Predator"],"picked":"Infinite Blades","floor":14},{"not_picked":["Tools of the Trade","Unload"],"picked":"Venomology","floor":16},{"not_picked":["Underhanded Strike","Dagger Throw"],"picked":"Slice+1","floor":18},{"not_picked":["Poisoned Stab","Choke"],"picked":"Dagger Throw","floor":21},{"not_picked":["Endless Agony","Crippling Poison"],"picked":"Finisher","floor":22}],"player_experience":116339,"relics_obtained":[{"floor":8,"key":"Incense Burner"},{"floor":9,"key":"War Paint"},{"floor":10,"key":"The Courier"},{"floor":12,"key":"Orichalcum"},{"floor":14,"key":"Ornamental Fan"}],"event_choices":[{"damage_healed":0,"gold_gain":0,"player_choice":"Entered Light","damage_taken":14,"max_hp_gain":0,"max_hp_loss":0,"event_name":"Shining Light","floor":4,"gold_loss":0,"cards_upgraded":["Defend_G","Defend_G"]},{"damage_healed":0,"gold_gain":0,"player_choice":"Became a vampire","damage_taken":0,"max_hp_gain":0,"max_hp_loss":21,"event_name":"Vampires","floor":19,"gold_loss":0,"cards_obtained":["Bite","Bite","Bite","Bite","Bite"]},{"damage_healed":0,"gold_gain":0,"player_choice":"Opened","damage_taken":0,"relics_obtained":["Blood Vial"],"max_hp_gain":0,"max_hp_loss":0,"event_name":"The Mausoleum","floor":20,"gold_loss":0}],"is_beta":false,"boss_relics":[{"not_picked":["Snecko Eye","Ectoplasm"],"picked":"Fusion Hammer"}],"items_purged_floors":[],"is_endless":false,"potions_floor_spawned":[2,8,11,14,16,18,22],"killed_by":"Gremlin Leader","ascension_level":1}