{"gold_per_floor":[115,132,53,71,26,26,26,26,26,26,26,26,26,37,37,132,132,148,164,164,181,198,233,233,252,252,263,14,14,34,47,47,47],"floor_reached":33,"playtime":2202,"items_purged":[],"score":412,"play_id":"edb77e5a-11db-42b7-9276-17bbaf37861a","local_time":"20190207132150","is_ascension_mode":true,"campfire_choices":[{"data":"Neutralize","floor":6.0,"key":"SMITH"},{"data":"Footwork","floor":8.0,"key":"SMITH"},{"data":"Leg Sweep","floor":11.0,"key":"SMITH"},{"data":"PiercingWail","floor":13.0,"key":"SMITH"},{"floor":15,"key":"REST"},{"floor":24,"key":"REST"},{"data":"After Image","floor":29,"key":"SMITH"},{"data":"A Thousand Cuts","floor":32,"key":"SMITH"}],"neow_cost":"NONE","seed_source_timestamp":0,"circlet_count":0,"master_deck":["Survivor","Neutralize+1","Footwork+1","PiercingWail+1","Leg Sweep+1","Well Laid Plans","After Image+1","Distraction+1","Cloak And Dagger+1","Phantasmal Killer+1","Setup+1","Backflip+1","Tools of the Trade","Deadly Poison+1","Envenom","Backstab","Blur+1","Infinite Blades","Dash","Corpse Explosion+1","Dagger Spray","A Thousand Cuts+1","Poisoned Stab","Blade Dance+1","Cloak And Dagger+1","Masterful Stab"],"special_seed":0,"relics":["Ring of the Snake","NeowsBlessing","Toxic Egg 2","Pandora\u0027s Box","Ancient Tea Set","Question Card","Meat on the Bone"],"potions_floor_usage":[23,23],"damage_taken":[{"damage":0.0,"enemies":"Cultist","floor":1.0,"turns":1.0},{"damage":0.0,"enemies":"2 Louse","floor":2.0,"turns":1.0},{"damage":0.0,"enemies":"Small Slimes","floor":4.0,"turns":1.0},{"damage":0.0,"enemies":"Looter","floor":5.0,"turns":5.0},{"damage":0.0,"enemies":"Lagavulin","floor":10.0,"turns":2.0},{"damage":37,"enemies":"Gremlin Gang","floor":14,"turns":9},{"damage":31,"enemies":"The Guardian","floor":16,"turns":28},{"damage":2,"enemies":"Shell Parasite","floor":18,"turns":6},{"damage":8,"enemies":"3 Byrds","floor":19,"turns":7},{"damage":11,"enemies":"Sentry and Sphere","floor":21,"turns":6},{"damage":7,"enemies":"3 Cultists","floor":22,"turns":5},{"damage":24,"enemies":"Gremlin Leader","floor":23,"turns":8},{"damage":5,"enemies":"Chosen and Byrds","floor":25,"turns":7},{"damage":1,"enemies":"Shelled Parasite and Fungi","floor":27,"turns":8},{"damage":0,"enemies":"Cultist and Chosen","floor":30,"turns":8},{"damage":3,"enemies":"Snake Plant","floor":31,"turns":5},{"damage":39,"enemies":"Champ","floor":33,"turns":9}],"seed_played":"5754903197685465296","potions_obtained":[{"floor":1.0,"key":"SmokeBomb"},{"floor":16,"key":"Explosive Potion"},{"floor":19,"key":"GhostInAJar"},{"floor":23,"key":"SteroidPotion"},{"floor":25,"key":"SteroidPotion"},{"floor":31,"key":"FearPotion"}],"is_trial":false,"path_per_floor":["M","M","$","M","M","R","?","R","T","E","R","?","R","M","R","B",null,"M","M","?","M","M","E","R","M","T","M","$","R","M","M","R","B"],"character_chosen":"THE_SILENT","items_purchased":["Leg Sweep","Meat on the Bone"],"campfire_rested":2,"item_purchase_floors":[3,28],"current_hp_per_floor":[63,63,63,63,63,63,63,63,63,63,63,56,56,19,40,9,55,53,45,45,34,27,3,24,19,19,18,18,18,30,39,39,0],"gold":47,"neow_bonus":"THREE_ENEMY_KILL","is_prod":false,"is_daily":false,"chose_seed":false,"campfire_upgraded":6,"win_rate":0,"timestamp":1549563710,"path_taken":["M","?","?","M","M","R","?","R","T","E","R","?","R","M","R","BOSS","M","M","?","M","M","E","R","?","T","M","$","R","M","M","R","BOSS"],"build_version":"2019-01-23","purchased_purges":0,"victory":false,"max_hp_per_floor":[70,70,70,70,70,70,70,70,70,70,70,70,70,70,70,70,70,70,70,70,70,70,70,70,70,70,70,70,70,70,70,70,70],"card_choices":[{"not_picked":["Flying Knee","Bane"],"picked":"Footwork","floor":1.0},{"not_picked":["Predator","Dagger Throw"],"picked":"PiercingWail","floor":2.0},{"not_picked":["Quick Slash","Tools of the Trade","Reflex"],"picked":"SKIP","floor":4.0},{"not_picked":["Distraction","Flechettes","Bane"],"picked":"SKIP","floor":5.0},{"not_picked":["Prepared+1","Slice"],"picked":"Well Laid Plans","floor":14},{"not_picked":["Phantasmal Killer+1","Corpse Explosion+1"],"picked":"After Image","floor":16},{"not_picked":["Leg Sweep+1","Concentrate+1"],"picked":"Blur+1","floor":18},{"not_picked":["Bouncing Flask+1","Blur+1"],"picked":"Infinite Blades","floor":19},{"not_picked":["Expertise+1","Underhanded Strike","Sucker Punch"],"picked":"SKIP","floor":21},{"not_picked":["Terror+1","Escape Plan+1"],"picked":"Dagger Spray","floor":22},{"not_picked":["Caltrops","Skewer"],"picked":"A Thousand Cuts","floor":23},{"not_picked":["Calculated Gamble+1","Sucker Punch"],"picked":"Poisoned Stab","floor":25},{"not_picked":["Flying Knee+1","Slice","Predator"],"picked":"Blade Dance+1","floor":27},{"not_picked":["PiercingWail+1","Underhanded Strike","Bane"],"picked":"Cloak And Dagger+1","floor":30},{"not_picked":["Predator+1","Endless Agony","Setup+1"],"picked":"Masterful Stab","floor":31}],"player_experience":469866,"relics_obtained":[{"floor":9.0,"key":"Toxic Egg 2"},{"floor":23,"key":"Ancient Tea Set"},{"floor":26,"key":"Question Card"}],"event_choices":[{"damage_healed":0.0,"max_hp_gain":0.0,"max_hp_loss":0.0,"gold_gain":0.0,"event_name":"Liars Game","player_choice":"Ignored","floor":7.0,"gold_loss":0.0,"damage_taken":0.0},{"cards_removed":["Defend_G"],"damage_healed":0.0,"max_hp_gain":0.0,"max_hp_loss":0.0,"gold_gain":0.0,"event_name":"Golden Wing","player_choice":"Card Removal","floor":12.0,"gold_loss":0.0,"damage_taken":7.0},{"damage_healed":0,"gold_gain":0,"player_choice":"2 cards matched","damage_taken":0,"max_hp_gain":0,"max_hp_loss":0,"event_name":"Match and Keep!","floor":20,"gold_loss":0,"cards_obtained":["Dash","Corpse Explosion"]}],"is_beta":false,"boss_relics":[{"not_picked":["HoveringKite","Black Star"],"picked":"Pandora\u0027s Box"}],"items_purged_floors":[],"is_endless":false,"potions_floor_spawned":[1,10,16,19,23,25,31],"killed_by":"Champ","ascension_level":8}