{"gold_per_floor":[114,134,134,134,151,151,164,221,244,279,311,352,539,579,591,603],"floor_reached":16,"playtime":813,"items_purged":[],"score":169,"play_id":"6eeb63c6-f590-4e7a-ad76-fbd844b6ed1a","local_time":"20190108005116","is_ascension_mode":true,"campfire_choices":[{"data":"Shockwave","floor":6,"key":"SMITH"},{"data":"Dropkick","floor":15,"key":"SMITH"}],"neow_cost":"PERCENT_DAMAGE","seed_source_timestamp":90859313265775,"circlet_count":0,"master_deck":["Strike_R","Strike_R","Strike_R","Strike_R","Defend_R","Defend_R+1","Defend_R+1","Defend_R","Bash","Heavy Blade","Shockwave+1","Dropkick+1","Doubt"],"relics":["Burning Blood","PreservedInsect","MawBank","War Paint","Bronze Scales"],"potions_floor_usage":[10,14,14],"damage_taken":[{"damage":1,"enemies":"Cultist","floor":1,"turns":4},{"damage":2,"enemies":"Jaw Worm","floor":2,"turns":3},{"damage":2,"enemies":"Small Slimes","floor":5,"turns":3},{"damage":4,"enemies":"2 Fungi Beasts","floor":7,"turns":4},{"damage":10,"enemies":"Lagavulin","floor":10,"turns":5},{"damage":0,"enemies":"Large Slime","floor":11,"turns":5},{"damage":13,"enemies":"Gremlin Nob","floor":12,"turns":3},{"damage":22,"enemies":"3 Sentries","floor":14,"turns":7},{"damage":68,"enemies":"Slime Boss","floor":16,"turns":8}],"seed_played":"-2213308374826334233","potions_obtained":[{"floor":2,"key":"Energy Potion"},{"floor":11,"key":"Dexterity Potion"},{"floor":12,"key":"LiquidBronze"}],"is_trial":false,"path_per_floor":["M","M","$","?","M","R","M","?","T","E","M","E","?","E","R","B"],"character_chosen":"IRONCLAD","items_purchased":[],"campfire_rested":0,"item_purchase_floors":[],"current_hp_per_floor":[77,81,81,81,85,85,87,87,87,83,89,82,82,66,66,0],"gold":603,"neow_bonus":"TWENTY_PERCENT_HP_BONUS","is_prod":false,"is_daily":false,"chose_seed":false,"campfire_upgraded":2,"win_rate":0,"timestamp":1546930276,"path_taken":["M","M","$","?","?","R","M","?","T","E","M","E","?","E","R","BOSS"],"build_version":"2019-01-03v4","purchased_purges":0,"victory":false,"max_hp_per_floor":[96,96,96,96,96,96,96,96,96,96,96,96,96,96,96,96],"card_choices":[{"not_picked":["True Grit","Sword Boomerang","Combust"],"picked":"SKIP","floor":1},{"not_picked":["Twin Strike","Armaments"],"picked":"Heavy Blade","floor":2},{"not_picked":["Shrug It Off","Double Tap"],"picked":"Shockwave","floor":5},{"not_picked":["Evolve","Wild Strike","Headbutt"],"picked":"SKIP","floor":7},{"not_picked":["Hemokinesis","Sever Soul"],"picked":"Dropkick","floor":10},{"not_picked":["Clash","Armaments","Whirlwind"],"picked":"SKIP","floor":11},{"not_picked":["Clothesline","True Grit","Bloodletting"],"picked":"SKIP","floor":12},{"not_picked":["Power Through","Burning Pact","True Grit"],"picked":"SKIP","floor":14}],"player_experience":282265,"relics_obtained":[{"floor":9,"key":"PreservedInsect"},{"floor":10,"key":"MawBank"},{"floor":12,"key":"War Paint"},{"floor":14,"key":"Bronze Scales"}],"event_choices":[{"cards_removed":["Strike_R"],"damage_healed":0,"gold_gain":0,"player_choice":"Offered Basic","damage_taken":0,"max_hp_gain":0,"max_hp_loss":0,"event_name":"Bonfire Elementals","floor":4,"gold_loss":0},{"damage_healed":0,"gold_gain":57,"player_choice":"Gained Gold","damage_taken":0,"max_hp_gain":0,"max_hp_loss":0,"event_name":"Golden Wing","floor":8,"gold_loss":0},{"damage_healed":0,"gold_gain":175,"player_choice":"AGREE","damage_taken":0,"max_hp_gain":0,"max_hp_loss":0,"event_name":"Liars Game","floor":13,"gold_loss":0,"cards_obtained":["Doubt"]}],"is_beta":false,"boss_relics":[],"items_purged_floors":[],"is_endless":false,"potions_floor_spawned":[2,11,12],"killed_by":"Slime Boss","ascension_level":4}