{"gold_per_floor":[114,29,29,44,59,59,89,89,114,114,114,129,54,84,84,184,184,199,299,79,154,169,199,214,124,174,199,214,244,244,259,259,259],"floor_reached":33,"playtime":2016,"items_purged":["Dual Wield","Bloodletting"],"score":368,"play_id":"fb794691-f247-4ff6-98e8-df354480d51e","local_time":"20181001082743","daily_mods":["Insanity","Time Dilation","Night Terrors"],"is_ascension_mode":false,"campfire_choices":[{"data":"Bludgeon","floor":6,"key":"SMITH"},{"data":"Armaments","floor":8,"key":"SMITH"},{"data":"Immolate","floor":11,"key":"SMITH"},{"data":"Perfected Strike","floor":15,"key":"SMITH"},{"data":"Demon Form","floor":30,"key":"SMITH"},{"data":"Barricade","floor":32,"key":"SMITH"}],"neow_cost":"","seed_source_timestamp":0,"circlet_count":0,"master_deck":["Rupture","Second Wind+1","True Grit+1","Cleave","Demon Form+1","Fiend Fire","Barricade+1","Whirlwind","Bludgeon+1","Corruption","Corruption","Entrench","Wild Strike","Juggernaut","Heavy Blade","Rampage","Clothesline","Sword Boomerang","Twin Strike","Immolate+1","Infernal Blade","Entrench","Pummel","Juggernaut","Reckless Charge","Heavy Blade","Anger+1","Wild Strike","Wild Strike","Infernal Blade","Havoc","Burning Pact","Clash+1","Flame Barrier","Heavy Blade","Blood for Blood","Blood for Blood","Havoc","Flex","Burning Pact","Power Through","Double Tap","Cleave","Juggernaut","Perfected Strike+1","Flex+1","Intimidate","Perfected Strike","Infernal Blade","Shrug It Off","Seeing Red","Armaments+1","Immolate","Immolate","Metallicize","Inflame","Rupture"],"special_seed":17805,"relics":["Black Blood","Ancient Tea Set","Strawberry","Odd Mushroom","PreservedInsect","Magic Flower","Mummified Hand","Tiny Chest","The Courier","Smiling Mask","Vajra","Red Skull","War Paint"],"potions_floor_usage":[7,16,19,23,29,33,33],"damage_taken":[{"damage":0,"enemies":"2 Louse","floor":1,"turns":2},{"damage":0,"enemies":"Cultist","floor":4,"turns":2},{"damage":0,"enemies":"Small Slimes","floor":5,"turns":2},{"damage":27,"enemies":"3 Sentries","floor":7,"turns":6},{"damage":0,"enemies":"The Mushroom Lair","floor":10,"turns":2},{"damage":1,"enemies":"Looter","floor":12,"turns":2},{"damage":17,"enemies":"Gremlin Nob","floor":14,"turns":4},{"damage":33,"enemies":"Hexaghost","floor":16,"turns":8},{"damage":10,"enemies":"3 Byrds","floor":18,"turns":3},{"damage":29,"enemies":"Colosseum Slavers","floor":19,"turns":3},{"damage":19,"enemies":"Colosseum Nobs","floor":19,"turns":4},{"damage":9,"enemies":"Chosen","floor":22,"turns":4},{"damage":30,"enemies":"Slavers","floor":23,"turns":4},{"damage":20,"enemies":"Centurion and Healer","floor":24,"turns":3},{"damage":14,"enemies":"Shelled Parasite and Fungi","floor":28,"turns":3},{"damage":0,"enemies":"Gremlin Leader","floor":29,"turns":4},{"damage":10,"enemies":"Snecko","floor":31,"turns":4},{"damage":91,"enemies":"Champ","floor":33,"turns":9}],"seed_played":"-408315225933563274","potions_obtained":[{"floor":1,"key":"Fire Potion"},{"floor":4,"key":"SpeedPotion"},{"floor":10,"key":"Ancient Potion"},{"floor":16,"key":"BloodPotion"},{"floor":19,"key":"Explosive Potion"},{"floor":22,"key":"BloodPotion"},{"floor":28,"key":"FearPotion"},{"floor":29,"key":"Block Potion"}],"is_trial":false,"path_per_floor":["M","$","?","M","M","R","E","R","T","?","R","M","$","E","R","B",null,"M","?","$","T","M","E","M","?","T","T","M","E","R","M","R"],"character_chosen":"IRONCLAD","items_purchased":["Infernal Blade","Shrug It Off","Tiny Chest"],"campfire_rested":0,"item_purchase_floors":[2,2,20],"current_hp_per_floor":[80,80,64,70,76,76,55,55,62,68,68,73,73,62,62,35,87,87,67,67,67,73,70,65,65,65,65,66,81,81,86,86,0],"gold":259,"neow_bonus":"","is_prod":false,"is_daily":true,"chose_seed":false,"campfire_upgraded":6,"win_rate":0,"timestamp":1538396863,"path_taken":["M","$","?","M","M","R","E","R","T","?","R","?","$","E","R","BOSS","M","?","?","?","M","E","?","?","T","?","M","E","R","M","R","BOSS"],"build_version":"2018-09-27","purchased_purges":2,"victory":false,"max_hp_per_floor":[80,80,80,80,80,80,80,80,87,87,87,87,87,87,87,87,87,87,87,87,87,87,87,87,87,87,87,87,87,87,87,87,87],"card_choices":[{"not_picked":["Thunderclap","Clash"],"picked":"Perfected Strike","floor":1},{"not_picked":["Flex","Inflame"],"picked":"Seeing Red","floor":4},{"not_picked":["Second Wind","Cleave","True Grit"],"picked":"SKIP","floor":5},{"not_picked":["Flex","Sword Boomerang"],"picked":"Armaments","floor":7},{"not_picked":["Fiend Fire","Twin Strike","Entrench"],"picked":"SKIP","floor":12},{"not_picked":["Fire Breathing","Flame Barrier"],"picked":"Immolate","floor":14},{"not_picked":["Double Tap","Fiend Fire"],"picked":"Immolate","floor":16},{"not_picked":["Shockwave","Heavy Blade+1","Wild Strike"],"picked":"SKIP","floor":18},{"not_picked":["Wild Strike","Armaments","Second Wind"],"picked":"SKIP","floor":22},{"not_picked":["Flex","Seeing Red"],"picked":"Metallicize","floor":23},{"not_picked":["Heavy Blade","Reaper","True Grit"],"picked":"SKIP","floor":24},{"not_picked":["Iron Wave","Havoc+1","Carnage"],"picked":"SKIP","floor":28},{"not_picked":["Double Tap","Perfected Strike"],"picked":"Inflame","floor":29},{"not_picked":["Infernal Blade","Headbutt"],"picked":"Rupture","floor":31}],"player_experience":141877,"relics_obtained":[{"floor":7,"key":"Ancient Tea Set"},{"floor":9,"key":"Strawberry"},{"floor":10,"key":"Odd Mushroom"},{"floor":14,"key":"PreservedInsect"},{"floor":19,"key":"Magic Flower"},{"floor":19,"key":"Mummified Hand"},{"floor":21,"key":"The Courier"},{"floor":23,"key":"Smiling Mask"},{"floor":26,"key":"Vajra"},{"floor":27,"key":"Red Skull"},{"floor":29,"key":"War Paint"}],"event_choices":[{"event_name":"Shining Light","player_choice":"Entered Light","floor":3,"damage_taken":0},{"event_name":"Mushrooms","player_choice":"Fought Mushrooms","floor":10,"damage_taken":0},{"event_name":"Colosseum","player_choice":"Fight","floor":19,"damage_taken":0},{"event_name":"Colosseum","player_choice":"Fought Nobs","floor":19,"damage_taken":0},{"event_name":"Designer","player_choice":"Full Service","floor":25,"damage_taken":0}],"is_beta":false,"boss_relics":[{"not_picked":["Runic Pyramid","Ectoplasm"],"picked":"Black Blood"}],"items_purged_floors":[13,20],"is_endless":false,"potions_floor_spawned":[1,4,10,16,19,22,28,29],"killed_by":"Champ","ascension_level":0}