{"gold_per_floor":[111,124,124,137,61,61,79,154,154,192,212,235,53,66,66,196,196,221,221,210,210,224,224],"floor_reached":23,"playtime":831,"items_purged":["Strike_R"],"score":220,"play_id":"146d0149-8c7b-47c4-aec4-f1ce1c830db0","local_time":"20190127090315","is_ascension_mode":false,"campfire_choices":[{"data":"Inflame","floor":6,"key":"SMITH"},{"floor":15,"key":"REST"}],"neow_cost":"NONE","seed_source_timestamp":59552681452581,"circlet_count":0,"master_deck":["Strike_R","Strike_R","Strike_R","Strike_R","Defend_R","Defend_R","Defend_R","Defend_R","Bash","Heavy Blade","Feed","Inflame+1","Cleave","Armaments","Heavy Blade","Spot Weakness+1"],"relics":["Burning Blood","Bag of Preparation","Golden Idol","The Courier","Happy Flower","Black Star"],"potions_floor_usage":[7,16,20,22,22,22],"damage_taken":[{"damage":4,"enemies":"Small Slimes","floor":1,"turns":4},{"damage":1,"enemies":"Jaw Worm","floor":2,"turns":4},{"damage":1,"enemies":"2 Louse","floor":4,"turns":2},{"damage":4,"enemies":"Large Slime","floor":7,"turns":4},{"damage":31,"enemies":"Lagavulin","floor":10,"turns":5},{"damage":0,"enemies":"3 Louse","floor":11,"turns":2},{"damage":5,"enemies":"Looter","floor":12,"turns":3},{"damage":3,"enemies":"Exordium Wildlife","floor":14,"turns":3},{"damage":47,"enemies":"The Guardian","floor":16,"turns":9},{"damage":14,"enemies":"Chosen","floor":18,"turns":6},{"damage":25,"enemies":"2 Thieves","floor":20,"turns":4},{"damage":50,"enemies":"Centurion and Healer","floor":22,"turns":10},{"damage":35,"enemies":"Gremlin Leader","floor":23,"turns":2}],"seed_played":"-2521784551134129279","potions_obtained":[{"floor":1,"key":"AttackPotion"},{"floor":4,"key":"LiquidBronze"},{"floor":7,"key":"GamblersBrew"},{"floor":12,"key":"Swift Potion"},{"floor":16,"key":"AttackPotion"},{"floor":20,"key":"Explosive Potion"}],"is_trial":false,"path_per_floor":["M","M","?","M","$","R","M","?","T","E","M","M","$","M","R","B",null,"M","$","M","?","M","E"],"character_chosen":"IRONCLAD","items_purchased":["Inflame","Happy Flower"],"campfire_rested":1,"item_purchase_floors":[5,13],"current_hp_per_floor":[80,80,60,65,65,65,70,59,59,34,43,47,47,53,80,43,96,88,88,69,69,29,0],"gold":224,"neow_bonus":"RANDOM_COMMON_RELIC","is_prod":false,"is_daily":false,"chose_seed":false,"campfire_upgraded":1,"win_rate":0,"timestamp":1548597795,"path_taken":["M","M","?","M","$","R","M","?","T","E","M","M","$","M","R","BOSS","M","$","M","?","M","E"],"build_version":"2019-01-23","purchased_purges":1,"victory":false,"max_hp_per_floor":[80,80,80,80,80,80,83,83,83,83,86,89,89,92,92,96,96,96,96,96,96,100,100],"card_choices":[{"not_picked":["Dual Wield","Pummel","Shockwave"],"picked":"SKIP","floor":1},{"not_picked":["Warcry","Pommel Strike"],"picked":"Heavy Blade","floor":2},{"not_picked":["Warcry","Reckless Charge"],"picked":"Feed","floor":4},{"not_picked":["Evolve","Feel No Pain"],"picked":"Cleave","floor":7},{"not_picked":["Hemokinesis","Wild Strike"],"picked":"Armaments","floor":10},{"not_picked":["Bloodletting","Clash","Clothesline"],"picked":"SKIP","floor":11},{"not_picked":["Shockwave","Second Wind","Bloodletting"],"picked":"SKIP","floor":12},{"not_picked":["Rage","Evolve"],"picked":"Heavy Blade","floor":14},{"not_picked":["Carnage+1","Sword Boomerang+1","Evolve"],"picked":"SKIP","floor":18},{"not_picked":["Clash+1","Power Through","Reckless Charge"],"picked":"SKIP","floor":20},{"not_picked":["Twin Strike","Ghostly Armor"],"picked":"Spot Weakness+1","floor":22}],"player_experience":124396,"relics_obtained":[{"floor":10,"key":"The Courier"}],"event_choices":[{"damage_healed":0,"gold_gain":0,"player_choice":"Take Damage","damage_taken":20,"relics_obtained":["Golden Idol"],"max_hp_gain":0,"max_hp_loss":0,"event_name":"Golden Idol","floor":3,"gold_loss":0},{"damage_healed":0,"gold_gain":75,"player_choice":"Gather Gold","damage_taken":11,"max_hp_gain":0,"max_hp_loss":0,"event_name":"World of Goop","floor":8,"gold_loss":0},{"damage_healed":0,"gold_gain":0,"player_choice":"Ignored","damage_taken":0,"max_hp_gain":0,"max_hp_loss":0,"event_name":"Vampires","floor":21,"gold_loss":0}],"is_beta":false,"boss_relics":[{"not_picked":["Fusion Hammer","Calling Bell"],"picked":"Black Star"}],"items_purged_floors":[13],"is_endless":false,"potions_floor_spawned":[1,4,7,12,16,20],"killed_by":"Gremlin Leader","ascension_level":0}