{"gold_per_floor":[113,113,113,194,219,219,235,276,276,295,326,326,106,142,142,241,241,256,281,281,281,281,281,320,345,345,381,416,432,17,53,53,143,143,166,190,65,83,107,140,140,156,228,261,40,40,84,99,99,99,99],"floor_reached":52,"playtime":4882,"items_purged":["Strike_G","Strike_G","Strike_G"],"score":2111,"play_id":"442e35b9-efdb-487b-9499-2c9d92e6ec51","local_time":"20181128192510","is_ascension_mode":true,"campfire_choices":[{"data":"Neutralize","floor":6.0,"key":"SMITH"},{"data":"Deadly Poison","floor":12,"key":"SMITH"},{"data":"Well Laid Plans","floor":15,"key":"SMITH"},{"data":"Malaise","floor":23,"key":"SMITH"},{"data":"Cloak And Dagger","floor":32,"key":"SMITH"},{"data":"Concentrate","floor":41,"key":"SMITH"},{"data":"Corpse Explosion","floor":49,"key":"SMITH"}],"neow_cost":"NONE","seed_source_timestamp":478194311222600,"circlet_count":0,"master_deck":["AscendersBane","Defend_G","Defend_G","Defend_G","Defend_G","Defend_G","Strike_G+1","Strike_G+1","Survivor","Neutralize+1","Cloak And Dagger+1","Quick Slash+1","Dagger Spray+1","Unload+1","Dagger Throw+1","Deadly Poison+1","Backflip","Dash+1","Well Laid Plans+1","Malaise+1","Prepared+1","Corpse Explosion+1","RitualDagger+1","Deflect","After Image","Noxious Fumes+1","Concentrate+1","Backflip","After Image","Dodge and Roll","Backflip","Dodge and Roll+1","Blur","Blur","Malaise+1","Terror+1","PiercingWail+1"],"special_seed":0,"relics":["Eternal Feather","Golden Idol","Molten Egg 2","Bag of Marbles","Ninja Scroll","Lantern","Kunai","White Beast Statue","MutagenicStrength","Mercury Hourglass","Regal Pillow","Turnip","Red Mask","Pocketwatch","Meat on the Bone","Coffee Dripper","Tingsha","Letter Opener","Centennial Puzzle","Toxic Egg 2"],"potions_floor_usage":[11,11,24,25,28,31,38,40,42,44,44,45,47,50,50],"damage_taken":[{"damage":1.0,"enemies":"Small Slimes","floor":1.0,"turns":4.0},{"damage":0.0,"enemies":"2 Louse","floor":5.0,"turns":3.0},{"damage":0,"enemies":"Jaw Worm","floor":7,"turns":4},{"damage":21,"enemies":"3 Sentries","floor":8,"turns":8},{"damage":0,"enemies":"2 Fungi Beasts","floor":10,"turns":1},{"damage":0,"enemies":"Gremlin Nob","floor":11,"turns":2},{"damage":7,"enemies":"3 Sentries","floor":14,"turns":5},{"damage":11,"enemies":"The Guardian","floor":16,"turns":10},{"damage":0,"enemies":"3 Byrds","floor":18,"turns":5},{"damage":0,"enemies":"Chosen","floor":19,"turns":3},{"damage":4,"enemies":"Gremlin Leader","floor":24,"turns":6},{"damage":0,"enemies":"Snecko","floor":25,"turns":1},{"damage":0,"enemies":"Slavers","floor":27,"turns":1},{"damage":0,"enemies":"Masked Bandits","floor":28,"turns":4},{"damage":0,"enemies":"3 Cultists","floor":29,"turns":3},{"damage":2,"enemies":"Book of Stabbing","floor":31,"turns":4},{"damage":30,"enemies":"Champ","floor":33,"turns":18},{"damage":0,"enemies":"Orb Walker","floor":35,"turns":1},{"damage":0,"enemies":"3 Darklings","floor":36,"turns":4},{"damage":0,"enemies":"Maw","floor":38,"turns":7},{"damage":3,"enemies":"Spire Growth","floor":39,"turns":5},{"damage":10,"enemies":"Giant Head","floor":40,"turns":10},{"damage":10,"enemies":"Transient","floor":42,"turns":6},{"damage":15,"enemies":"Nemesis","floor":44,"turns":3},{"damage":0,"enemies":"Reptomancer","floor":47,"turns":5},{"damage":5,"enemies":"Writhing Mass","floor":48,"turns":6},{"damage":2,"enemies":"Awakened One","floor":50,"turns":22},{"damage":7,"enemies":"Time Eater","floor":51,"turns":19}],"seed_played":"4515567405557108343","potions_obtained":[{"floor":1.0,"key":"Fruit Juice"},{"floor":10,"key":"Poison Potion"},{"floor":14,"key":"FearPotion"},{"floor":16,"key":"Swift Potion"},{"floor":19,"key":"AttackPotion"},{"floor":24,"key":"Block Potion"},{"floor":25,"key":"Weak Potion"},{"floor":28,"key":"Fire Potion"},{"floor":31,"key":"SpeedPotion"},{"floor":36,"key":"Regen Potion"},{"floor":38,"key":"Block Potion"},{"floor":39,"key":"Regen Potion"},{"floor":40,"key":"Strength Potion"},{"floor":42,"key":"Fire Potion"},{"floor":44,"key":"Fruit Juice"},{"floor":47,"key":"LiquidBronze"}],"is_trial":false,"path_per_floor":["M","?","?","T","M","R","M","E","T","M","E","R","$","E","R","B",null,"M","M","?","?","?","R","E","M","T","E","?","M","$","E","R","B",null,"M","M","$","M","M","E","R","M","T","E","$","?","E","M","R","B","B",null],"character_chosen":"THE_SILENT","items_purchased":["Backflip","Dash+1","Pocketwatch","GhostInAJar","Blur","PowerPotion"],"campfire_rested":0,"item_purchase_floors":[13,13,30,45,45,45],"current_hp_per_floor":[58,58,40,40,40,49,49,28,28,28,33,42,42,35,47,36,58,58,58,58,58,52,65,61,61,61,61,61,61,61,59,65,35,58,58,58,58,65,62,61,65,55,55,40,45,45,45,40,61,59,52],"gold":99,"neow_bonus":"BOSS_RELIC","is_prod":false,"is_daily":false,"chose_seed":false,"campfire_upgraded":7,"win_rate":0,"timestamp":1543451110,"path_taken":["M","?","?","?","M","R","M","E","T","M","E","R","$","E","R","BOSS","M","M","?","?","?","R","E","M","T","E","?","M","$","E","R","BOSS","M","M","$","M","M","E","R","M","T","E","$","?","E","M","R","BOSS","BOSS"],"build_version":"2018-11-15","purchased_purges":3,"victory":true,"max_hp_per_floor":[66,60,60,60,60,60,60,60,60,60,65,65,65,65,65,65,65,65,65,65,65,65,65,65,65,65,65,65,65,65,65,65,65,65,65,65,65,65,65,65,65,65,65,65,70,70,70,70,70,70,70],"card_choices":[{"not_picked":["Flechettes","Bane"],"picked":"Cloak And Dagger","floor":1.0},{"not_picked":["Deadly Poison","Acrobatics"],"picked":"Quick Slash+1","floor":5.0},{"not_picked":["Reflex","Leg Sweep"],"picked":"Dagger Spray+1","floor":7},{"not_picked":["Acrobatics","Caltrops"],"picked":"Unload+1","floor":8},{"not_picked":["Endless Agony+1","Prepared"],"picked":"Dagger Throw+1","floor":10},{"not_picked":["Masterful Stab+1","Prepared"],"picked":"Deadly Poison","floor":11},{"not_picked":["Leg Sweep","Bane+1"],"picked":"Well Laid Plans","floor":14},{"not_picked":["Doppelganger","Storm of Steel"],"picked":"Malaise","floor":16},{"not_picked":["Dagger Throw+1","Outmaneuver"],"picked":"Prepared+1","floor":18},{"not_picked":["Flying Knee+1","Masterful Stab+1","Quick Slash+1"],"picked":"SKIP","floor":19},{"not_picked":["Prepared","Choke+1"],"picked":"Deflect","floor":24},{"not_picked":["Poisoned Stab+1","Quick Slash+1"],"picked":"After Image","floor":25},{"not_picked":["Poisoned Stab+1","Quick Slash+1"],"picked":"Noxious Fumes+1","floor":27},{"not_picked":["Sucker Punch+1","All Out Attack+1"],"picked":"Concentrate","floor":28},{"not_picked":["Heel Hook+1","Acrobatics","Outmaneuver"],"picked":"SKIP","floor":29},{"not_picked":["Terror","Bane+1"],"picked":"Backflip","floor":31},{"not_picked":["Burst","Unload+1"],"picked":"After Image","floor":33},{"not_picked":["Distraction","Eviscerate+1"],"picked":"Dodge and Roll","floor":35},{"not_picked":["Acrobatics","Heel Hook+1"],"picked":"Backflip","floor":36},{"not_picked":["Sucker Punch+1","Blade Dance","Footwork+1"],"picked":"SKIP","floor":38},{"not_picked":["Sucker Punch+1","Outmaneuver","Dagger Throw+1"],"picked":"SKIP","floor":39},{"not_picked":["Tactician","Sucker Punch+1","All Out Attack+1"],"picked":"SKIP","floor":40},{"not_picked":["Tactician","Sucker Punch+1","All Out Attack+1"],"picked":"SKIP","floor":40},{"not_picked":["Tactician","Sucker Punch+1","All Out Attack+1"],"picked":"SKIP","floor":40},{"not_picked":["Tactician","Sucker Punch+1","All Out Attack+1"],"picked":"SKIP","floor":40},{"not_picked":["Tactician+1","All Out Attack+1"],"picked":"Dodge and Roll+1","floor":42},{"not_picked":["Flying Knee+1","Dagger Throw+1"],"picked":"Blur","floor":44},{"not_picked":["Doppelganger","Quick Slash+1"],"picked":"Terror","floor":47},{"not_picked":["Dagger Throw+1","Quick Slash+1"],"picked":"PiercingWail+1","floor":48}],"player_experience":1712478,"relics_obtained":[{"floor":4.0,"key":"Molten Egg 2"},{"floor":8,"key":"Bag of Marbles"},{"floor":9,"key":"Ninja Scroll"},{"floor":11,"key":"Lantern"},{"floor":14,"key":"Kunai"},{"floor":24,"key":"Mercury Hourglass"},{"floor":26,"key":"Regal Pillow"},{"floor":27,"key":"Turnip"},{"floor":28,"key":"Red Mask"},{"floor":31,"key":"Meat on the Bone"},{"floor":40,"key":"Tingsha"},{"floor":43,"key":"Letter Opener"},{"floor":44,"key":"Centennial Puzzle"},{"floor":47,"key":"Toxic Egg 2"}],"event_choices":[{"damage_healed":0.0,"max_hp_gain":0.0,"max_hp_loss":6.0,"gold_gain":0.0,"event_name":"Golden Idol","player_choice":"Lose Max HP","floor":2.0,"gold_loss":0.0,"damage_taken":0.0,"relics_obtained":["Golden Idol"]},{"damage_healed":0.0,"max_hp_gain":0.0,"max_hp_loss":0.0,"gold_gain":0.0,"event_name":"Shining Light","player_choice":"Entered Light","floor":3.0,"gold_loss":0.0,"damage_taken":18.0,"cards_upgraded":["Strike_G","Strike_G"]},{"damage_healed":0,"gold_gain":0,"player_choice":"Read","damage_taken":0,"max_hp_gain":0,"max_hp_loss":0,"event_name":"The Library","floor":20,"gold_loss":0,"cards_obtained":["Corpse Explosion"]},{"damage_healed":0,"gold_gain":0,"player_choice":"Inject Mutagens","damage_taken":0,"relics_obtained":["MutagenicStrength"],"max_hp_gain":0,"max_hp_loss":0,"event_name":"Drug Dealer","floor":21,"gold_loss":0},{"damage_healed":0,"gold_gain":0,"player_choice":"Joined the Cult","damage_taken":6,"max_hp_gain":0,"max_hp_loss":0,"event_name":"Nest","floor":22,"gold_loss":0,"cards_obtained":["RitualDagger"]},{"damage_healed":0,"gold_gain":0,"player_choice":"Fought Bandits","damage_taken":0,"max_hp_gain":0,"max_hp_loss":0,"event_name":"Masked Bandits","floor":28,"gold_loss":0},{"damage_healed":0,"gold_gain":0,"player_choice":"Copied","damage_taken":0,"max_hp_gain":0,"max_hp_loss":0,"event_name":"Duplicator","floor":46,"gold_loss":0,"cards_obtained":["Malaise"]}],"is_beta":true,"boss_relics":[{"not_picked":["Velvet Choker","Calling Bell"],"picked":"White Beast Statue"},{"not_picked":["Snecko Eye","Sozu"],"picked":"Coffee Dripper"}],"items_purged_floors":[13,30,37],"is_endless":false,"potions_floor_spawned":[1,10,14,16,18,19,24,25,27,28,29,31,33,35,36,38,39,40,42,44,47,48],"ascension_level":20}