{"path_per_floor":["M","M","?","$","?","R","$","R","T","$","E","T","R","M","R","B",null,"M","?","?","M","?","R","M","M","T","M","M","R","$","?","R","B",null,"M","?","M","M","$","R","E","?","T","M","R","M","M","$","R","B"],"character_chosen":"DEFECT","items_purchased":["Loop","Turbo","Capacitor","Ball Lightning","Bottled Lightning","Ball Lightning","Loop"],"gold_per_floor":[115,135,135,60,135,135,0,0,53,28,61,86,86,96,96,197,197,211,211,211,231,321,321,335,348,371,381,396,396,176,208,208,312,312,328,328,346,363,7,7,41,41,68,79,79,98,113,57,57,57],"floor_reached":51,"campfire_rested":4,"playtime":2760,"item_purchase_floors":[7,10,30,30,39,39,48],"current_hp_per_floor":[75,73,66,66,55,55,55,55,55,55,39,39,39,39,39,11,75,72,58,58,50,34,58,45,43,43,43,30,54,54,54,54,41,80,70,70,69,69,69,69,50,50,50,35,59,59,44,44,68,29],"items_purged":["Strike_B","Strike_B","Strike_B","Normality"],"gold":57,"score":675,"play_id":"70414123-eb2e-4505-bc1d-7e3a9aa4aea0","local_time":"20180601220636","is_prod":false,"is_daily":false,"chose_seed":false,"is_ascension_mode":false,"campfire_upgraded":6,"win_rate":0,"timestamp":1527858396,"campfire_choices":[{"data":"Dualcast","floor":6,"key":"SMITH"},{"data":"Loop","floor":8,"key":"SMITH"},{"data":"Zap","floor":13,"key":"SMITH"},{"data":"Turbo","floor":15,"key":"SMITH"},{"floor":23,"key":"REST"},{"floor":29,"key":"REST"},{"data":"Capacitor","floor":32,"key":"SMITH"},{"data":"Seek","floor":40,"key":"SMITH"},{"floor":45,"key":"REST"},{"floor":49,"key":"REST"}],"path_taken":["M","M","?","$","?","R","$","R","T","?","E","?","R","M","R","BOSS","M","?","?","?","?","R","M","M","T","M","M","R","$","?","R","BOSS","M","?","M","M","$","R","E","?","T","M","R","?","M","?","R","BOSS"],"build_version":"2018-05-30v2","seed_source_timestamp":42076032426636,"purchased_purges":4,"victory":true,"master_deck":["Defend_B","Defend_B","Defend_B+1","Defend_B","Zap+1","Dualcast+1","Turbo+1","Cold Snap","Loop+1","Turbo+1","Melter","Ball Lightning","Seek+1","Coolheaded","FTL","Defragment+1","Beam Cell","Consume+1","Capacitor+1","Ball Lightning","Auto Shields+1","Thunder Strike","Ball Lightning","Double Energy+1","Loop+1","Ball Lightning","Barrage+1","Steam Power+1","Aggregate+1","Loop"],"max_hp_per_floor":[75,75,75,75,75,75,75,75,75,75,75,75,75,75,75,75,75,75,80,80,80,80,80,80,80,80,80,80,80,80,80,80,80,80,80,80,80,80,80,80,80,80,80,80,80,80,80,80,80,80],"relics":["Cracked Core","Boot","Centennial Puzzle","Omamori","Sozu","Orichalcum","Bag of Preparation","Red Mask","Calling Bell","Pen Nib","The Courier","Thread and Needle","Bottled Lightning","DataDisk","War Paint"],"card_choices":[{"not_picked":["Reinforced Body","Gash"],"picked":"Turbo","floor":1},{"not_picked":["Conserve Battery","Rebound"],"picked":"Cold Snap","floor":2},{"not_picked":["Conserve Battery","Multi-Cast"],"picked":"Melter","floor":11},{"not_picked":["Redo","Compile Driver"],"picked":"Ball Lightning","floor":14},{"not_picked":["Hyperbeam","Meteor Strike"],"picked":"Seek","floor":16},{"not_picked":["Scrape","Melter"],"picked":"Coolheaded","floor":18},{"not_picked":["Redo","Genetic Algorithm"],"picked":"FTL","floor":21},{"not_picked":["Beam Cell","Self Repair"],"picked":"Defragment+1","floor":24},{"not_picked":["Hello World","Conserve Battery"],"picked":"Beam Cell","floor":25},{"not_picked":["Chaos+1","Darkness"],"picked":"Melter+1","floor":27},{"not_picked":["Compile Driver","Chaos"],"picked":"Consume+1","floor":28},{"not_picked":["Conserve Battery","Streamline"],"picked":"Auto Shields+1","floor":31},{"not_picked":["Buffer","Hyperbeam"],"picked":"Thunder Strike","floor":33},{"not_picked":["Hello World","Stack+1"],"picked":"Ball Lightning","floor":35},{"not_picked":["Sunder+1","Genetic Algorithm+1"],"picked":"Double Energy+1","floor":37},{"not_picked":["Steam","Compile Driver+1"],"picked":"Loop+1","floor":38},{"not_picked":["Fission","Force Field+1"],"picked":"Barrage+1","floor":41},{"not_picked":["Beam Cell+1","Reprogram"],"picked":"Steam Power+1","floor":44},{"not_picked":["Doom and Gloom","Chaos"],"picked":"Aggregate+1","floor":46},{"not_picked":["Blizzard+1","Hello World+1","Streamline"],"picked":"SKIP","floor":47}],"player_experience":227213,"potions_floor_usage":[],"damage_taken":[{"damage":0,"enemies":"Small Slimes","floor":1,"turns":2},{"damage":2,"enemies":"2 Louse","floor":2,"turns":2},{"damage":16,"enemies":"Lagavulin","floor":11,"turns":8},{"damage":0,"enemies":"Cultist","floor":14,"turns":4},{"damage":28,"enemies":"The Guardian","floor":16,"turns":10},{"damage":3,"enemies":"Shell Parasite","floor":18,"turns":5},{"damage":8,"enemies":"2 Thieves","floor":21,"turns":3},{"damage":13,"enemies":"Snake Plant","floor":24,"turns":3},{"damage":2,"enemies":"Centurion and Healer","floor":25,"turns":5},{"damage":0,"enemies":"Cultist and Chosen","floor":27,"turns":5},{"damage":13,"enemies":"Snake Plant","floor":28,"turns":3},{"damage":0,"enemies":"ï¢ñ ÇÃìêëØ","floor":31,"turns":3},{"damage":13,"enemies":"Champ","floor":33,"turns":8},{"damage":10,"enemies":"3 Darklings","floor":35,"turns":5},{"damage":1,"enemies":"3 Shapes","floor":37,"turns":4},{"damage":0,"enemies":"Transient","floor":38,"turns":5},{"damage":19,"enemies":"Giant Head","floor":41,"turns":6},{"damage":15,"enemies":"3 Darklings","floor":44,"turns":3},{"damage":0,"enemies":"Sphere and 2 Shapes","floor":46,"turns":3},{"damage":15,"enemies":"Spire Growth","floor":47,"turns":3},{"damage":39,"enemies":"Donu and Deca","floor":50,"turns":7}],"relics_obtained":[{"floor":9,"key":"Boot"},{"floor":11,"key":"Centennial Puzzle"},{"floor":12,"key":"Omamori"},{"floor":26,"key":"Bag of Preparation"},{"floor":31,"key":"Red Mask"},{"floor":34,"key":"Pen Nib"},{"floor":34,"key":"The Courier"},{"floor":34,"key":"Thread and Needle"},{"floor":41,"key":"DataDisk"},{"floor":43,"key":"War Paint"}],"event_choices":[{"event_name":"Golden Wing","player_choice":"Card Removal","floor":3,"damage_taken":0},{"event_name":"World of Goop","player_choice":"Gather Gold","floor":5,"damage_taken":0},{"event_name":"Forgotten Altar","player_choice":"Shed Blood","floor":19,"damage_taken":0},{"event_name":"Wheel of Change","player_choice":"Relic","floor":20,"damage_taken":0},{"event_name":"Knowing Skull","player_choice":"GOLD ","floor":22,"damage_taken":0},{"event_name":"Masked Bandits","player_choice":"Fought over 176 gold","floor":31,"damage_taken":0},{"event_name":"Mysterious Sphere","player_choice":"Ignore","floor":42,"damage_taken":0}],"boss_relics":[{"not_picked":["Eternal Feather","Philosopher\u0027s Stone"],"picked":"Sozu"},{"not_picked":["Black Star","White Beast Statue"],"picked":"Calling Bell"}],"items_purged_floors":[4,7,30,39],"potions_floor_spawned":[1,21,24,25,28,33,37,38,44],"seed_played":"-2336512217060982008","ascension_level":0,"potions_obtained":[{"floor":1,"key":"FairyPotion"}],"is_trial":false}