{"gold_per_floor":[115,115,115,265,283,302,302,252,303,337,350,245,295,307,307,381,381,399,399,399,419,289,289],"floor_reached":23,"playtime":948,"items_purged":["Doubt","Strike_B","Defend_B"],"score":454,"play_id":"762bc4b3-0e77-4fb3-bd65-c2a5d18e395b","local_time":"20190110000813","is_ascension_mode":true,"campfire_choices":[{"data":"Zap","floor":7,"key":"SMITH"},{"floor":15,"key":"REST"}],"neow_cost":"NONE","seed_source_timestamp":2012364686616794,"circlet_count":0,"master_deck":["AscendersBane","Strike_B+1","Strike_B+1","Defend_B+1","Defend_B","Defend_B+1","Zap+1","Dualcast+1","Ball Lightning","Coolheaded+1","Ball Lightning","Defragment","Conserve Battery","Defragment","Echo Form","Go for the Eyes","Go for the Eyes","Defragment"],"relics":["Cracked Core","Smiling Mask","War Paint","Whetstone","Inserter","Enchiridion","Happy Flower"],"potions_floor_usage":[16,21],"damage_taken":[{"damage":10,"enemies":"Small Slimes","floor":1,"turns":3},{"damage":7,"enemies":"Jaw Worm","floor":5,"turns":3},{"damage":1,"enemies":"2 Louse","floor":6,"turns":2},{"damage":10,"enemies":"Lagavulin","floor":10,"turns":5},{"damage":5,"enemies":"Red Slaver","floor":11,"turns":3},{"damage":0,"enemies":"Looter","floor":14,"turns":3},{"damage":0,"enemies":"The Guardian","floor":16,"turns":9},{"damage":12,"enemies":"Spheric Guardian","floor":18,"turns":5},{"damage":15,"enemies":"Chosen","floor":21,"turns":4},{"damage":13,"enemies":"Snake Plant","floor":23,"turns":3}],"seed_played":"1635088699718083905","potions_obtained":[{"floor":6,"key":"Explosive Potion"},{"floor":11,"key":"SkillPotion"},{"floor":16,"key":"Poison Potion"}],"is_trial":false,"path_per_floor":["M","?","?","?","M","M","R","$","T","E","M","$","?","M","R","B",null,"M","?","?","M","$","M"],"character_chosen":"DEFECT","items_purchased":["Conserve Battery","Defragment"],"campfire_rested":1,"item_purchase_floors":[12,22],"current_hp_per_floor":[54,33,26,26,19,18,18,18,18,8,3,3,3,3,24,24,59,47,26,26,11,11,0],"gold":289,"neow_bonus":"RANDOM_COMMON_RELIC","is_prod":false,"is_daily":false,"chose_seed":false,"campfire_upgraded":1,"win_rate":0,"timestamp":1547046493,"path_taken":["M","?","?","?","M","M","R","$","T","E","M","$","?","M","R","BOSS","M","?","?","M","$","M"],"build_version":"2019-01-03v4","purchased_purges":3,"victory":false,"max_hp_per_floor":[71,71,71,71,71,71,71,71,71,71,71,71,71,71,71,71,71,71,71,71,71,71,71],"card_choices":[{"not_picked":["Reprogram","Genetic Algorithm"],"picked":"Ball Lightning","floor":1},{"not_picked":["Barrage","Rebound","Storm"],"picked":"SKIP","floor":5},{"not_picked":["Barrage","Sunder"],"picked":"Coolheaded","floor":6},{"not_picked":["Barrage","Conserve Battery"],"picked":"Ball Lightning","floor":10},{"not_picked":["Hologram","Stack"],"picked":"Defragment","floor":11},{"not_picked":["Conserve Battery","Darkness"],"picked":"Defragment","floor":14},{"not_picked":["Machine Learning","Multi-Cast"],"picked":"Echo Form","floor":16},{"not_picked":["Steam","Heatsinks"],"picked":"Go for the Eyes","floor":18},{"not_picked":["Reprogram","Leap"],"picked":"Go for the Eyes","floor":21}],"player_experience":808561,"relics_obtained":[{"floor":9,"key":"War Paint"},{"floor":10,"key":"Whetstone"},{"floor":19,"key":"Enchiridion"}],"event_choices":[{"damage_healed":0,"gold_gain":0,"player_choice":"Entered Light","damage_taken":21,"max_hp_gain":0,"max_hp_loss":0,"event_name":"Shining Light","floor":2,"gold_loss":0,"cards_upgraded":["Defend_B","Defend_B"]},{"cards_removed":["Strike_B"],"damage_healed":0,"gold_gain":0,"player_choice":"Card Removal","damage_taken":7,"max_hp_gain":0,"max_hp_loss":0,"event_name":"Golden Wing","floor":3,"gold_loss":0},{"damage_healed":0,"gold_gain":150,"player_choice":"AGREE","damage_taken":0,"max_hp_gain":0,"max_hp_loss":0,"event_name":"Liars Game","floor":4,"gold_loss":0,"cards_obtained":["Doubt"]},{"damage_healed":0,"gold_gain":50,"player_choice":"Pray","damage_taken":0,"max_hp_gain":0,"max_hp_loss":0,"event_name":"Golden Shrine","floor":13,"gold_loss":0},{"damage_healed":0,"gold_gain":0,"player_choice":"Obtained Book","damage_taken":21,"max_hp_gain":0,"max_hp_loss":0,"event_name":"Cursed Tome","floor":19,"gold_loss":0},{"damage_healed":0,"gold_gain":0,"player_choice":"Gave Potion","damage_taken":0,"relics_obtained":["Happy Flower"],"max_hp_gain":0,"max_hp_loss":0,"event_name":"WeMeetAgain","floor":20,"gold_loss":0}],"is_beta":false,"boss_relics":[{"not_picked":["Ectoplasm","Astrolabe"],"picked":"Inserter"}],"items_purged_floors":[8,12,22],"is_endless":false,"potions_floor_spawned":[6,11,14,16],"killed_by":"Snake Plant","ascension_level":18}