{"gold_per_floor":[114,126,126,136,59,59,89,89,89,89,110,75,95,95,95,220,220,233,253,81,105,30,30],"floor_reached":23,"playtime":1799,"items_purged":["Strike_R"],"score":191,"play_id":"6e6a6f1c-594e-4b73-ad03-e7488593c79e","local_time":"20181223230220","is_ascension_mode":false,"campfire_choices":[{"data":"Armaments","floor":6,"key":"SMITH"},{"data":"Cleave","floor":10,"key":"SMITH"},{"floor":15,"key":"REST"}],"neow_cost":"NONE","seed_source_timestamp":2235615773982216,"circlet_count":0,"master_deck":["Strike_R","Defend_R","Defend_R","Defend_R","Defend_R","Bash","Dropkick","Cleave+1","Armaments+1","Metallicize","Headbutt","Headbutt","Rupture+1","Headbutt","Dark Embrace+1","Combust+1","Rupture+1","True Grit","Shockwave"],"relics":["Burning Blood","NeowsBlessing","Frozen Egg 2","Golden Idol","Mummified Hand","Black Star"],"potions_floor_usage":[18],"damage_taken":[{"damage":0,"enemies":"2 Louse","floor":1,"turns":1},{"damage":0,"enemies":"Jaw Worm","floor":2,"turns":1},{"damage":0,"enemies":"Small Slimes","floor":4,"turns":1},{"damage":27,"enemies":"Gremlin Nob","floor":7,"turns":5},{"damage":16,"enemies":"2 Fungi Beasts","floor":11,"turns":4},{"damage":10,"enemies":"Looter","floor":13,"turns":3},{"damage":53,"enemies":"Slime Boss","floor":16,"turns":12},{"damage":27,"enemies":"Spheric Guardian","floor":18,"turns":7},{"damage":3,"enemies":"Chosen","floor":19,"turns":3},{"damage":29,"enemies":"Centurion and Healer","floor":21,"turns":5},{"damage":48,"enemies":"Gremlin Leader","floor":23,"turns":4}],"seed_played":"-4215869405725251347","potions_obtained":[{"floor":1,"key":"Block Potion"},{"floor":2,"key":"Fruit Juice"},{"floor":11,"key":"Explosive Potion"},{"floor":18,"key":"Swift Potion"}],"is_trial":false,"path_per_floor":["M","M","?","M","$","R","E","?","T","R","M","?","M","?","R","B",null,"M","M","$","M","?","E"],"character_chosen":"IRONCLAD","items_purchased":["Metallicize","Rupture+1","True Grit"],"campfire_rested":1,"item_purchase_floors":[5,20,20],"current_hp_per_floor":[80,80,73,79,79,79,58,38,38,38,28,48,44,44,68,21,80,64,67,67,44,44,0],"gold":30,"neow_bonus":"THREE_ENEMY_KILL","is_prod":false,"is_daily":false,"chose_seed":false,"campfire_upgraded":2,"win_rate":0.0,"timestamp":1545602540,"path_taken":["M","M","?","M","$","R","E","?","T","R","?","?","M","?","R","BOSS","M","M","$","M","?","E"],"build_version":"2018-12-20","purchased_purges":1,"victory":false,"max_hp_per_floor":[80,80,80,80,80,80,80,80,80,80,80,80,80,80,80,80,80,85,85,85,85,85,85],"card_choices":[{"not_picked":["Twin Strike","Cleave"],"picked":"Dropkick","floor":1},{"not_picked":["Perfected Strike","Searing Blow"],"picked":"Cleave","floor":2},{"not_picked":["Thunderclap","Clash"],"picked":"Armaments","floor":4},{"not_picked":["Twin Strike","Iron Wave"],"picked":"Headbutt","floor":7},{"not_picked":["Power Through","Pommel Strike"],"picked":"Headbutt","floor":11},{"not_picked":["Uppercut","Shrug It Off"],"picked":"Rupture+1","floor":13},{"not_picked":["Fiend Fire","Offering"],"picked":"Dark Embrace+1","floor":16},{"not_picked":["Pommel Strike","Carnage"],"picked":"Combust+1","floor":18},{"not_picked":["Twin Strike","Flex","Reckless Charge"],"picked":"SKIP","floor":19},{"not_picked":["Disarm","Perfected Strike"],"picked":"Shockwave","floor":21}],"player_experience":9590,"relics_obtained":[{"floor":7,"key":"Frozen Egg 2"},{"floor":9,"key":"Mummified Hand"}],"event_choices":[{"cards_removed":["Strike_R"],"damage_healed":0,"gold_gain":0,"player_choice":"Card Removal","damage_taken":7,"max_hp_gain":0,"max_hp_loss":0,"event_name":"Golden Wing","floor":3,"gold_loss":0},{"damage_healed":0,"gold_gain":0,"player_choice":"Take Damage","damage_taken":20,"relics_obtained":["Golden Idol"],"max_hp_gain":0,"max_hp_loss":0,"event_name":"Golden Idol","floor":8,"gold_loss":0},{"damage_healed":20,"gold_gain":0,"player_choice":"Healed","damage_taken":0,"max_hp_gain":0,"max_hp_loss":0,"event_name":"The Cleric","floor":12,"gold_loss":35},{"damage_healed":0,"gold_gain":0,"cards_transformed":["Strike_R"],"player_choice":"Change","damage_taken":0,"max_hp_gain":0,"max_hp_loss":0,"event_name":"Living Wall","floor":14,"gold_loss":0,"cards_obtained":["Headbutt"]},{"cards_removed":["Strike_R"],"damage_healed":0,"gold_gain":0,"player_choice":"Gave Gold","damage_taken":0,"max_hp_gain":0,"max_hp_loss":0,"event_name":"Beggar","floor":22,"gold_loss":75}],"is_beta":false,"boss_relics":[{"not_picked":["Eternal Feather","Runic Dome"],"picked":"Black Star"}],"items_purged_floors":[20],"is_endless":false,"potions_floor_spawned":[1,2,11,18],"killed_by":"Gremlin Leader","ascension_level":0}