{"gold_per_floor":[115,115,131,145,155,180,240,310,310,326,326,340,89,154,154,154],"floor_reached":16,"playtime":1408,"items_purged":[],"score":108,"play_id":"dd80e9b8-eec9-4074-8b32-326ecd118b4e","local_time":"20190127203427","is_ascension_mode":false,"campfire_choices":[{"floor":11,"key":"REST"},{"floor":15,"key":"REST"}],"neow_cost":"NONE","seed_source_timestamp":1626928635743053,"circlet_count":0,"master_deck":["Strike_R","Strike_R","Strike_R","Strike_R","Strike_R","Defend_R","Defend_R","Defend_R","Defend_R","Bash","Flex","Cleave","Shrug It Off","Armaments","Shrug It Off","Perfected Strike","Perfected Strike","Bludgeon","Iron Wave","Inflame","Flash of Steel","Clash","Flame Barrier","Feel No Pain"],"relics":["Burning Blood","SsserpentHead","Boot","Pantograph"],"potions_floor_usage":[],"damage_taken":[{"damage":2,"enemies":"Small Slimes","floor":1,"turns":4},{"damage":10,"enemies":"Cultist","floor":3,"turns":4},{"damage":7,"enemies":"2 Louse","floor":4,"turns":3},{"damage":7,"enemies":"Looter","floor":5,"turns":3},{"damage":29,"enemies":"3 Sentries","floor":6,"turns":8},{"damage":16,"enemies":"Large Slime","floor":7,"turns":7},{"damage":14,"enemies":"Blue Slaver","floor":8,"turns":3},{"damage":10,"enemies":"Exordium Wildlife","floor":10,"turns":3},{"damage":9,"enemies":"2 Fungi Beasts","floor":12,"turns":2},{"damage":0,"enemies":"Gremlin Gang","floor":14,"turns":4},{"damage":89,"enemies":"Hexaghost","floor":16,"turns":11}],"seed_played":"7568750073658632434","potions_obtained":[{"floor":4,"key":"FearPotion"},{"floor":5,"key":"Swift Potion"},{"floor":10,"key":"FearPotion"}],"is_trial":false,"path_per_floor":["M","?","M","M","M","E","M","M","T","M","R","M","$","M","R","B"],"character_chosen":"IRONCLAD","items_purchased":["Inflame","Flash of Steel","Clash","Flame Barrier"],"campfire_rested":2,"item_purchase_floors":[13,13,13,13],"current_hp_per_floor":[88,88,84,83,82,59,49,41,41,37,63,60,60,66,88,0],"gold":154,"neow_bonus":"TEN_PERCENT_HP_BONUS","is_prod":false,"is_daily":false,"chose_seed":false,"campfire_upgraded":0,"win_rate":0.0,"timestamp":1548657267,"path_taken":["M","?","M","M","M","E","?","?","T","M","R","M","$","?","R","BOSS"],"build_version":"2019-01-23","purchased_purges":0,"victory":false,"max_hp_per_floor":[88,88,88,88,88,88,88,88,88,88,88,88,88,88,88,88],"card_choices":[{"not_picked":["Uppercut","Seeing Red"],"picked":"Flex","floor":1},{"not_picked":["Fire Breathing","Iron Wave"],"picked":"Cleave","floor":3},{"not_picked":["Feel No Pain","Body Slam"],"picked":"Shrug It Off","floor":4},{"not_picked":["Entrench","Dropkick"],"picked":"Armaments","floor":5},{"not_picked":["Dual Wield","Headbutt"],"picked":"Shrug It Off","floor":6},{"not_picked":["Flex","Limit Break"],"picked":"Perfected Strike","floor":7},{"not_picked":["Twin Strike","Body Slam"],"picked":"Perfected Strike","floor":8},{"not_picked":["True Grit","Rupture"],"picked":"Bludgeon","floor":10},{"not_picked":["Armaments","Twin Strike"],"picked":"Iron Wave","floor":12},{"not_picked":["Second Wind","True Grit"],"picked":"Feel No Pain","floor":14}],"player_experience":21907,"relics_obtained":[{"floor":6,"key":"Boot"},{"floor":9,"key":"Pantograph"}],"event_choices":[{"damage_healed":0,"gold_gain":0,"player_choice":"Trade","damage_taken":0,"relics_obtained":["SsserpentHead"],"max_hp_gain":0,"max_hp_loss":0,"event_name":"FaceTrader","floor":2,"gold_loss":0}],"is_beta":false,"boss_relics":[],"items_purged_floors":[],"is_endless":false,"potions_floor_spawned":[4,5,10],"killed_by":"Hexaghost","ascension_level":0}