{"gold_per_floor":[112,127,127,143,161,161,181,211,211,274,320,320,335,335],"floor_reached":14,"playtime":755,"items_purged":[],"score":110,"play_id":"f2f171eb-ddc0-4bca-9d8f-644964f52edd","local_time":"20190118202014","is_ascension_mode":true,"campfire_choices":[{"data":"Berserk","floor":6,"key":"SMITH"},{"data":"Seeing Red","floor":12,"key":"SMITH"}],"neow_cost":"NONE","seed_source_timestamp":858539551305456,"circlet_count":0,"master_deck":["Strike_R","Strike_R","Strike_R","Strike_R","Defend_R","Defend_R","Defend_R","Defend_R","Bash","Berserk+1","Clothesline","Inflame","Corruption","Uppercut","Metallicize","Seeing Red+1","Heavy Blade","Flex"],"relics":["Burning Blood","Prayer Wheel","Question Card","Boot"],"potions_floor_usage":[10,14],"damage_taken":[{"damage":9,"enemies":"2 Louse","floor":1,"turns":4},{"damage":5,"enemies":"Jaw Worm","floor":2,"turns":4},{"damage":0,"enemies":"Small Slimes","floor":4,"turns":3},{"damage":18,"enemies":"Blue Slaver","floor":5,"turns":4},{"damage":0,"enemies":"Exordium Wildlife","floor":7,"turns":3},{"damage":10,"enemies":"Lagavulin","floor":8,"turns":6},{"damage":33,"enemies":"Lagavulin Event","floor":10,"turns":6},{"damage":20,"enemies":"Looter","floor":13,"turns":3},{"damage":30,"enemies":"3 Sentries","floor":14,"turns":2}],"seed_played":"9140031206137699744","potions_obtained":[{"floor":4,"key":"Weak Potion"},{"floor":8,"key":"Ancient Potion"},{"floor":13,"key":"LiquidBronze"}],"is_trial":false,"path_per_floor":["M","M","?","M","M","R","M","E","T","?","T","R","M","E"],"character_chosen":"IRONCLAD","items_purchased":[],"campfire_rested":0,"item_purchase_floors":[],"current_hp_per_floor":[77,78,71,77,65,65,71,67,67,40,40,40,26,0],"gold":335,"neow_bonus":"ONE_RANDOM_RARE_CARD","is_prod":false,"is_daily":false,"chose_seed":false,"campfire_upgraded":2,"win_rate":0,"timestamp":1547860814,"path_taken":["M","M","?","M","M","R","M","E","T","?","?","R","M","E"],"build_version":"2019-01-17v2","purchased_purges":0,"victory":false,"max_hp_per_floor":[80,80,80,80,80,80,80,80,80,80,80,80,80,80],"card_choices":[{"not_picked":["Headbutt","Sword Boomerang"],"picked":"Clothesline","floor":1},{"not_picked":["Entrench","Fire Breathing"],"picked":"Inflame","floor":2},{"not_picked":["Rage","Second Wind","Body Slam"],"picked":"SKIP","floor":4},{"not_picked":["Twin Strike","Headbutt"],"picked":"Corruption","floor":5},{"not_picked":["Headbutt","Twin Strike"],"picked":"Uppercut","floor":7},{"not_picked":["Headbutt","Perfected Strike"],"picked":"Metallicize","floor":8},{"not_picked":["Bloodletting","Havoc"],"picked":"Seeing Red","floor":10},{"not_picked":["Anger","Wild Strike","Carnage"],"picked":"Heavy Blade","floor":13},{"not_picked":["Power Through","Bloodletting","Clothesline"],"picked":"Flex","floor":13}],"player_experience":256658,"relics_obtained":[{"floor":8,"key":"Prayer Wheel"},{"floor":10,"key":"Question Card"},{"floor":11,"key":"Boot"}],"event_choices":[{"cards_removed":["Strike_R"],"damage_healed":0,"gold_gain":0,"player_choice":"Card Removal","damage_taken":7,"max_hp_gain":0,"max_hp_loss":0,"event_name":"Golden Wing","floor":3,"gold_loss":0},{"damage_healed":0,"gold_gain":30,"player_choice":"Searched \u00272\u0027 times","damage_taken":0,"max_hp_gain":0,"max_hp_loss":0,"event_name":"Dead Adventurer","floor":10,"gold_loss":0}],"is_beta":false,"boss_relics":[],"items_purged_floors":[],"is_endless":false,"potions_floor_spawned":[4,8,13],"killed_by":"3 Sentries","ascension_level":4}