{"path_per_floor":["M","M","M","?","$","E","$","E","T","?","?","R","M","M","R","B",null,"M","M","?","$","M","R","$","M","T","R","M","?"],"character_chosen":"IRONCLAD","items_purchased":["Metallicize","Seeing Red","Bandage Up","Thunderclap","Toxic Egg 2"],"gold_per_floor":[109,129,140,120,83,113,40,66,118,192,192,192,206,229,229,348,348,363,376,376,223,248,248,10,34,61,61,76,76,76],"floor_reached":30,"campfire_rested":3,"playtime":2129,"current_hp_per_floor":[78,80,73,73,73,55,55,25,25,25,25,47,49,49,71,27,74,74,61,45,45,40,40,40,30,30,67,41,41,0],"items_purged":[],"gold":76,"score":240,"play_id":"853c6f3e-d8b1-41c3-8a52-96ff0934a89f","local_time":"20180325135943","is_prod":false,"is_daily":false,"is_ascension_mode":false,"campfire_upgraded":1,"timestamp":1522000783,"path_taken":["M","M","M","?","$","E","?","E","T","?","?","R","M","?","R","BOSS","M","M","?","$","M","R","$","M","T","R","?","?","M"],"build_version":"2018-03-22v2","purchased_purges":0,"victory":false,"master_deck":["Strike_R","Strike_R","Strike_R","Strike_R","Defend_R","Defend_R","Defend_R","Defend_R","Bash","Barricade+1","Fire Breathing","Headbutt","Dropkick","Metallicize","Infernal Blade","Seeing Red","Bludgeon","Spot Weakness","Cleave","Bludgeon","Sword Boomerang","Warcry+1","Bandage Up","Thunderclap","Flex","Battle Trance+1","Feel No Pain+1"],"max_hp_per_floor":[80,80,80,80,80,80,80,80,80,80,74,74,74,74,74,74,74,74,74,74,74,74,74,74,74,74,74,74,74,74],"relics":["Black Blood","Lantern","Bag of Marbles","Oddly Smooth Stone","Golden Idol","Nilry\u0027s Codex","Toxic Egg 2","Regal Pillow"],"card_choices":[{"not_picked":["Headbutt","Sword Boomerang"],"picked":"Fire Breathing","floor":1},{"not_picked":["Metallicize","Thunderclap"],"picked":"Headbutt","floor":2},{"not_picked":["True Grit","Twin Strike"],"picked":"Dropkick","floor":3},{"not_picked":["Sword Boomerang","Sever Soul"],"picked":"Infernal Blade","floor":6},{"not_picked":["Iron Wave","True Grit"],"picked":"Bludgeon","floor":8},{"not_picked":["Flex","Sever Soul"],"picked":"Spot Weakness","floor":13},{"not_picked":["Wild Strike","Shockwave"],"picked":"Cleave","floor":14},{"not_picked":["Impervious","Reaper"],"picked":"Bludgeon","floor":16},{"not_picked":["Body Slam","Armaments"],"picked":"Sword Boomerang","floor":18},{"not_picked":["Perfected Strike","Clothesline"],"picked":"Warcry","floor":19},{"not_picked":["Cleave","Thunderclap"],"picked":"Flex","floor":22},{"not_picked":["Body Slam","Thunderclap"],"picked":"Battle Trance","floor":25},{"not_picked":["Shrug It Off","Impervious"],"picked":"Feel No Pain","floor":28}],"player_experience":27879,"potions_floor_usage":[6,8,8,8,16,28,30],"damage_taken":[{"damage":8,"enemies":"Small Slimes","floor":1,"turns":3},{"damage":1,"enemies":"Cultist","floor":2,"turns":4},{"damage":13,"enemies":"Jaw Worm","floor":3,"turns":3},{"damage":24,"enemies":"3 Sentries","floor":6,"turns":6},{"damage":36,"enemies":"Lagavulin","floor":8,"turns":7},{"damage":4,"enemies":"Blue Slaver","floor":13,"turns":3},{"damage":6,"enemies":"2 Fungi Beasts","floor":14,"turns":2},{"damage":50,"enemies":"The Guardian","floor":16,"turns":11},{"damage":10,"enemies":"Spheric Guardian","floor":18,"turns":3},{"damage":23,"enemies":"3 Byrds","floor":19,"turns":4},{"damage":15,"enemies":"Snake Plant","floor":22,"turns":3},{"damage":24,"enemies":"3 Cultists","floor":25,"turns":5},{"damage":40,"enemies":"Chosen and Byrds","floor":28,"turns":8},{"damage":53,"enemies":"Slaver and Parasite","floor":30,"turns":3}],"event_choices":[{"event_name":"The Woman in Blue","player_choice":"Bought 1 Potion","floor":4,"damage_taken":0},{"event_name":"Golden Wing","player_choice":"Gained Gold","floor":10,"damage_taken":0},{"event_name":"Golden Idol","player_choice":"Lose Max HP","floor":11,"damage_taken":0},{"event_name":"Cursed Tome","player_choice":"Obtained Book","floor":20,"damage_taken":0},{"event_name":"Purifier","player_choice":"One Purge","floor":29,"damage_taken":0}],"boss_relics":[{"not_picked":["Runic Pyramid","Tiny House"],"picked":"Black Blood"}],"potions_floor_spawned":[2,3,6,13,22,25,28],"seed_played":"3194019579231708125","killed_by":"Slaver and Parasite","ascension_level":0,"is_trial":false}