{"gold_per_floor":[109,129,129,145,160,160,160,160,160,160,70,84,99,116],"floor_reached":14,"playtime":368,"items_purged":[],"score":84,"play_id":"5a895897-f7f8-4cf7-bfdc-612053960a5b","local_time":"20190208192518","is_ascension_mode":false,"campfire_choices":[{"data":"White Noise","floor":7,"key":"SMITH"}],"neow_cost":"NONE","seed_source_timestamp":0,"circlet_count":0,"master_deck":["Strike_B","Strike_B","Strike_B","Defend_B","Defend_B","Defend_B","Defend_B","Zap","Dualcast","Leap","White Noise+1","Turbo","Go for the Eyes","Go for the Eyes","Steam Power","Leap","Cold Snap","Meteor Strike"],"special_seed":0,"relics":["Cracked Core","NeowsBlessing","WingedGreaves","Darkstone Periapt"],"potions_floor_usage":[],"damage_taken":[{"damage":0.0,"enemies":"2 Louse","floor":1.0,"turns":1.0},{"damage":0.0,"enemies":"Cultist","floor":2.0,"turns":1.0},{"damage":0.0,"enemies":"Small Slimes","floor":4.0,"turns":1.0},{"damage":12.0,"enemies":"Looter","floor":5.0,"turns":4.0},{"damage":0,"enemies":"Blue Slaver","floor":12,"turns":5},{"damage":6,"enemies":"Exordium Wildlife","floor":13,"turns":4},{"damage":12,"enemies":"Exordium Thugs","floor":14,"turns":5}],"seed_played":"-7493118212556202726","potions_obtained":[{"floor":1.0,"key":"Energy Potion"},{"floor":4.0,"key":"Fruit Juice"},{"floor":5.0,"key":"EssenceOfSteel"}],"is_trial":false,"path_per_floor":["M","M","?","M","M","?","R","?","T","?","$","M","M","M"],"character_chosen":"DEFECT","items_purchased":["Go for the Eyes","Steam Power"],"campfire_rested":0,"item_purchase_floors":[11,11],"current_hp_per_floor":[75,75,75,75,68,68,68,56,56,56,56,56,50,38],"gold":116,"neow_bonus":"THREE_ENEMY_KILL","is_prod":false,"is_daily":false,"chose_seed":false,"campfire_upgraded":1,"win_rate":0.0,"timestamp":1549682718,"path_taken":["M","M","?","?","M","?","R","?","T","?","?","?","M","M"],"build_version":"2019-01-23","purchased_purges":0,"victory":false,"max_hp_per_floor":[75,75,75,75,80,80,80,80,80,80,80,80,80,80],"card_choices":[{"not_picked":["Lockon","Steam Power"],"picked":"Leap","floor":1.0},{"not_picked":["Sweeping Beam","Leap"],"picked":"White Noise","floor":2.0},{"not_picked":["Rebound","Stack"],"picked":"Turbo","floor":4.0},{"not_picked":["Redo","Lockon"],"picked":"Go for the Eyes","floor":5.0},{"not_picked":["Chaos","Turbo"],"picked":"Leap","floor":12},{"not_picked":["Turbo","Steam"],"picked":"Cold Snap","floor":13},{"not_picked":["Leap","Double Energy"],"picked":"Meteor Strike","floor":14}],"player_experience":105158,"relics_obtained":[{"floor":9,"key":"Darkstone Periapt"}],"event_choices":[{"cards_removed":["Strike_B"],"damage_healed":0.0,"max_hp_gain":0.0,"max_hp_loss":0.0,"gold_gain":0.0,"event_name":"Purifier","player_choice":"Purged","floor":3.0,"gold_loss":0.0,"damage_taken":0.0},{"damage_healed":0.0,"max_hp_gain":0.0,"max_hp_loss":0.0,"gold_gain":0.0,"event_name":"Golden Wing","player_choice":"Ignored","floor":6.0,"gold_loss":0.0,"damage_taken":0.0},{"damage_healed":0,"gold_gain":0,"player_choice":"Success","damage_taken":12,"relics_obtained":["WingedGreaves"],"max_hp_gain":0,"max_hp_loss":0,"event_name":"Scrap Ooze","floor":8,"gold_loss":0},{"damage_healed":0,"gold_gain":0,"player_choice":"Leave","damage_taken":0,"max_hp_gain":0,"max_hp_loss":0,"event_name":"The Cleric","floor":10,"gold_loss":0}],"is_beta":false,"boss_relics":[],"items_purged_floors":[],"is_endless":false,"potions_floor_spawned":[1,4,5],"killed_by":"Exordium Thugs","ascension_level":0}