{"gold_per_floor":[117,129,129,54,54,54,72,72,72,72,87,111,142,142,142,142],"floor_reached":16,"playtime":459,"items_purged":["Strike_B"],"score":100,"play_id":"536a079c-0862-461e-ae5b-f151a79f84b0","local_time":"20181012172720","is_ascension_mode":false,"campfire_choices":[{"data":"Dualcast","floor":6,"key":"SMITH"},{"data":"Zap","floor":8,"key":"SMITH"},{"floor":10,"key":"REST"},{"floor":15,"key":"REST"}],"neow_cost":"PERCENT_DAMAGE","seed_source_timestamp":151319631897227,"circlet_count":0,"master_deck":["Strike_B","Defend_B+1","Defend_B","Defend_B","Defend_B","Zap+1","Dualcast+1","Coolheaded+1","Go for the Eyes","Go for the Eyes","Conserve Battery","Conserve Battery","Capacitor","Parasite"],"relics":["Cracked Core","Golden Idol","The Courier","Lantern"],"potions_floor_usage":[],"damage_taken":[{"damage":0,"enemies":"2 Louse","floor":1,"turns":1},{"damage":3,"enemies":"Small Slimes","floor":2,"turns":4},{"damage":0,"enemies":"Jaw Worm","floor":7,"turns":3},{"damage":0,"enemies":"3 Louse","floor":11,"turns":3},{"damage":0,"enemies":"Red Slaver","floor":12,"turns":4},{"damage":44,"enemies":"Gremlin Nob","floor":13,"turns":7},{"damage":49,"enemies":"Slime Boss","floor":16,"turns":14}],"seed_played":"5905090210410840978","potions_obtained":[{"floor":12,"key":"Block Potion"},{"floor":13,"key":"AttackPotion"}],"is_trial":false,"path_per_floor":["M","M","?","$","?","R","M","R","T","R","M","M","E","?","R"],"character_chosen":"DEFECT","items_purchased":[],"campfire_rested":2,"item_purchase_floors":[],"current_hp_per_floor":[54,51,36,36,36,36,36,36,36,56,56,56,12,29,49,0],"gold":142,"neow_bonus":"REMOVE_TWO","is_prod":false,"is_daily":false,"chose_seed":false,"campfire_upgraded":2,"win_rate":0,"timestamp":1539332840,"path_taken":["M","M","?","$","?","R","M","R","T","R","M","M","E","?","R","BOSS"],"build_version":"2018-10-11","purchased_purges":1,"victory":false,"max_hp_per_floor":[75,75,75,75,69,69,69,69,69,69,69,69,69,69,69,69],"card_choices":[{"not_picked":["Double Energy","Go for the Eyes"],"picked":"Coolheaded","floor":1},{"not_picked":["Ball Lightning","Rebound"],"picked":"Go for the Eyes","floor":2},{"not_picked":["Double Energy","Beam Cell"],"picked":"Go for the Eyes","floor":7},{"not_picked":["Streamline","Chill"],"picked":"Conserve Battery","floor":11},{"not_picked":["Steam","Stack"],"picked":"Conserve Battery","floor":12},{"not_picked":["Beam Cell","Conserve Battery"],"picked":"Capacitor","floor":13}],"player_experience":500237,"relics_obtained":[{"floor":9,"key":"The Courier"},{"floor":13,"key":"Lantern"}],"event_choices":[{"event_name":"Shining Light","player_choice":"Entered Light","floor":3,"damage_taken":0},{"event_name":"Golden Idol","player_choice":"Lose Max HP","floor":5,"damage_taken":0},{"event_name":"Mushrooms","player_choice":"Healed and dodged fight","floor":14,"damage_taken":0}],"is_beta":true,"boss_relics":[],"items_purged_floors":[4],"is_endless":false,"potions_floor_spawned":[12,13],"killed_by":"Slime Boss","ascension_level":0}