{"gold_per_floor":[117,117,42,42,42,42,86,86,86,86,117,117,132,151,151,151],"floor_reached":16,"playtime":297,"items_purged":["Strike_B"],"score":273,"play_id":"528305da-baa8-47b7-ad1d-b51ba3a442f8","local_time":"20181229204725","is_ascension_mode":true,"campfire_choices":[{"data":"Double Energy","floor":6,"key":"SMITH"},{"data":"Go for the Eyes","floor":8,"key":"SMITH"},{"data":"Barrage","floor":10,"key":"SMITH"},{"data":"Biased Cognition","floor":15,"key":"SMITH"}],"neow_cost":"NONE","seed_source_timestamp":183954840346685,"circlet_count":0,"master_deck":["AscendersBane","Strike_B","Strike_B","Defend_B","Defend_B","Defend_B","Defend_B","Zap","Dualcast","Barrage+1","Double Energy+1","Go for the Eyes+1","Biased Cognition+1","Decay","Steam+1","Coolheaded+1"],"relics":["Cracked Core","NeowsBlessing","Du-Vu Doll","Golden Idol","DataDisk","Toxic Egg 2","Bag of Marbles"],"potions_floor_usage":[],"damage_taken":[{"damage":0,"enemies":"Small Slimes","floor":1,"turns":1},{"damage":0,"enemies":"3 Sentries","floor":7,"turns":2},{"damage":0,"enemies":"Gremlin Nob","floor":11,"turns":1},{"damage":2,"enemies":"Cultist","floor":13,"turns":2},{"damage":0,"enemies":"2 Louse","floor":14,"turns":2},{"damage":31,"enemies":"Slime Boss","floor":16,"turns":10}],"seed_played":"8629601237252779791","potions_obtained":[{"floor":7,"key":"Dexterity Potion"},{"floor":11,"key":"FairyPotion"}],"is_trial":false,"path_per_floor":["M","?","$","T","?","R","E","R","T","R","E","?","M","M","R","B"],"character_chosen":"DEFECT","items_purchased":[],"campfire_rested":0,"item_purchase_floors":[],"current_hp_per_floor":[64,64,64,64,64,64,64,64,64,64,64,64,62,62,62,31],"gold":151,"neow_bonus":"THREE_ENEMY_KILL","is_prod":false,"is_daily":false,"chose_seed":false,"campfire_upgraded":4,"win_rate":0,"timestamp":1546134445,"path_taken":["M","?","$","?","?","R","E","R","T","R","E","?","?","M","R","BOSS"],"build_version":"2018-12-20","purchased_purges":1,"victory":false,"max_hp_per_floor":[71,71,71,71,64,64,64,64,64,64,64,64,64,64,64,64],"card_choices":[{"not_picked":["Hologram","Leap"],"picked":"Barrage","floor":1},{"not_picked":["Undo","Stack"],"picked":"Go for the Eyes","floor":7},{"not_picked":["Barrage","Steam+1"],"picked":"Biased Cognition","floor":11},{"not_picked":["Gash","Self Repair"],"picked":"Steam+1","floor":13},{"not_picked":["Barrage","Sweeping Beam"],"picked":"Coolheaded+1","floor":14}],"player_experience":437350,"relics_obtained":[{"floor":4,"key":"Du-Vu Doll"},{"floor":7,"key":"DataDisk"},{"floor":9,"key":"Toxic Egg 2"},{"floor":11,"key":"Bag of Marbles"}],"event_choices":[{"damage_healed":0,"gold_gain":0,"cards_transformed":["Strike_B"],"player_choice":"Transformed","damage_taken":0,"max_hp_gain":0,"max_hp_loss":0,"event_name":"Transmorgrifier","floor":2,"gold_loss":0,"cards_obtained":["Double Energy"]},{"damage_healed":0,"gold_gain":0,"player_choice":"Lose Max HP","damage_taken":0,"relics_obtained":["Golden Idol"],"max_hp_gain":0,"max_hp_loss":7,"event_name":"Golden Idol","floor":5,"gold_loss":0},{"damage_healed":0,"gold_gain":0,"player_choice":"Cursed","damage_taken":0,"max_hp_gain":0,"max_hp_loss":0,"event_name":"Wheel of Change","floor":12,"gold_loss":0,"cards_obtained":["Decay"]}],"is_beta":false,"boss_relics":[],"items_purged_floors":[3],"is_endless":false,"potions_floor_spawned":[7,11],"killed_by":"Slime Boss","ascension_level":15}