{"gold_per_floor":[117,136,155,171,183,183,208,208,208,233,233,262,262,277,277,379,379,399,416,432,159,169,204,204,215,239,271,289,289,323,423,423,518,518,532,632,650,668,684,684,713,713,739,769,779,789,749,468,468,468,468,468,82,113,113],"floor_reached":56,"playtime":3539,"items_purged":["Strike_R","Defend_R"],"score":1837,"play_id":"5cd9ce53-5a20-46b7-bb1f-2b0d7b5e94b2","local_time":"20190207233945","is_ascension_mode":true,"campfire_choices":[{"data":"Inflame","floor":6,"key":"SMITH"},{"data":"Bash","floor":8,"key":"SMITH"},{"floor":11,"key":"REST"},{"floor":15,"key":"REST"},{"floor":24,"key":"REST"},{"floor":29,"key":"REST"},{"data":"Armaments","floor":32,"key":"SMITH"},{"data":"Uppercut","floor":40,"key":"SMITH"},{"floor":49,"key":"RECALL"},{"data":"Heavy Blade","floor":52,"key":"SMITH"}],"neow_cost":"NONE","seed_source_timestamp":5012049908031,"circlet_count":0,"master_deck":["AscendersBane","Strike_R","Strike_R+1","Strike_R","Defend_R","Defend_R","Defend_R","Bash+1","Intimidate","Evolve","Heavy Blade+1","Rampage","Inflame+1","Shockwave","Pommel Strike","Feed+1","Reckless Charge+1","Shrug It Off","Armaments+1","Spot Weakness","Uppercut+1","Wild Strike+1","Ghostly Armor","Reaper","Feed+1","Parasite","Spot Weakness+1","Parasite","Power Through+1","Metallicize","Feel No Pain"],"relics":["Burning Blood","Lantern","Incense Burner","Dodecahedron","Pen Nib","Paper Frog","Velvet Choker","Whetstone","Peace Pipe","Oddly Smooth Stone","Bag of Marbles","Vajra","StoneCalendar","Kunai","Cursed Key","Bird Faced Urn","Pear","Potion Belt","Anchor","Happy Flower","Frozen Eye","Boot"],"potions_floor_usage":[7,7,22,22,23,25,33,38,44,50,50,50,54,54,54,54,54,55,55,55,55,55,55,55],"damage_taken":[{"damage":0,"enemies":"2 Louse","floor":1,"turns":3},{"damage":6,"enemies":"Cultist","floor":2,"turns":4},{"damage":5,"enemies":"Jaw Worm","floor":3,"turns":4},{"damage":9,"enemies":"Looter","floor":4,"turns":3},{"damage":7,"enemies":"Blue Slaver","floor":5,"turns":4},{"damage":35,"enemies":"Lagavulin","floor":7,"turns":7},{"damage":24,"enemies":"Gremlin Nob","floor":10,"turns":4},{"damage":30,"enemies":"Lagavulin","floor":12,"turns":6},{"damage":17,"enemies":"Lots of Slimes","floor":14,"turns":4},{"damage":15,"enemies":"Slime Boss","floor":16,"turns":7},{"damage":19,"enemies":"Shell Parasite","floor":18,"turns":5},{"damage":25,"enemies":"2 Thieves","floor":19,"turns":3},{"damage":5,"enemies":"Cultist and Chosen","floor":20,"turns":5},{"damage":0,"enemies":"Snake Plant","floor":22,"turns":3},{"damage":38,"enemies":"Slavers","floor":23,"turns":8},{"damage":10,"enemies":"3 Cultists","floor":25,"turns":5},{"damage":20,"enemies":"Book of Stabbing","floor":27,"turns":5},{"damage":23,"enemies":"Chosen and Byrds","floor":28,"turns":4},{"damage":1,"enemies":"Slavers","floor":30,"turns":4},{"damage":12,"enemies":"Colosseum Slavers","floor":31,"turns":4},{"damage":0,"enemies":"Colosseum Nobs","floor":31,"turns":4},{"damage":47,"enemies":"Collector","floor":33,"turns":7},{"damage":21,"enemies":"3 Darklings","floor":35,"turns":4},{"damage":2,"enemies":"Mind Bloom Boss Battle","floor":36,"turns":6},{"damage":0,"enemies":"Orb Walker","floor":37,"turns":3},{"damage":4,"enemies":"Spire Growth","floor":38,"turns":3},{"damage":7,"enemies":"Transient","floor":39,"turns":5},{"damage":51,"enemies":"Nemesis","floor":41,"turns":5},{"damage":20,"enemies":"Reptomancer","floor":44,"turns":5},{"damage":12,"enemies":"Writhing Mass","floor":45,"turns":4},{"damage":16,"enemies":"Sphere and 2 Shapes","floor":46,"turns":7},{"damage":63,"enemies":"Donu and Deca","floor":50,"turns":9},{"damage":6,"enemies":"Shield and Spear","floor":54,"turns":6},{"damage":110,"enemies":"The Heart","floor":55,"turns":9}],"seed_played":"-5701744493410409533","potions_obtained":[{"floor":1,"key":"Regen Potion"},{"floor":3,"key":"Ancient Potion"},{"floor":5,"key":"Ancient Potion"},{"floor":14,"key":"BloodPotion"},{"floor":16,"key":"Energy Potion"},{"floor":23,"key":"SneckoOil"},{"floor":28,"key":"Explosive Potion"},{"floor":33,"key":"FearPotion"},{"floor":35,"key":"Regen Potion"},{"floor":36,"key":"Swift Potion"},{"floor":38,"key":"Poison Potion"},{"floor":47,"key":"SkillPotion"},{"floor":47,"key":"Poison Potion"},{"floor":47,"key":"EntropicBrew"}],"is_trial":false,"path_per_floor":["M","M","M","M","M","R","E","R","T","E","R","E","?","M","R","B",null,"M","M","M","$","M","E","R","M","T","E","M","R","E","?","R","B",null,"M","?","M","M","M","R","E","?","T","E","M","M","?","$","R","B",null,"R","$","E","B",null],"character_chosen":"IRONCLAD","items_purchased":["Whetstone","Armaments","Anchor","Metallicize","Happy Flower","Feel No Pain","Frozen Eye"],"campfire_rested":4,"item_purchase_floors":[21,21,48,48,53,53,53],"current_hp_per_floor":[78,78,79,76,75,75,56,56,56,38,62,38,38,27,51,42,71,61,45,49,49,63,35,62,62,62,52,39,70,79,83,83,42,95,98,113,113,113,113,113,78,78,78,113,123,127,127,127,127,99,126,126,126,139,39],"gold":113,"neow_bonus":"RANDOM_COMMON_RELIC","is_prod":false,"is_daily":false,"chose_seed":false,"campfire_upgraded":5,"win_rate":0,"timestamp":1549600785,"path_taken":["M","M","M","M","M","R","E","R","T","E","R","E","?","M","R","BOSS","M","M","M","$","?","E","R","M","T","E","M","R","E","?","R","BOSS","M","?","M","M","M","R","E","?","T","E","M","?","?","$","R","BOSS","R","$","E","BOSS"],"build_version":"2019-01-23","purchased_purges":2,"victory":true,"max_hp_per_floor":[80,80,80,80,80,80,80,80,80,80,80,80,80,80,80,80,80,83,86,89,89,89,93,93,97,97,101,105,105,109,113,113,113,113,113,113,113,113,113,113,123,123,123,123,123,127,127,127,127,135,135,135,135,139,139],"card_choices":[{"not_picked":["Dropkick","Seeing Red"],"picked":"Intimidate","floor":1},{"not_picked":["Sword Boomerang","Warcry"],"picked":"Evolve","floor":2},{"not_picked":["Blood for Blood","Clash"],"picked":"Heavy Blade","floor":3},{"not_picked":["Clash","Power Through"],"picked":"Rampage","floor":4},{"not_picked":["Shockwave","Entrench"],"picked":"Inflame","floor":5},{"not_picked":["Fiend Fire","Anger"],"picked":"Shockwave","floor":7},{"not_picked":["Iron Wave","Entrench","Clothesline"],"picked":"SKIP","floor":10},{"not_picked":["Havoc","Wild Strike","Perfected Strike"],"picked":"SKIP","floor":12},{"not_picked":["Burning Pact","Sword Boomerang"],"picked":"Pommel Strike","floor":14},{"not_picked":["Double Tap","Barricade"],"picked":"Feed","floor":16},{"not_picked":["Perfected Strike","Rage"],"picked":"Reckless Charge+1","floor":18},{"not_picked":["Bloodletting+1","Headbutt"],"picked":"Shrug It Off","floor":19},{"not_picked":["Iron Wave","Searing Blow","Sentinel"],"picked":"SKIP","floor":20},{"not_picked":["Sever Soul+1","Seeing Red"],"picked":"Spot Weakness","floor":22},{"not_picked":["Carnage+1","Rupture"],"picked":"Uppercut","floor":23},{"not_picked":["Thunderclap","Sword Boomerang"],"picked":"Wild Strike+1","floor":25},{"not_picked":["Headbutt","Iron Wave","Sword Boomerang"],"picked":"SKIP","floor":27},{"not_picked":["Shockwave","Brutality"],"picked":"Ghostly Armor","floor":28},{"not_picked":["Pommel Strike","Pummel","Shrug It Off"],"picked":"SKIP","floor":30},{"not_picked":["Berserk","Bludgeon"],"picked":"Reaper","floor":33},{"not_picked":["Battle Trance","Shrug It Off","True Grit"],"picked":"SKIP","floor":35},{"not_picked":["Shrug It Off","Flex","Rage"],"picked":"SKIP","floor":37},{"not_picked":["Perfected Strike","Shrug It Off+1","Clothesline+1"],"picked":"SKIP","floor":38},{"not_picked":["Twin Strike","Warcry+1","Armaments"],"picked":"SKIP","floor":39},{"not_picked":["Bloodletting","Cleave","Ghostly Armor+1"],"picked":"SKIP","floor":41},{"not_picked":["Infernal Blade","Intimidate"],"picked":"Spot Weakness+1","floor":44},{"not_picked":["Blood for Blood+1","Impervious","Corruption"],"picked":"SKIP","floor":45},{"not_picked":["Seeing Red+1","Cleave"],"picked":"Power Through+1","floor":46},{"not_picked":["Blood for Blood+1","Uppercut+1","Ghostly Armor+1"],"picked":"SKIP","floor":54}],"player_experience":472896,"relics_obtained":[{"floor":7,"key":"Incense Burner"},{"floor":9,"key":"Dodecahedron"},{"floor":10,"key":"Pen Nib"},{"floor":12,"key":"Paper Frog"},{"floor":23,"key":"Peace Pipe"},{"floor":26,"key":"Oddly Smooth Stone"},{"floor":27,"key":"Bag of Marbles"},{"floor":30,"key":"Vajra"},{"floor":31,"key":"StoneCalendar"},{"floor":31,"key":"Kunai"},{"floor":36,"key":"Bird Faced Urn"},{"floor":41,"key":"Pear"},{"floor":44,"key":"Potion Belt"},{"floor":54,"key":"Boot"}],"event_choices":[{"cards_removed":["Strike_R"],"damage_healed":0,"gold_gain":0,"player_choice":"Card Removal","damage_taken":0,"max_hp_gain":0,"max_hp_loss":0,"event_name":"Wheel of Change","floor":13,"gold_loss":0},{"damage_healed":0,"gold_gain":0,"player_choice":"Fight","damage_taken":0,"max_hp_gain":0,"max_hp_loss":0,"event_name":"Colosseum","floor":31,"gold_loss":0},{"damage_healed":0,"gold_gain":0,"player_choice":"Fought Nobs","damage_taken":0,"max_hp_gain":0,"max_hp_loss":0,"event_name":"Colosseum","floor":31,"gold_loss":0},{"damage_healed":0,"gold_gain":0,"player_choice":"Fight","damage_taken":0,"max_hp_gain":0,"max_hp_loss":0,"event_name":"MindBloom","floor":36,"gold_loss":0},{"damage_healed":0,"gold_gain":0,"player_choice":"Copied","damage_taken":0,"max_hp_gain":0,"max_hp_loss":0,"event_name":"Duplicator","floor":42,"gold_loss":0,"cards_obtained":["Feed"]},{"damage_healed":0,"gold_gain":0,"player_choice":"Bought 3 Potions","damage_taken":0,"max_hp_gain":0,"max_hp_loss":0,"event_name":"The Woman in Blue","floor":47,"gold_loss":0}],"is_beta":false,"boss_relics":[{"not_picked":["Lizard Tail","Calling Bell"],"picked":"Velvet Choker"},{"not_picked":["Snecko Eye","White Beast Statue"],"picked":"Cursed Key"}],"items_purged_floors":[21,48],"is_endless":false,"potions_floor_spawned":[1,3,5,14,16,18,20,23,28,33,35,36,38,41],"ascension_level":10}