{"gold_per_floor":[114,131,81,45,60,85,96,109,109,121,46,46,146,159,159,262,262,279,279,293,293,293,293],"floor_reached":23,"playtime":663,"items_purged":["Strike_B"],"score":309,"play_id":"7c3533b8-827f-4c1e-8854-d1b61fabdfd1","local_time":"20181227212550","is_ascension_mode":true,"campfire_choices":[{"data":"Sunder","floor":12,"key":"SMITH"},{"floor":15,"key":"REST"}],"neow_cost":"NONE","seed_source_timestamp":13094067558473,"circlet_count":0,"master_deck":["AscendersBane","Defend_B","Defend_B","Defend_B","Defend_B","Zap","Dualcast","Chill","Sunder+1","Blizzard","Conserve Battery","Cold Snap","Cold Snap","Cold Snap","Electrodynamics","Turbo","Double Energy","Rip and Tear"],"relics":["Cracked Core","NeowsBlessing","Dodecahedron","Vajra","Cursed Key"],"potions_floor_usage":[6],"damage_taken":[{"damage":0,"enemies":"Jaw Worm","floor":1,"turns":1},{"damage":0,"enemies":"2 Louse","floor":2,"turns":1},{"damage":0,"enemies":"Cultist","floor":5,"turns":1},{"damage":26,"enemies":"Lagavulin","floor":6,"turns":6},{"damage":11,"enemies":"Lots of Slimes","floor":7,"turns":4},{"damage":0,"enemies":"2 Fungi Beasts","floor":8,"turns":4},{"damage":7,"enemies":"Looter","floor":10,"turns":3},{"damage":7,"enemies":"Exordium Thugs","floor":14,"turns":3},{"damage":31,"enemies":"The Guardian","floor":16,"turns":13},{"damage":0,"enemies":"Chosen","floor":18,"turns":4},{"damage":9,"enemies":"Spheric Guardian","floor":20,"turns":4},{"damage":74,"enemies":"Book of Stabbing","floor":23,"turns":6}],"seed_played":"-8624943467109993136","potions_obtained":[{"floor":5,"key":"Weak Potion"},{"floor":6,"key":"FearPotion"},{"floor":14,"key":"Ancient Potion"}],"is_trial":false,"path_per_floor":["M","M","?","$","M","E","M","M","T","M","$","R","?","M","R","B",null,"M","?","M","?","?","E"],"character_chosen":"DEFECT","items_purchased":["Blizzard"],"campfire_rested":1,"item_purchase_floors":[4],"current_hp_per_floor":[68,68,68,68,68,42,31,31,31,24,24,24,24,17,39,8,58,58,58,49,49,74,0],"gold":293,"neow_bonus":"THREE_ENEMY_KILL","is_prod":false,"is_daily":false,"chose_seed":false,"campfire_upgraded":1,"win_rate":0,"timestamp":1545963950,"path_taken":["M","M","?","?","M","E","M","M","T","M","$","R","?","M","R","BOSS","M","?","?","?","?","E"],"build_version":"2018-12-20","purchased_purges":1,"victory":false,"max_hp_per_floor":[75,75,75,75,75,75,75,75,75,75,75,75,75,75,75,75,75,75,75,75,75,75,75],"card_choices":[{"not_picked":["Stack","Rebound"],"picked":"Chill","floor":1},{"not_picked":["Steam","Go for the Eyes"],"picked":"Sunder","floor":2},{"not_picked":["White Noise","Sunder","Gash"],"picked":"SKIP","floor":5},{"not_picked":["Redo","Scrape"],"picked":"Conserve Battery","floor":6},{"not_picked":["Steam","Go for the Eyes"],"picked":"Cold Snap","floor":7},{"not_picked":["Stack","Conserve Battery"],"picked":"Cold Snap","floor":8},{"not_picked":["Barrage","Hologram"],"picked":"Cold Snap","floor":10},{"not_picked":["Beam Cell","Leap","Turbo"],"picked":"SKIP","floor":14},{"not_picked":["Meteor Strike","Hyperbeam"],"picked":"Electrodynamics","floor":16},{"not_picked":["Go for the Eyes","Conserve Battery","Leap"],"picked":"SKIP","floor":18},{"not_picked":["Barrage","Reprogram+1"],"picked":"Turbo","floor":20}],"player_experience":414802,"relics_obtained":[{"floor":6,"key":"Dodecahedron"},{"floor":9,"key":"Vajra"}],"event_choices":[{"cards_removed":["Strike_B"],"damage_healed":0,"gold_gain":0,"player_choice":"Card Removal","damage_taken":0,"max_hp_gain":0,"max_hp_loss":0,"event_name":"The Cleric","floor":3,"gold_loss":50},{"damage_healed":0,"gold_gain":100,"player_choice":"Pray","damage_taken":0,"max_hp_gain":0,"max_hp_loss":0,"event_name":"Golden Shrine","floor":13,"gold_loss":0},{"damage_healed":0,"gold_gain":0,"player_choice":"Bought 0 Potions","damage_taken":0,"max_hp_gain":0,"max_hp_loss":0,"event_name":"The Woman in Blue","floor":19,"gold_loss":0},{"damage_healed":0,"gold_gain":0,"cards_transformed":["Strike_B","Strike_B"],"player_choice":"Became Test Subject","damage_taken":0,"max_hp_gain":0,"max_hp_loss":0,"event_name":"Drug Dealer","floor":21,"gold_loss":0,"cards_obtained":["Double Energy","Rip and Tear"]},{"damage_healed":25,"gold_gain":0,"player_choice":"Heal","damage_taken":0,"max_hp_gain":0,"max_hp_loss":0,"event_name":"The Library","floor":22,"gold_loss":0}],"is_beta":false,"boss_relics":[{"not_picked":["Astrolabe","Velvet Choker"],"picked":"Cursed Key"}],"items_purged_floors":[11],"is_endless":false,"potions_floor_spawned":[5,6,14],"killed_by":"Book of Stabbing","ascension_level":12}