{"gold_per_floor":[109,125,5,5,21,21,48,65,65,65,83,98,98,248,248,325,325,344,344,4,30,47,47,47],"floor_reached":24,"playtime":1734,"items_purged":[],"score":392,"play_id":"30508a3d-708c-4296-8821-b25d05d275b3","local_time":"20190203222824","is_ascension_mode":true,"campfire_choices":[{"data":"Battle Trance","floor":6.0,"key":"SMITH"},{"floor":10.0,"key":"REST"},{"data":"Rampage","floor":15.0,"key":"SMITH"},{"data":"Fiend Fire","floor":23.0,"key":"SMITH"}],"neow_cost":"NONE","seed_source_timestamp":1927975772852521,"circlet_count":0,"master_deck":["AscendersBane","Strike_R","Strike_R","Strike_R","Strike_R","Strike_R","Defend_R","Defend_R","Defend_R","Defend_R","Bash+1","Anger","Rampage+1","Metallicize","Battle Trance+1","Immolate+1","Flame Barrier","Feel No Pain","Feed","Headbutt","Feel No Pain","Fiend Fire+1","Disarm"],"special_seed":0,"relics":["Burning Blood","Smiling Mask","Regal Pillow","Sozu","Nloth\u0027s Gift","Red Skull"],"potions_floor_usage":[24],"damage_taken":[{"damage":16.0,"enemies":"Jaw Worm","floor":1.0,"turns":6.0},{"damage":7.0,"enemies":"Cultist","floor":2.0,"turns":4.0},{"damage":5.0,"enemies":"Small Slimes","floor":5.0,"turns":3.0},{"damage":37.0,"enemies":"3 Sentries","floor":7.0,"turns":10.0},{"damage":12.0,"enemies":"Looter","floor":8.0,"turns":3.0},{"damage":16.0,"enemies":"Exordium Thugs","floor":11.0,"turns":5.0},{"damage":14.0,"enemies":"Large Slime","floor":12.0,"turns":6.0},{"damage":30.0,"enemies":"Hexaghost","floor":16.0,"turns":9.0},{"damage":24.0,"enemies":"Shell Parasite","floor":18.0,"turns":6.0},{"damage":17.0,"enemies":"2 Thieves","floor":22.0,"turns":4.0},{"damage":41,"enemies":"Book of Stabbing","floor":24,"turns":3}],"seed_played":"1625992653858078524","potions_obtained":[{"floor":1.0,"key":"SneckoOil"},{"floor":8.0,"key":"BloodPotion"},{"floor":12.0,"key":"SkillPotion"},{"floor":16.0,"key":"GamblersBrew"}],"is_trial":false,"path_per_floor":["M","M","$","?","M","R","E","M","T","R","M","M","?","?","R","B",null,"M","?","$","T","M","R","E"],"character_chosen":"IRONCLAD","items_purchased":["Rampage","Metallicize","Feel No Pain","Fiend Fire","Disarm"],"campfire_rested":1,"item_purchase_floors":[3,3,20,20,20],"current_hp_per_floor":[58,57,57,57,58,58,27,21,21,58,55,47,47,47,47,23,62,47,47,47,47,39,39,0],"gold":47,"neow_bonus":"RANDOM_COMMON_RELIC","is_prod":false,"is_daily":false,"chose_seed":false,"campfire_upgraded":3,"win_rate":0,"timestamp":1549193304,"path_taken":["M","M","$","?","?","R","E","M","T","R","M","M","?","?","R","BOSS","M","?","$","?","M","R","E"],"build_version":"2019-01-23","purchased_purges":0,"victory":false,"max_hp_per_floor":[75,75,75,75,75,75,75,75,75,75,75,75,75,75,75,75,75,78,78,78,78,81,81,81],"card_choices":[{"not_picked":["Wild Strike","True Grit"],"picked":"Anger","floor":1.0},{"not_picked":["Havoc","Entrench","Flex"],"picked":"SKIP","floor":2.0},{"not_picked":["True Grit","Shrug It Off"],"picked":"Battle Trance","floor":5.0},{"not_picked":["Cleave","Sword Boomerang"],"picked":"Immolate","floor":7.0},{"not_picked":["Rage","Warcry"],"picked":"Flame Barrier","floor":8.0},{"not_picked":["Ghostly Armor","Pommel Strike"],"picked":"Feel No Pain","floor":11.0},{"not_picked":["Carnage","Cleave","Thunderclap"],"picked":"SKIP","floor":12.0},{"not_picked":["Carnage","Cleave","Thunderclap"],"picked":"SKIP","floor":12.0},{"not_picked":["Immolate","Impervious"],"picked":"Feed","floor":16.0},{"not_picked":["Combust","Twin Strike+1"],"picked":"Headbutt","floor":18.0},{"not_picked":["Havoc","Wild Strike","Armaments"],"picked":"SKIP","floor":22.0}],"player_experience":715360,"relics_obtained":[{"floor":7.0,"key":"Omamori"},{"floor":9.0,"key":"Regal Pillow"},{"floor":21.0,"key":"Red Skull"}],"event_choices":[{"damage_healed":0.0,"max_hp_gain":0.0,"max_hp_loss":0.0,"gold_gain":0.0,"event_name":"Accursed Blacksmith","player_choice":"Forge","floor":4.0,"gold_loss":0.0,"damage_taken":0.0,"cards_upgraded":["Bash"]},{"damage_healed":0.0,"max_hp_gain":0.0,"max_hp_loss":0.0,"gold_gain":0.0,"event_name":"Living Wall","player_choice":"Grow","floor":13.0,"gold_loss":0.0,"damage_taken":0.0,"cards_upgraded":["Immolate"]},{"damage_healed":0.0,"max_hp_gain":0.0,"max_hp_loss":0.0,"gold_gain":150.0,"event_name":"Liars Game","player_choice":"AGREE","floor":14.0,"gold_loss":0.0,"damage_taken":0.0,"cards_obtained":["Doubt"]},{"damage_healed":0.0,"max_hp_gain":0.0,"max_hp_loss":0.0,"gold_gain":0.0,"event_name":"N\u0027loth","player_choice":"Traded Relic","floor":19.0,"relics_lost":["Omamori"],"gold_loss":0.0,"damage_taken":0.0,"relics_obtained":["Nloth\u0027s Gift"]}],"is_beta":false,"boss_relics":[{"not_picked":["Pandora\u0027s Box","Eternal Feather"],"picked":"Sozu"}],"items_purged_floors":[],"is_endless":false,"potions_floor_spawned":[1,8,12,16,22],"killed_by":"Book of Stabbing","ascension_level":20}