{"gold_per_floor":[114,114,56,56,68,68,103,103,103,103,129,142,142,153,153,227,227,246,272,88,88,138,138,163,163,187,187,219,1,13,43,43,120,120,134,134,234,159,159,159,194,194,194,227,247,33,52,84,84,84,84],"floor_reached":52,"playtime":3454,"items_purged":["Bane","Infinite Blades"],"score":2021,"play_id":"b820b715-6d55-4004-9faa-68bfbd25695e","local_time":"20190127005031","is_ascension_mode":true,"campfire_choices":[{"data":"Neutralize","floor":6.0,"key":"SMITH"},{"data":"Dagger Spray","floor":8.0,"key":"SMITH"},{"data":"All Out Attack","floor":10.0,"key":"SMITH"},{"data":"A Thousand Cuts","floor":13.0,"key":"SMITH"},{"data":"Bouncing Flask","floor":15.0,"key":"SMITH"},{"floor":23.0,"key":"REST"},{"floor":25.0,"key":"REST"},{"data":"Footwork","floor":27.0,"key":"SMITH"},{"data":"Catalyst","floor":32,"key":"SMITH"},{"data":"Catalyst","floor":40,"key":"SMITH"},{"data":"Footwork","floor":42,"key":"SMITH"},{"data":"Burst","floor":49,"key":"SMITH"}],"neow_cost":"NONE","seed_source_timestamp":112016637543800,"circlet_count":0,"master_deck":["AscendersBane","Survivor","Neutralize+1","Dodge and Roll","Blade Dance","Backflip","All Out Attack+1","Terror","Escape Plan","Venomology","Dagger Spray+1","Deflect","Dodge and Roll","Blur","Leg Sweep","A Thousand Cuts+1","Bouncing Flask+1","Cloak And Dagger","Bullet Time","Catalyst+1","Footwork+1","Dodge and Roll","Acrobatics","Catalyst+1","Burst+1","Backflip+1","Dash","Footwork+1","Catalyst","Acrobatics","Cloak And Dagger","Blur+1","PiercingWail"],"special_seed":0,"relics":["Pandora\u0027s Box","Nunchaku","Question Card","Orichalcum","Eternal Feather","Anchor","Nilry\u0027s Codex","Paper Crane","Vajra","Sundial","Lee\u0027s Waffle","Lantern","Snecko Eye","Turnip","Blood Vial","Bottled Lightning","Centennial Puzzle","Bird Faced Urn"],"potions_floor_usage":[28,28,31,44,45,47,51,51],"damage_taken":[{"damage":0.0,"enemies":"Cultist","floor":1.0,"turns":3.0},{"damage":0.0,"enemies":"2 Louse","floor":5.0,"turns":2.0},{"damage":3.0,"enemies":"3 Sentries","floor":7.0,"turns":6.0},{"damage":13.0,"enemies":"Lagavulin","floor":11.0,"turns":7.0},{"damage":0.0,"enemies":"Small Slimes","floor":12.0,"turns":3.0},{"damage":2.0,"enemies":"Red Slaver","floor":14.0,"turns":4.0},{"damage":14.0,"enemies":"Hexaghost","floor":16.0,"turns":9.0},{"damage":6.0,"enemies":"Shell Parasite","floor":18.0,"turns":6.0},{"damage":50.0,"enemies":"Slavers","floor":24.0,"turns":6.0},{"damage":61,"enemies":"Gremlin Leader","floor":28,"turns":9},{"damage":4,"enemies":"Spheric Guardian","floor":30,"turns":7},{"damage":9,"enemies":"Book of Stabbing","floor":31,"turns":7},{"damage":54,"enemies":"Automaton","floor":33,"turns":13},{"damage":0,"enemies":"3 Shapes","floor":35,"turns":4},{"damage":2,"enemies":"Mind Bloom Boss Battle","floor":37,"turns":6},{"damage":14,"enemies":"Nemesis","floor":41,"turns":5},{"damage":0,"enemies":"Giant Head","floor":44,"turns":6},{"damage":0,"enemies":"3 Darklings","floor":45,"turns":3},{"damage":0,"enemies":"Sphere and 2 Shapes","floor":47,"turns":6},{"damage":4,"enemies":"Nemesis","floor":48,"turns":5},{"damage":2,"enemies":"Time Eater","floor":50,"turns":6},{"damage":4,"enemies":"Awakened One","floor":51,"turns":16}],"seed_played":"4339139773887404816","potions_obtained":[{"floor":11.0,"key":"Strength Potion"},{"floor":24.0,"key":"SpeedPotion"},{"floor":33,"key":"PowerPotion"},{"floor":35,"key":"Dexterity Potion"},{"floor":41,"key":"Dexterity Potion"},{"floor":44,"key":"AttackPotion"}],"is_trial":false,"path_per_floor":["M","?","$","?","M","R","E","R","T","R","E","M","R","M","R","B",null,"M","T","$","?","?","R","E","R","T","R","E","$","M","E","R","B",null,"M","?","?","$","?","R","E","R","T","E","M","$","M","E","R","B","B",null],"character_chosen":"THE_SILENT","items_purchased":["Dodge and Roll","Catalyst","Footwork","Dodge and Roll","Lee\u0027s Waffle","Acrobatics","Cloak And Dagger"],"campfire_rested":2,"item_purchase_floors":[3,20,20,20,29,46,46],"current_hp_per_floor":[59,59,59,76,76,76,73,73,73,73,60,60,60,58,58,44,68,62,62,62,41,34,68,18,52,52,64,3,83,79,70,83,29,70,70,70,68,68,58,73,59,74,74,76,78,78,79,75,79,77,79],"gold":84,"neow_bonus":"BOSS_RELIC","is_prod":false,"is_daily":false,"chose_seed":false,"campfire_upgraded":10,"win_rate":0,"timestamp":1548568231,"path_taken":["M","?","$","?","M","R","E","R","T","R","E","M","R","M","R","BOSS","M","?","$","?","?","R","E","R","T","R","E","$","?","E","R","BOSS","M","?","?","?","?","R","E","R","T","E","M","$","M","E","R","BOSS","BOSS"],"build_version":"2019-01-23","purchased_purges":2,"victory":true,"max_hp_per_floor":[66,66,66,76,76,76,76,76,76,76,76,76,76,76,76,76,76,76,76,76,76,76,76,76,76,76,76,76,83,83,83,83,83,83,83,79,79,79,79,79,79,79,79,79,79,79,79,79,79,79,79],"card_choices":[{"not_picked":["Poisoned Stab","Slice"],"picked":"Deflect","floor":1.0},{"not_picked":["Dagger Throw","Deadly Poison"],"picked":"Blur","floor":5.0},{"not_picked":["Flying Knee","Blade Dance"],"picked":"Leg Sweep","floor":7.0},{"not_picked":["Backflip","Blur","Setup"],"picked":"A Thousand Cuts","floor":11.0},{"not_picked":["Flechettes","Riddle With Holes","Crippling Poison"],"picked":"Bouncing Flask","floor":12.0},{"not_picked":["Dagger Throw","Sucker Punch","Deadly Poison"],"picked":"Cloak And Dagger","floor":14.0},{"not_picked":["Die Die Die","Tools of the Trade","Phantasmal Killer"],"picked":"Bullet Time","floor":16.0},{"not_picked":["Outmaneuver","Blade Dance","Slice","Bouncing Flask"],"picked":"SKIP","floor":18.0},{"not_picked":["Prepared","Choke","Dagger Spray","Acrobatics"],"picked":"SKIP","floor":24.0},{"not_picked":["Tactician","Deflect","Heel Hook"],"picked":"Infinite Blades","floor":28},{"not_picked":["Caltrops+1","Dagger Spray","Slice"],"picked":"Acrobatics","floor":30},{"not_picked":["Terror","Glass Knife","Accuracy+1"],"picked":"Catalyst","floor":31},{"not_picked":["Corpse Explosion","Phantasmal Killer","Venomology"],"picked":"Burst","floor":33},{"not_picked":["Flying Knee","Acrobatics+1","Backstab"],"picked":"Backflip+1","floor":35},{"not_picked":["Underhanded Strike","Acrobatics","Distraction"],"picked":"Dash","floor":37},{"not_picked":["Deadly Poison+1","Dagger Spray+1","Deflect"],"picked":"Footwork","floor":41},{"not_picked":["Sucker Punch","PiercingWail+1","Flying Knee+1"],"picked":"Catalyst","floor":44},{"not_picked":["Accuracy+1","Expertise+1","Slice","Flying Knee"],"picked":"SKIP","floor":45},{"not_picked":["Footwork","Caltrops+1","Poisoned Stab"],"picked":"Blur+1","floor":47},{"not_picked":["Slice","Outmaneuver","Prepared"],"picked":"PiercingWail","floor":48}],"player_experience":1949334,"relics_obtained":[{"floor":7.0,"key":"Nunchaku"},{"floor":9.0,"key":"Question Card"},{"floor":11.0,"key":"Orichalcum"},{"floor":19.0,"key":"Anchor"},{"floor":21.0,"key":"Nilry\u0027s Codex"},{"floor":24.0,"key":"Paper Crane"},{"floor":26.0,"key":"Vajra"},{"floor":28,"key":"Sundial"},{"floor":31,"key":"Lantern"},{"floor":37,"key":"Turnip"},{"floor":41,"key":"Blood Vial"},{"floor":43,"key":"Bottled Lightning"},{"floor":44,"key":"Centennial Puzzle"},{"floor":48,"key":"Bird Faced Urn"}],"event_choices":[{"damage_healed":0.0,"max_hp_gain":0.0,"max_hp_loss":0.0,"gold_gain":0.0,"event_name":"The Cleric","player_choice":"Leave","floor":2.0,"gold_loss":0.0,"damage_taken":0.0},{"cards_removed":["Storm of Steel"],"damage_healed":7.0,"max_hp_gain":10.0,"max_hp_loss":0.0,"gold_gain":0.0,"event_name":"Bonfire Elementals","player_choice":"Offered Rare","floor":4.0,"gold_loss":0.0,"damage_taken":0.0},{"damage_healed":0.0,"max_hp_gain":0.0,"max_hp_loss":0.0,"gold_gain":0.0,"event_name":"Cursed Tome","player_choice":"Obtained Book","floor":21.0,"gold_loss":0.0,"damage_taken":21.0},{"damage_healed":0.0,"max_hp_gain":0.0,"max_hp_loss":0.0,"gold_gain":50.0,"event_name":"FaceTrader","player_choice":"Touch","floor":22.0,"gold_loss":0.0,"damage_taken":7.0},{"damage_healed":0,"gold_gain":0,"player_choice":"Max HP","damage_taken":0,"max_hp_gain":0,"max_hp_loss":4,"event_name":"Winding Halls","floor":36,"gold_loss":0},{"damage_healed":0,"gold_gain":0,"player_choice":"Fight","damage_taken":0,"max_hp_gain":0,"max_hp_loss":0,"event_name":"MindBloom","floor":37,"gold_loss":0},{"damage_healed":0,"gold_gain":0,"player_choice":"Memory 3","damage_taken":10,"max_hp_gain":0,"max_hp_loss":0,"event_name":"SensoryStone","floor":39,"gold_loss":0}],"is_beta":true,"boss_relics":[{"not_picked":["Coffee Dripper","Orrery"],"picked":"Eternal Feather"},{"not_picked":["Philosopher\u0027s Stone","Cursed Key"],"picked":"Snecko Eye"}],"items_purged_floors":[38,46],"is_endless":false,"potions_floor_spawned":[5,11,12,18,24,33,35,41,44,45],"ascension_level":20}