{"gold_per_floor":[118,132,132,22,22,22,41,58,126,41,53,88,88,88,88,88],"floor_reached":16,"playtime":603,"items_purged":[],"score":200,"play_id":"fade614b-2aeb-4325-81c0-f31f0c680a47","local_time":"20190125170204","is_ascension_mode":true,"campfire_choices":[{"data":"Neutralize","floor":6,"key":"SMITH"},{"data":"Noxious Fumes","floor":13,"key":"SMITH"},{"data":"Dagger Spray","floor":15,"key":"SMITH"}],"neow_cost":"NONE","seed_source_timestamp":487358230300,"circlet_count":0,"master_deck":["AscendersBane","Defend_G","Defend_G","Defend_G","Defend_G","Defend_G","Strike_G","Strike_G","Strike_G","Strike_G","Survivor","Neutralize+1","Expertise","Blur","Noxious Fumes+1","PiercingWail","Backflip","Blur","Cloak And Dagger","Dagger Spray+1","Infinite Blades","Bane"],"relics":["Coffee Dripper","Paper Crane","Strawberry"],"potions_floor_usage":[12],"damage_taken":[{"damage":3,"enemies":"2 Louse","floor":1,"turns":2},{"damage":1,"enemies":"Cultist","floor":2,"turns":4},{"damage":0,"enemies":"Jaw Worm","floor":7,"turns":5},{"damage":0,"enemies":"Blue Slaver","floor":8,"turns":6},{"damage":6,"enemies":"3 Louse","floor":11,"turns":4},{"damage":24,"enemies":"Lagavulin","floor":12,"turns":9},{"damage":32,"enemies":"Slime Boss","floor":16,"turns":8}],"seed_played":"-2564968392200853213","potions_obtained":[{"floor":1,"key":"Ancient Potion"},{"floor":8,"key":"AttackPotion"}],"is_trial":false,"path_per_floor":["M","M","?","$","$","R","M","M","T","$","M","E","R","?","R","B"],"character_chosen":"THE_SILENT","items_purchased":["Noxious Fumes","PiercingWail","Cloak And Dagger","Dagger Spray"],"campfire_rested":0,"item_purchase_floors":[4,4,10,10],"current_hp_per_floor":[56,55,55,55,55,55,55,55,55,55,49,32,32,32,32,0],"gold":88,"neow_bonus":"BOSS_RELIC","is_prod":false,"is_daily":false,"chose_seed":false,"campfire_upgraded":3,"win_rate":0,"timestamp":1548453724,"path_taken":["M","M","?","?","$","R","M","M","T","$","M","E","R","?","R","BOSS"],"build_version":"2019-01-23","purchased_purges":0,"victory":false,"max_hp_per_floor":[66,66,66,66,66,66,66,66,66,66,66,73,73,73,73,73],"card_choices":[{"not_picked":["Slice","Blade Dance"],"picked":"Expertise","floor":1},{"not_picked":["PiercingWail","Deadly Poison"],"picked":"Blur","floor":2},{"not_picked":["Escape Plan","Outmaneuver"],"picked":"Backflip","floor":7},{"not_picked":["Blade Dance","Quick Slash"],"picked":"Blur","floor":8},{"not_picked":["Finisher","Flying Knee"],"picked":"Infinite Blades","floor":11},{"not_picked":["Flying Knee","Concentrate"],"picked":"Bane","floor":12}],"player_experience":1938260,"relics_obtained":[{"floor":9,"key":"Paper Crane"},{"floor":12,"key":"Strawberry"}],"event_choices":[{"cards_removed":["Strike_G"],"damage_healed":0,"gold_gain":0,"player_choice":"Purged","damage_taken":0,"max_hp_gain":0,"max_hp_loss":0,"event_name":"Purifier","floor":3,"gold_loss":0},{"damage_healed":0,"gold_gain":0,"player_choice":"Ignored","damage_taken":0,"max_hp_gain":0,"max_hp_loss":0,"event_name":"Shining Light","floor":14,"gold_loss":0}],"is_beta":true,"boss_relics":[],"items_purged_floors":[],"is_endless":false,"potions_floor_spawned":[1,8],"killed_by":"Slime Boss","ascension_level":20}