{"gold_per_floor":[16,16,33,33,33,67,67,67,67,82,113,123,134,153,153,250,250,268,282,207,207,58,89,89,101,101,101],"floor_reached":27,"playtime":1688,"items_purged":[],"score":243,"play_id":"f6e47fbd-9381-4d7f-a693-250079f35a9b","local_time":"20190208235039","is_ascension_mode":false,"campfire_choices":[{"floor":7,"key":"REST"},{"floor":15,"key":"REST"},{"floor":24,"key":"REST"}],"neow_cost":"NO_GOLD","seed_source_timestamp":643712370412657,"circlet_count":0,"master_deck":["Defend_B","Defend_B","Defend_B","Defend_B","Zap","Dualcast","Redo","Steam","Ball Lightning","Hologram","Genetic Algorithm","Redo","Multi-Cast","Undo+1","Cold Snap+1","Machine Learning+1","Glacier","Redo","Glacier"],"relics":["Cracked Core","Bird Faced Urn","Mercury Hourglass","Matryoshka","PreservedInsect","Cables","Symbiotic Virus","Astrolabe","Nilry\u0027s Codex","Juzu Bracelet","Happy Flower","Centennial Puzzle"],"potions_floor_usage":[16,27,27],"damage_taken":[{"damage":4,"enemies":"2 Louse","floor":1,"turns":4},{"damage":0,"enemies":"Jaw Worm","floor":3,"turns":3},{"damage":18,"enemies":"Gremlin Nob","floor":6,"turns":4},{"damage":0,"enemies":"Cultist","floor":10,"turns":3},{"damage":28,"enemies":"Lagavulin","floor":11,"turns":4},{"damage":6,"enemies":"Blue Slaver","floor":12,"turns":2},{"damage":0,"enemies":"3 Louse","floor":13,"turns":2},{"damage":8,"enemies":"Large Slime","floor":14,"turns":3},{"damage":11,"enemies":"Hexaghost","floor":16,"turns":7},{"damage":0,"enemies":"Spheric Guardian","floor":18,"turns":3},{"damage":4,"enemies":"Chosen","floor":19,"turns":3},{"damage":54,"enemies":"Slavers","floor":23,"turns":5},{"damage":5,"enemies":"Centurion and Healer","floor":25,"turns":8},{"damage":38,"enemies":"Gremlin Leader","floor":27,"turns":5}],"seed_played":"-9018109454032308313","potions_obtained":[{"floor":1,"key":"Regen Potion"},{"floor":6,"key":"LiquidBronze"},{"floor":12,"key":"Swift Potion"},{"floor":19,"key":"FearPotion"},{"floor":23,"key":"Swift Potion"}],"is_trial":false,"path_per_floor":["M","$","M","$","?","E","R","?","T","M","E","M","M","M","R","B",null,"M","M","?","?","$","E","R","M","T","E"],"character_chosen":"DEFECT","items_purchased":["Juzu Bracelet"],"campfire_rested":3,"item_purchase_floors":[22],"current_hp_per_floor":[71,71,71,71,53,35,57,57,57,57,29,23,23,15,37,41,75,75,71,71,55,55,3,25,22,22,0],"gold":101,"neow_bonus":"ONE_RARE_RELIC","is_prod":false,"is_daily":false,"chose_seed":false,"campfire_upgraded":0,"win_rate":0,"timestamp":1549666239,"path_taken":["M","$","M","$","?","E","R","?","T","M","E","M","?","M","R","BOSS","M","M","?","?","$","E","R","M","T","E"],"build_version":"2019-01-23","purchased_purges":0,"victory":false,"max_hp_per_floor":[75,75,75,75,75,75,75,75,75,75,75,75,75,75,75,75,75,75,75,75,75,75,75,75,75,75,75],"card_choices":[{"not_picked":["Reinforced Body","Hologram"],"picked":"Redo","floor":1},{"not_picked":["Melter","Go for the Eyes"],"picked":"Steam","floor":3},{"not_picked":["Steam","Hyperbeam"],"picked":"Ball Lightning","floor":6},{"not_picked":["Gash","Turbo"],"picked":"Barrage","floor":10},{"not_picked":["Darkness","BootSequence"],"picked":"Genetic Algorithm","floor":11},{"not_picked":["Auto Shields","Steam"],"picked":"Redo","floor":12},{"not_picked":["Melter","Stack","Beam Cell"],"picked":"SKIP","floor":13},{"not_picked":["Force Field","Beam Cell","Turbo"],"picked":"SKIP","floor":14},{"not_picked":["Core Surge","Machine Learning"],"picked":"Multi-Cast","floor":16},{"not_picked":["Ball Lightning+1","Gash"],"picked":"Glacier","floor":18},{"not_picked":["Ball Lightning","Reinforced Body+1"],"picked":"Redo","floor":19},{"not_picked":["Double Energy","Turbo"],"picked":"Glacier","floor":23},{"not_picked":["Rebound","Tempest","Streamline"],"picked":"SKIP","floor":25}],"player_experience":622920,"relics_obtained":[{"floor":6,"key":"Matryoshka"},{"floor":9,"key":"PreservedInsect"},{"floor":9,"key":"Cables"},{"floor":11,"key":"Symbiotic Virus"},{"floor":21,"key":"Nilry\u0027s Codex"},{"floor":23,"key":"Happy Flower"},{"floor":26,"key":"Centennial Puzzle"}],"event_choices":[{"damage_healed":0,"gold_gain":0,"player_choice":"Success","damage_taken":18,"relics_obtained":["Mercury Hourglass"],"max_hp_gain":0,"max_hp_loss":0,"event_name":"Scrap Ooze","floor":5,"gold_loss":0},{"damage_healed":0,"gold_gain":0,"cards_transformed":["Strike_B"],"player_choice":"Transformed","damage_taken":0,"max_hp_gain":0,"max_hp_loss":0,"event_name":"Transmorgrifier","floor":8,"gold_loss":0,"cards_obtained":["Hologram"]},{"cards_removed":["Barrage"],"damage_healed":0,"gold_gain":0,"player_choice":"Gave Gold","damage_taken":0,"max_hp_gain":0,"max_hp_loss":0,"event_name":"Beggar","floor":20,"gold_loss":75},{"damage_healed":0,"gold_gain":0,"player_choice":"Obtained Book","damage_taken":16,"max_hp_gain":0,"max_hp_loss":0,"event_name":"Cursed Tome","floor":21,"gold_loss":0}],"is_beta":false,"boss_relics":[{"not_picked":["Snecko Eye","Coffee Dripper"],"picked":"Astrolabe"}],"items_purged_floors":[],"is_endless":false,"potions_floor_spawned":[1,6,12,19,23],"killed_by":"Gremlin Leader","ascension_level":0}