{"gold_per_floor":[117,117,130,130,130,130,150,150,176,209,219,219,219,246,246,325,325,342,12,25,25,45,45,45,63,116,116,129,129,129,42,42,42],"floor_reached":33,"playtime":2348,"items_purged":["Defend_R"],"score":606,"play_id":"549c9752-965c-4785-89f0-1840337061f6","local_time":"20190123000256","is_ascension_mode":true,"campfire_choices":[{"data":"Feed","floor":6,"key":"SMITH"},{"data":"Bash","floor":8,"key":"SMITH"},{"floor":12,"key":"DIG"},{"floor":15,"key":"REST"},{"floor":23,"key":"DIG"},{"floor":27,"key":"DIG"},{"floor":29,"key":"DIG"},{"floor":32,"key":"DIG"}],"neow_cost":"TEN_PERCENT_HP_LOSS","seed_source_timestamp":289667782459538,"circlet_count":0,"master_deck":["AscendersBane","Defend_R","Defend_R","Defend_R","Bash+1","Feed+1","Seeing Red","Carnage+1","Iron Wave","Twin Strike+1","Anger","Demon Form","Cleave","Armaments+1","Ghostly","Ghostly+1","Ghostly","Havoc+1","Exhume","Thunderclap","Bite","Bite","Bite","Bite","Bite","Metallicize"],"relics":["Burning Blood","Pen Nib","Vajra","Shovel","Ornamental Fan","Omamori","Mark of Pain","Champion Belt","Turnip","War Paint","Smiling Mask","FossilizedHelix","Juzu Bracelet"],"potions_floor_usage":[10,14,14,24,24],"damage_taken":[{"damage":2,"enemies":"2 Louse","floor":1,"turns":5},{"damage":8,"enemies":"Small Slimes","floor":3,"turns":6},{"damage":1,"enemies":"Cultist","floor":7,"turns":3},{"damage":25,"enemies":"3 Sentries","floor":10,"turns":7},{"damage":9,"enemies":"3 Louse","floor":11,"turns":3},{"damage":0,"enemies":"Lagavulin","floor":14,"turns":3},{"damage":2,"enemies":"Slime Boss","floor":16,"turns":8},{"damage":10,"enemies":"3 Byrds","floor":18,"turns":5},{"damage":0,"enemies":"Spheric Guardian","floor":20,"turns":2},{"damage":6,"enemies":"Snecko","floor":22,"turns":5},{"damage":3,"enemies":"Slavers","floor":24,"turns":4},{"damage":4,"enemies":"Chosen and Byrds","floor":25,"turns":4},{"damage":21,"enemies":"Cultist and Chosen","floor":28,"turns":6},{"damage":43,"enemies":"Champ","floor":33,"turns":6}],"seed_played":"-2677264244871536184","potions_obtained":[{"floor":3,"key":"Explosive Potion"},{"floor":7,"key":"Weak Potion"},{"floor":11,"key":"SkillPotion"},{"floor":16,"key":"Dexterity Potion"},{"floor":22,"key":"SmokeBomb"}],"is_trial":false,"path_per_floor":["M","?","M","?","?","R","M","R","T","E","M","R","?","E","R","B",null,"M","$","M","?","M","R","E","M","T","R","M","R","?","$","R","B"],"character_chosen":"IRONCLAD","items_purchased":["Champion Belt","Metallicize"],"campfire_rested":1,"item_purchase_floors":[19,31],"current_hp_per_floor":[71,36,37,61,54,54,63,63,63,48,49,49,23,29,54,62,83,79,79,85,45,45,45,45,49,49,49,34,34,34,34,34,0],"gold":42,"neow_bonus":"THREE_RARE_CARDS","is_prod":false,"is_daily":false,"chose_seed":false,"campfire_upgraded":2,"win_rate":0,"timestamp":1548230576,"path_taken":["M","?","M","?","?","R","M","R","T","E","M","R","?","E","R","BOSS","M","$","M","?","M","R","E","M","T","R","M","R","?","$","R","BOSS"],"build_version":"2019-01-17v2","purchased_purges":1,"victory":false,"max_hp_per_floor":[71,71,74,74,74,74,78,78,78,82,86,86,86,86,86,90,90,90,90,90,45,45,45,45,49,49,49,49,49,34,34,34,34],"card_choices":[{"not_picked":["Limit Break","Juggernaut"],"picked":"Feed","floor":0},{"not_picked":["Clash","Fire Breathing","Second Wind"],"picked":"SKIP","floor":1},{"not_picked":["Heavy Blade","Burning Pact"],"picked":"Seeing Red","floor":3},{"not_picked":["Iron Wave","Dropkick"],"picked":"Carnage","floor":7},{"not_picked":["Sentinel","Flex"],"picked":"Iron Wave","floor":10},{"not_picked":["Hemokinesis","Clash"],"picked":"Twin Strike","floor":11},{"not_picked":["Flex","Heavy Blade"],"picked":"Anger","floor":14},{"not_picked":["Juggernaut","Impervious"],"picked":"Demon Form","floor":16},{"not_picked":["Body Slam","Combust"],"picked":"Cleave","floor":18},{"not_picked":["Iron Wave","Fire Breathing"],"picked":"Armaments","floor":20},{"not_picked":["Feel No Pain","Hemokinesis"],"picked":"Havoc+1","floor":22},{"not_picked":["Power Through","Heavy Blade"],"picked":"Exhume","floor":25},{"not_picked":["Bloodletting","Iron Wave"],"picked":"Thunderclap","floor":28}],"player_experience":503435,"relics_obtained":[{"floor":9,"key":"Vajra"},{"floor":10,"key":"Shovel"},{"floor":12,"key":"Ornamental Fan"},{"floor":14,"key":"Omamori"},{"floor":23,"key":"Turnip"},{"floor":26,"key":"War Paint"},{"floor":27,"key":"Smiling Mask"},{"floor":29,"key":"FossilizedHelix"},{"floor":32,"key":"Juzu Bracelet"}],"event_choices":[{"damage_healed":0,"gold_gain":0,"player_choice":"Success","damage_taken":35,"relics_obtained":["Pen Nib"],"max_hp_gain":0,"max_hp_loss":0,"event_name":"Scrap Ooze","floor":2,"gold_loss":0},{"damage_healed":24,"gold_gain":0,"player_choice":"Banana","damage_taken":0,"max_hp_gain":0,"max_hp_loss":0,"event_name":"Big Fish","floor":4,"gold_loss":0},{"cards_removed":["Strike_R"],"damage_healed":0,"gold_gain":0,"player_choice":"Card Removal","damage_taken":7,"max_hp_gain":0,"max_hp_loss":0,"event_name":"Golden Wing","floor":5,"gold_loss":0},{"damage_healed":0,"gold_gain":0,"player_choice":"Entered Light","damage_taken":26,"max_hp_gain":0,"max_hp_loss":0,"event_name":"Shining Light","floor":13,"gold_loss":0,"cards_upgraded":["Carnage","Twin Strike"]},{"damage_healed":0,"gold_gain":0,"player_choice":"Became a Ghost","damage_taken":0,"max_hp_gain":0,"max_hp_loss":45,"event_name":"Ghosts","floor":21,"gold_loss":0,"cards_obtained":["Ghostly","Ghostly","Ghostly"]},{"damage_healed":0,"gold_gain":0,"player_choice":"Became a vampire","damage_taken":0,"max_hp_gain":0,"max_hp_loss":15,"event_name":"Vampires","floor":30,"gold_loss":0,"cards_obtained":["Bite","Bite","Bite","Bite","Bite"]}],"is_beta":false,"boss_relics":[{"not_picked":["Runic Pyramid","Black Blood"],"picked":"Mark of Pain"}],"items_purged_floors":[31],"is_endless":false,"potions_floor_spawned":[3,7,11,16,22,24],"killed_by":"Champ","ascension_level":16}