{"gold_per_floor":[116,136,66,78,97,122,122,149,149,149,183,183,183,183,183,279,279,295,11,28,47,47,47,74,74,74,74,91,111,125,125,155,258,258,269,283,114,161,161,161,0,16,16,16,16,46,110,35,35,35],"floor_reached":50,"playtime":7227,"items_purged":["Defend_B","Defend_B","Strike_B"],"score":558,"play_id":"92fc3cc3-0409-43f9-b545-7e3c34effa9e","local_time":"20190724171813","is_ascension_mode":true,"campfire_choices":[{"floor":7,"key":"REST"},{"floor":10,"key":"REST"},{"floor":12,"key":"DIG"},{"floor":15,"key":"REST"},{"floor":23,"key":"REST"},{"floor":25,"key":"REST"},{"floor":27,"key":"REST"},{"floor":32,"key":"DIG"},{"floor":40,"key":"REST"},{"floor":45,"key":"REST"},{"floor":49,"key":"REST"}],"neow_cost":"NONE","seed_source_timestamp":147704471353298,"circlet_count":0,"master_deck":["Strike_B","Strike_B","Strike_B","Defend_B","Defend_B","Zap","Dualcast","Leap","Redo+1","Lockon","Conserve Battery","Glacier","Compile Driver","Genetic Algorithm","White Noise","Seek","Rebound+1","Leap+1","Cold Snap","Multi-Cast","Defragment+1","Redo+1","Biased Cognition","Fusion+1","Ball Lightning","Hello World","Turbo","Storm","Ball Lightning+1","Parasite","Lockon+1"],"relics":["Cracked Core","Shovel","Ancient Tea Set","Pear","Nunchaku","Bag of Preparation","Lantern","Inserter","ClockworkSouvenir","Mercury Hourglass","Question Card","Tiny Chest","Runic Pyramid","Bird Faced Urn","Potion Belt","Red Mask","Ornamental Fan","SsserpentHead","Boot"],"potions_floor_usage":[16,16,21,24,33,38,46,50],"damage_taken":[{"damage":1,"enemies":"Cultist","floor":1,"turns":4},{"damage":4,"enemies":"2 Louse","floor":2,"turns":4},{"damage":1,"enemies":"Jaw Worm","floor":4,"turns":4},{"damage":6,"enemies":"3 Louse","floor":5,"turns":4},{"damage":36,"enemies":"3 Sentries","floor":6,"turns":13},{"damage":4,"enemies":"Lagavulin","floor":8,"turns":9},{"damage":1,"enemies":"3 Sentries","floor":11,"turns":9},{"damage":35,"enemies":"The Guardian","floor":16,"turns":23},{"damage":11,"enemies":"Spheric Guardian","floor":18,"turns":6},{"damage":34,"enemies":"3 Byrds","floor":20,"turns":8},{"damage":18,"enemies":"Sentry and Sphere","floor":21,"turns":7},{"damage":24,"enemies":"Gremlin Leader","floor":24,"turns":6},{"damage":2,"enemies":"Snake Plant","floor":28,"turns":5},{"damage":0,"enemies":"Snecko","floor":29,"turns":4},{"damage":0,"enemies":"Chosen and Byrds","floor":30,"turns":6},{"damage":30,"enemies":"Collector","floor":33,"turns":11},{"damage":0,"enemies":"3 Darklings","floor":35,"turns":4},{"damage":0,"enemies":"Orb Walker","floor":36,"turns":4},{"damage":51,"enemies":"2 Orb Walkers","floor":38,"turns":6},{"damage":11,"enemies":"4 Shapes","floor":42,"turns":3},{"damage":56,"enemies":"Giant Head","floor":46,"turns":12},{"damage":9,"enemies":"Writhing Mass","floor":47,"turns":5},{"damage":73,"enemies":"Donu and Deca","floor":50,"turns":8}],"seed_played":"-5191767408418330383","potions_obtained":[{"floor":0,"key":"FearPotion"},{"floor":0,"key":"FocusPotion"},{"floor":0,"key":"AttackPotion"},{"floor":6,"key":"SmokeBomb"},{"floor":16,"key":"EssenceOfSteel"},{"floor":20,"key":"EssenceOfSteel"},{"floor":24,"key":"Swift Potion"},{"floor":30,"key":"SneckoOil"},{"floor":36,"key":"Explosive Potion"},{"floor":38,"key":"Energy Potion"}],"is_trial":false,"path_per_floor":["M","M","$","M","M","E","R","E","T","R","E","R","?","?","R","B",null,"M","$","M","M","?","R","E","R","T","R","M","M","M","?","R","B",null,"M","M","$","?","T","R","?","M","T","?","R","E","M","$","R","B"],"character_chosen":"DEFECT","items_purchased":["Lockon","ClockworkSouvenir","Hello World"],"campfire_rested":9,"item_purchase_floors":[3,19,37],"current_hp_per_floor":[74,70,70,69,63,27,49,45,55,80,79,79,46,46,71,36,85,74,74,40,22,22,47,23,48,48,73,71,71,71,55,55,25,90,90,90,90,39,39,66,66,57,57,57,84,34,33,33,60,0],"gold":35,"neow_bonus":"THREE_SMALL_POTIONS","is_prod":false,"is_daily":false,"chose_seed":false,"campfire_upgraded":0,"win_rate":0,"timestamp":1564003093,"path_taken":["M","?","$","M","M","E","R","E","T","R","E","R","?","?","R","BOSS","M","$","M","M","?","R","E","R","T","R","M","M","M","?","R","BOSS","M","M","$","?","?","R","?","M","T","?","R","E","?","?","R","BOSS"],"build_version":"2019-07-17","purchased_purges":3,"victory":false,"max_hp_per_floor":[75,75,75,75,75,75,75,75,85,85,85,85,85,85,85,85,85,85,85,85,85,85,85,85,85,85,85,85,85,85,90,90,90,90,90,90,90,90,90,90,90,90,90,90,90,90,90,90,90,90],"card_choices":[{"not_picked":["Sunder","Stack"],"picked":"Leap","floor":1},{"not_picked":["Barrage","Go for the Eyes"],"picked":"Redo","floor":2},{"not_picked":["Lockon","Hologram"],"picked":"Conserve Battery","floor":4},{"not_picked":["Beam Cell","Redo"],"picked":"Glacier","floor":5},{"not_picked":["Fusion","Rebound"],"picked":"Compile Driver","floor":6},{"not_picked":["Biased Cognition","Redo"],"picked":"Genetic Algorithm","floor":8},{"not_picked":["Cold Snap","Compile Driver"],"picked":"White Noise","floor":11},{"not_picked":["Hyperbeam","Thunder Strike"],"picked":"Seek","floor":16},{"not_picked":["Stack","Turbo+1"],"picked":"Rebound+1","floor":18},{"not_picked":["Barrage","Sweeping Beam"],"picked":"Leap+1","floor":20},{"not_picked":["Streamline","Rebound"],"picked":"Cold Snap","floor":21},{"not_picked":["Go for the Eyes","Coolheaded"],"picked":"Multi-Cast","floor":24},{"not_picked":["Reprogram","BootSequence","Darkness"],"picked":"Defragment+1","floor":28},{"not_picked":["Conserve Battery","Rebound","Stack"],"picked":"Redo+1","floor":29},{"not_picked":["Fusion","Hologram","Conserve Battery","Turbo"],"picked":"SKIP","floor":30},{"not_picked":["Buffer","Seek","Amplify"],"picked":"Biased Cognition","floor":33},{"not_picked":["Leap","Conserve Battery+1","Steam"],"picked":"Fusion+1","floor":35},{"not_picked":["Heatsinks+1","Defragment+1","Steam Power+1"],"picked":"Ball Lightning","floor":36},{"not_picked":["Stack","Reprogram+1","Lockon"],"picked":"Turbo","floor":38},{"not_picked":["Consume+1","Thunder Strike","Cold Snap"],"picked":"Storm","floor":42},{"not_picked":["Fusion+1","Sunder","Glacier+1"],"picked":"Ball Lightning+1","floor":46},{"not_picked":["Coolheaded","Compile Driver+1","Sweeping Beam"],"picked":"Lockon+1","floor":47}],"player_experience":133828,"relics_obtained":[{"floor":6,"key":"Shovel"},{"floor":8,"key":"Ancient Tea Set"},{"floor":9,"key":"Pear"},{"floor":11,"key":"Nunchaku"},{"floor":12,"key":"Bag of Preparation"},{"floor":24,"key":"Mercury Hourglass"},{"floor":26,"key":"Question Card"},{"floor":32,"key":"Tiny Chest"},{"floor":38,"key":"Bird Faced Urn"},{"floor":39,"key":"Potion Belt"},{"floor":43,"key":"Ornamental Fan"},{"floor":46,"key":"Boot"}],"event_choices":[{"damage_healed":0,"gold_gain":0,"player_choice":"Success","damage_taken":33,"relics_obtained":["Lantern"],"max_hp_gain":0,"max_hp_loss":0,"event_name":"Scrap Ooze","floor":13,"gold_loss":0},{"damage_healed":0,"gold_gain":0,"player_choice":"Upgraded","damage_taken":0,"max_hp_gain":0,"max_hp_loss":0,"event_name":"Upgrade Shrine","floor":14,"gold_loss":0,"cards_upgraded":["Redo"]},{"damage_healed":0,"gold_gain":0,"player_choice":"Ignored","damage_taken":0,"max_hp_gain":0,"max_hp_loss":0,"event_name":"Cursed Tome","floor":22,"gold_loss":0},{"damage_healed":0,"gold_gain":0,"player_choice":"Shed Blood","damage_taken":21,"max_hp_gain":5,"max_hp_loss":0,"event_name":"Forgotten Altar","floor":31,"gold_loss":0},{"damage_healed":0,"gold_gain":0,"player_choice":"Fight","damage_taken":0,"max_hp_gain":0,"max_hp_loss":0,"event_name":"Mysterious Sphere","floor":38,"gold_loss":0},{"damage_healed":0,"gold_gain":0,"player_choice":"Paid","damage_taken":0,"relics_obtained":["Red Mask"],"max_hp_gain":0,"max_hp_loss":0,"event_name":"Tomb of Lord Red Mask","floor":41,"gold_loss":161},{"damage_healed":0,"gold_gain":0,"player_choice":"Trade","damage_taken":0,"relics_obtained":["SsserpentHead"],"max_hp_gain":0,"max_hp_loss":0,"event_name":"FaceTrader","floor":44,"gold_loss":0}],"is_beta":false,"boss_relics":[{"not_picked":["Tiny House","Black Star"],"picked":"Inserter"},{"not_picked":["Calling Bell","Orrery"],"picked":"Runic Pyramid"}],"items_purged_floors":[19,37,48],"is_endless":false,"potions_floor_spawned":[6,8,16,20,24,30,36,38],"killed_by":"Donu and Deca","ascension_level":1}