{"gold_per_floor":[10,10,10,22,22,22,39,39,39,55,86,86,104,64,64,159,159,178,193,193,193,203,203,278,278,278,278,297,328,428,760,760,858,858,871,922,935,627,643,643,47,47,73,73,84,115,129,229,229,229],"floor_reached":51,"playtime":2665,"items_purged":["Strike_R"],"score":788,"play_id":"b1d9216c-7a4c-477b-b041-801dad75e0e8","local_time":"20181121151856","is_ascension_mode":false,"campfire_choices":[{"data":"1","floor":6,"key":"LIFT"},{"data":"2","floor":8,"key":"LIFT"},{"data":"Bash","floor":12,"key":"SMITH"},{"data":"Uppercut","floor":15,"key":"SMITH"},{"data":"Armaments","floor":25,"key":"SMITH"},{"data":"3","floor":27,"key":"LIFT"},{"data":"Flex","floor":32,"key":"SMITH"},{"data":"Pummel","floor":40,"key":"SMITH"},{"data":"Whirlwind","floor":42,"key":"SMITH"},{"data":"Sword Boomerang","floor":44,"key":"SMITH"},{"data":"Heavy Blade","floor":49,"key":"SMITH"}],"neow_cost":"NO_GOLD","seed_source_timestamp":421466215505950,"circlet_count":0,"master_deck":["Strike_R","Strike_R","Strike_R","Strike_R","Defend_R","Defend_R","Defend_R","Defend_R","Bash+1","Heavy Blade+1","Shrug It Off","Impervious","Flex+1","Armaments+1","Clothesline","Uppercut+1","Immolate","True Grit+1","Pommel Strike+1","Ghostly","Ghostly","Ghostly","Ghostly","Ghostly","Dropkick","Heavy Blade+1","Inflame+1","Sword Boomerang+1","Pummel+1","Finesse","Whirlwind+1","Disarm+1"],"relics":["Burning Blood","Girya","Bronze Scales","Letter Opener","Turnip","Sozu","Juzu Bracelet","Mercury Hourglass","Paper Frog","Ancient Tea Set","Old Coin","Busted Crown","Du-Vu Doll","Shuriken","Toolbox","Oddly Smooth Stone","Blood Vial","Happy Flower"],"potions_floor_usage":[11,50,50],"damage_taken":[{"damage":3,"enemies":"Small Slimes","floor":1,"turns":4},{"damage":0,"enemies":"2 Louse","floor":4,"turns":2},{"damage":1,"enemies":"Cultist","floor":7,"turns":3},{"damage":7,"enemies":"Looter","floor":10,"turns":3},{"damage":27,"enemies":"3 Sentries","floor":11,"turns":7},{"damage":6,"enemies":"Large Slime","floor":13,"turns":5},{"damage":28,"enemies":"Slime Boss","floor":16,"turns":10},{"damage":12,"enemies":"Spheric Guardian","floor":18,"turns":4},{"damage":20,"enemies":"2 Thieves","floor":19,"turns":3},{"damage":0,"enemies":"Centurion and Healer","floor":22,"turns":6},{"damage":2,"enemies":"Shelled Parasite and Fungi","floor":28,"turns":4},{"damage":2,"enemies":"Book of Stabbing","floor":29,"turns":4},{"damage":1,"enemies":"Slavers","floor":31,"turns":3},{"damage":9,"enemies":"Automaton","floor":33,"turns":8},{"damage":3,"enemies":"3 Darklings","floor":35,"turns":3},{"damage":3,"enemies":"2 Orb Walkers","floor":36,"turns":4},{"damage":1,"enemies":"3 Shapes","floor":37,"turns":3},{"damage":0,"enemies":"Spire Growth","floor":39,"turns":4},{"damage":1,"enemies":"Transient","floor":45,"turns":5},{"damage":1,"enemies":"Giant Head","floor":46,"turns":6},{"damage":1,"enemies":"Sphere and 2 Shapes","floor":47,"turns":4},{"damage":2,"enemies":"Donu and Deca","floor":50,"turns":7}],"seed_played":"-4760635737107443020","potions_obtained":[{"floor":4,"key":"EssenceOfSteel"},{"floor":5,"key":"Swift Potion"},{"floor":5,"key":"Dexterity Potion"}],"is_trial":false,"path_per_floor":["M","?","?","M","?","R","M","R","T","M","E","R","M","$","R","B",null,"M","M","?","?","M","?","T","R","T","R","M","E","?","E","R","B",null,"M","?","M","$","M","R","$","R","T","R","M","E","M","?","R","B",null],"character_chosen":"IRONCLAD","items_purchased":["Uppercut","Shuriken","Sword Boomerang","Toolbox","Finesse","Whirlwind","Oddly Smooth Stone"],"campfire_rested":0,"item_purchase_floors":[14,38,38,41,41,41,41],"current_hp_per_floor":[80,73,73,79,79,79,80,80,80,79,58,58,58,58,58,36,80,74,60,40,40,40,40,40,40,40,40,40,40,40,40,40,37,40,40,40,40,40,40,40,40,40,40,40,40,40,40,40,40,40],"gold":229,"neow_bonus":"ONE_RARE_RELIC","is_prod":false,"is_daily":false,"chose_seed":false,"campfire_upgraded":8,"win_rate":0,"timestamp":1542831536,"path_taken":["M","?","?","M","?","R","M","R","T","M","E","R","M","$","R","BOSS","M","?","?","?","M","?","?","R","T","R","M","E","?","E","R","BOSS","M","?","M","$","M","R","$","R","T","R","M","E","M","?","R","BOSS"],"build_version":"2018-11-15","purchased_purges":1,"victory":true,"max_hp_per_floor":[80,80,80,80,80,80,80,80,80,80,80,80,80,80,80,80,80,80,80,40,40,40,40,40,40,40,40,40,40,40,40,40,40,40,40,40,40,40,40,40,40,40,40,40,40,40,40,40,40,40],"card_choices":[{"not_picked":["Armaments","Thunderclap"],"picked":"Heavy Blade","floor":1},{"not_picked":["Heavy Blade","Twin Strike"],"picked":"Shrug It Off","floor":4},{"not_picked":["Cleave","Havoc"],"picked":"Impervious","floor":7},{"not_picked":["Cleave","Wild Strike"],"picked":"Flex","floor":10},{"not_picked":["Warcry","Rampage"],"picked":"Armaments","floor":11},{"not_picked":["True Grit","Flex"],"picked":"Clothesline","floor":13},{"not_picked":["Juggernaut","Fiend Fire"],"picked":"Immolate","floor":16},{"not_picked":["Wild Strike","Feel No Pain"],"picked":"True Grit+1","floor":18},{"not_picked":["Anger","Infernal Blade"],"picked":"Pommel Strike+1","floor":19},{"not_picked":["Wild Strike+1","Pommel Strike","Fiend Fire"],"picked":"SKIP","floor":22},{"not_picked":["Rage","Armaments"],"picked":"Heavy Blade+1","floor":28},{"not_picked":["Metallicize","Ghostly Armor","Armaments"],"picked":"SKIP","floor":29},{"not_picked":["Havoc","Fire Breathing+1"],"picked":"Inflame+1","floor":31},{"not_picked":["Body Slam+1"],"picked":"SKIP","floor":35},{"not_picked":["Second Wind"],"picked":"SKIP","floor":37},{"not_picked":[],"picked":"Pummel","floor":39},{"not_picked":["Body Slam+1"],"picked":"SKIP","floor":45},{"not_picked":["Evolve"],"picked":"SKIP","floor":46},{"not_picked":[],"picked":"Disarm+1","floor":47}],"player_experience":125987,"relics_obtained":[{"floor":9,"key":"Letter Opener"},{"floor":11,"key":"Turnip"},{"floor":24,"key":"Mercury Hourglass"},{"floor":26,"key":"Paper Frog"},{"floor":29,"key":"Ancient Tea Set"},{"floor":31,"key":"Old Coin"},{"floor":36,"key":"Du-Vu Doll"},{"floor":43,"key":"Blood Vial"},{"floor":46,"key":"Happy Flower"}],"event_choices":[{"damage_healed":0,"gold_gain":0,"player_choice":"Success","damage_taken":7,"relics_obtained":["Bronze Scales"],"max_hp_gain":0,"max_hp_loss":0,"event_name":"Scrap Ooze","floor":2,"gold_loss":0},{"damage_healed":0,"gold_gain":0,"player_choice":"Leave","damage_taken":0,"max_hp_gain":0,"max_hp_loss":0,"event_name":"The Cleric","floor":3,"gold_loss":0},{"damage_healed":0,"gold_gain":0,"player_choice":"Got Potions","damage_taken":0,"max_hp_gain":0,"max_hp_loss":0,"event_name":"Lab","floor":5,"gold_loss":0},{"damage_healed":0,"gold_gain":0,"player_choice":"Became a Ghost","damage_taken":0,"max_hp_gain":0,"max_hp_loss":40,"event_name":"Ghosts","floor":20,"gold_loss":0,"cards_obtained":["Ghostly","Ghostly","Ghostly","Ghostly","Ghostly"]},{"damage_healed":0,"gold_gain":0,"player_choice":"Opened","damage_taken":0,"relics_obtained":["Juzu Bracelet"],"max_hp_gain":0,"max_hp_loss":0,"event_name":"The Mausoleum","floor":21,"gold_loss":0},{"damage_healed":0,"gold_gain":0,"player_choice":"Read","damage_taken":0,"max_hp_gain":0,"max_hp_loss":0,"event_name":"The Library","floor":23,"gold_loss":0,"cards_obtained":["Dropkick"]},{"damage_healed":0,"gold_gain":100,"player_choice":"Pray","damage_taken":0,"max_hp_gain":0,"max_hp_loss":0,"event_name":"Golden Shrine","floor":30,"gold_loss":0},{"damage_healed":0,"gold_gain":0,"player_choice":"Fight","damage_taken":0,"max_hp_gain":0,"max_hp_loss":0,"event_name":"Mysterious Sphere","floor":36,"gold_loss":0},{"damage_healed":0,"gold_gain":100,"player_choice":"Pray","damage_taken":0,"max_hp_gain":0,"max_hp_loss":0,"event_name":"Golden Shrine","floor":48,"gold_loss":0}],"is_beta":false,"boss_relics":[{"not_picked":["Mark of Pain","Cursed Key"],"picked":"Sozu"},{"not_picked":["Runic Dome","Black Blood"],"picked":"Busted Crown"}],"items_purged_floors":[41],"is_endless":false,"potions_floor_spawned":[4,7,22,31,35,37,39],"ascension_level":0}