{"gold_per_floor":[117,129,3,3,14,14,43,43,43,43,9,9,9,9,9,110,110,134,46,58,74,74,74,74],"floor_reached":24,"playtime":1188,"items_purged":["Writhe","Parasite"],"score":255,"play_id":"4bbcabf8-e30d-4363-b8ef-496747e7046f","local_time":"20190915151144","is_ascension_mode":true,"campfire_choices":[{"data":"1","floor":6,"key":"LIFT"},{"data":"2","floor":8,"key":"LIFT"},{"data":"3","floor":10,"key":"LIFT"},{"floor":12,"key":"REST"},{"floor":15,"key":"REST"},{"floor":23,"key":"REST"}],"neow_cost":"CURSE","seed_source_timestamp":43853071170958,"circlet_count":0,"master_deck":["Strike_R","Strike_R","Strike_R","Strike_R","Strike_R","Defend_R","Defend_R","Defend_R","Defend_R","Bash","Bloodletting+1","Cleave","Flex","Dropkick","Metallicize","Limit Break","Clumsy","Decay","Rage","Heavy Blade","Disarm","Limit Break"],"relics":["Burning Blood","Girya","StoneCalendar","Bag of Marbles","Darkstone Periapt","Calling Bell","MawBank","Question Card","Champion Belt"],"potions_floor_usage":[7,16,16,20,24],"damage_taken":[{"damage":0,"enemies":"Small Slimes","floor":1,"turns":4},{"damage":13,"enemies":"Jaw Worm","floor":2,"turns":4},{"damage":9,"enemies":"Cultist","floor":5,"turns":4},{"damage":48,"enemies":"Lagavulin","floor":7,"turns":6},{"damage":48,"enemies":"Hexaghost","floor":16,"turns":7},{"damage":22,"enemies":"2 Thieves","floor":18,"turns":3},{"damage":39,"enemies":"Shell Parasite","floor":20,"turns":5},{"damage":43,"enemies":"Centurion and Healer","floor":21,"turns":6},{"damage":44,"enemies":"Gremlin Leader","floor":24,"turns":4}],"seed_played":"-5467829279475965974","potions_obtained":[{"floor":5,"key":"Regen Potion"},{"floor":7,"key":"Poison Potion"},{"floor":16,"key":"LiquidBronze"},{"floor":21,"key":"Block Potion"}],"is_trial":false,"path_per_floor":["M","M","$","?","M","R","E","R","T","R","$","R","?","$","R","B",null,"M","$","M","M","?","R","E"],"character_chosen":"IRONCLAD","items_purchased":["Strength Potion","Metallicize"],"campfire_rested":3,"item_purchase_floors":[3,11],"current_hp_per_floor":[80,73,73,66,63,63,35,35,35,35,35,59,59,59,80,38,98,82,82,49,12,12,40,0],"gold":74,"neow_bonus":"ONE_RARE_RELIC","is_prod":false,"is_daily":false,"chose_seed":false,"campfire_upgraded":0,"win_rate":0,"timestamp":1568574704,"path_taken":["M","M","$","?","M","R","E","R","T","R","$","R","?","?","R","BOSS","M","$","M","M","?","R","E"],"build_version":"2019-07-17","purchased_purges":2,"victory":false,"max_hp_per_floor":[80,80,80,80,80,80,80,80,80,80,80,80,80,80,80,80,98,98,95,95,95,95,95,95],"card_choices":[{"not_picked":["True Grit","Headbutt"],"picked":"Bloodletting","floor":1},{"not_picked":["Perfected Strike","Disarm"],"picked":"Cleave","floor":2},{"not_picked":["Warcry","Reckless Charge"],"picked":"Flex","floor":5},{"not_picked":["Feel No Pain","Pommel Strike"],"picked":"Dropkick","floor":7},{"not_picked":["Brutality","Immolate"],"picked":"Limit Break","floor":16},{"not_picked":["Power Through","Flame Barrier+1","Evolve"],"picked":"Rage","floor":18},{"not_picked":["Bloodletting","Inflame","Twin Strike"],"picked":"Heavy Blade","floor":20},{"not_picked":["Clothesline","Heavy Blade","Fiend Fire"],"picked":"Disarm","floor":21}],"player_experience":347288,"relics_obtained":[{"floor":7,"key":"Bag of Marbles"},{"floor":9,"key":"Darkstone Periapt"},{"floor":17,"key":"MawBank"},{"floor":17,"key":"Question Card"},{"floor":17,"key":"Champion Belt"}],"event_choices":[{"damage_healed":0,"gold_gain":0,"player_choice":"Success","damage_taken":7,"relics_obtained":["StoneCalendar"],"max_hp_gain":0,"max_hp_loss":0,"event_name":"Scrap Ooze","floor":4,"gold_loss":0},{"damage_healed":0,"gold_gain":0,"player_choice":"Grow","damage_taken":0,"max_hp_gain":0,"max_hp_loss":0,"event_name":"Living Wall","floor":13,"gold_loss":0,"cards_upgraded":["Bloodletting"]},{"damage_healed":0,"gold_gain":0,"player_choice":"Copied","damage_taken":0,"max_hp_gain":0,"max_hp_loss":0,"event_name":"Duplicator","floor":22,"gold_loss":0,"cards_obtained":["Limit Break"]}],"is_beta":false,"boss_relics":[{"not_picked":["Mark of Pain","Fusion Hammer"],"picked":"Calling Bell"}],"items_purged_floors":[3,19],"is_endless":false,"potions_floor_spawned":[5,7,16,21],"killed_by":"Gremlin Leader","ascension_level":4}