{"gold_per_floor":[115,190,7,17,17,48,48,80,80,80,9,28,54,69,69,168,168,187,187,201,201,4,36,36,70,112,141,167,208,220,251,263,376,388,417,186,186,204,9,38,38,38,38,38,71,71,85,102,102,102],"floor_reached":51,"playtime":7246,"items_purged":["Strike_G","Skewer","Defend_G"],"score":871,"play_id":"b1cca2dd-a3b4-4fe4-b8a4-ce34d1934efe","local_time":"20190817000312","is_ascension_mode":true,"campfire_choices":[{"data":"Noxious Fumes","floor":7,"key":"SMITH"},{"floor":10,"key":"REST"},{"data":"Crippling Poison","floor":15,"key":"SMITH"},{"floor":32,"key":"REST"},{"floor":42,"key":"REST"},{"floor":49,"key":"REST"}],"neow_cost":"NONE","seed_source_timestamp":49807532215351,"circlet_count":0,"master_deck":["Defend_G","Defend_G","Defend_G","Survivor","Neutralize","Prepared","Predator","Noxious Fumes+1","Crippling Poison","Bouncing Flask","PiercingWail","Footwork","Caltrops","Leg Sweep","Crippling Poison+1","Corpse Explosion","Leg Sweep","After Image","Well Laid Plans","Crippling Poison","Bouncing Flask+1","Bouncing Flask","Poisoned Stab","Backflip","PiercingWail","Skewer+1","All Out Attack","Dagger Spray","After Image","Blur+1","Outmaneuver+1","Burst","Catalyst","Madness","Madness","Neutralize+1","Poisoned Stab+1","Adrenaline","Outmaneuver+1"],"relics":["Ring of the Serpent","Bottled Tornado","Orichalcum","Matryoshka","Snake Skull","Fusion Hammer","Shuriken","MawBank","Tiny Chest","Bottled Lightning","Oddly Smooth Stone","PreservedInsect","Ancient Tea Set","Vajra","Omamori","Molten Egg 2"],"potions_floor_usage":[6,16,23,25,27,31,50],"damage_taken":[{"damage":0,"enemies":"Small Slimes","floor":1,"turns":5},{"damage":0,"enemies":"2 Louse","floor":4,"turns":2},{"damage":19,"enemies":"3 Sentries","floor":6,"turns":7},{"damage":13,"enemies":"Lagavulin","floor":8,"turns":6},{"damage":0,"enemies":"Cultist","floor":12,"turns":4},{"damage":8,"enemies":"Gremlin Nob","floor":13,"turns":4},{"damage":1,"enemies":"2 Fungi Beasts","floor":14,"turns":4},{"damage":0,"enemies":"The Guardian","floor":16,"turns":8},{"damage":6,"enemies":"2 Thieves","floor":18,"turns":3},{"damage":0,"enemies":"3 Byrds","floor":20,"turns":2},{"damage":18,"enemies":"Slavers","floor":23,"turns":4},{"damage":7,"enemies":"Book of Stabbing","floor":25,"turns":5},{"damage":2,"enemies":"Sentry and Sphere","floor":27,"turns":5},{"damage":4,"enemies":"Centurion and Healer","floor":28,"turns":4},{"damage":6,"enemies":"Slavers","floor":29,"turns":4},{"damage":2,"enemies":"Snecko","floor":31,"turns":4},{"damage":13,"enemies":"Automaton","floor":33,"turns":8},{"damage":15,"enemies":"3 Darklings","floor":35,"turns":4},{"damage":13,"enemies":"Orb Walker","floor":38,"turns":4},{"damage":3,"enemies":"Nemesis","floor":40,"turns":7},{"damage":12,"enemies":"Reptomancer","floor":45,"turns":5},{"damage":0,"enemies":"Maw","floor":47,"turns":5},{"damage":7,"enemies":"4 Shapes","floor":48,"turns":3},{"damage":40,"enemies":"Awakened One","floor":50,"turns":13}],"seed_played":"650384392331532668","potions_obtained":[{"floor":1,"key":"Explosive Potion"},{"floor":6,"key":"Ancient Potion"},{"floor":12,"key":"Dexterity Potion"},{"floor":16,"key":"Ancient Potion"},{"floor":23,"key":"Energy Potion"},{"floor":25,"key":"SkillPotion"},{"floor":29,"key":"Ancient Potion"},{"floor":35,"key":"GhostInAJar"}],"is_trial":false,"path_per_floor":["M","?","$","M","?","E","R","E","T","R","$","M","E","M","R","B",null,"M","?","M","?","$","E","?","E","T","M","M","E","?","M","R","B",null,"M","$","?","M","$","E","?","R","T","$","E","?","M","M","R","B",null],"character_chosen":"THE_SILENT","items_purchased":["Noxious Fumes","Crippling Poison","Footwork","Well Laid Plans","GhostInAJar","Crippling Poison","PreservedInsect","Burst"],"campfire_rested":4,"item_purchase_floors":[3,3,11,22,22,22,36,39],"current_hp_per_floor":[70,59,59,59,59,40,40,27,27,48,48,48,40,39,39,39,70,64,64,64,64,64,46,46,39,39,37,33,27,27,25,46,33,70,55,55,55,42,42,39,30,51,51,51,39,39,39,32,53,13],"gold":102,"neow_bonus":"TRANSFORM_CARD","is_prod":false,"is_daily":false,"chose_seed":false,"campfire_upgraded":2,"win_rate":0,"timestamp":1566014592,"path_taken":["M","?","$","M","?","E","R","E","T","R","$","?","E","M","R","BOSS","M","?","M","?","$","E","?","E","T","M","M","E","?","?","R","BOSS","M","$","?","M","$","E","?","R","T","?","E","?","M","?","R","BOSS"],"build_version":"2019-07-17","purchased_purges":3,"victory":true,"max_hp_per_floor":[70,70,70,70,70,70,70,70,70,70,70,70,70,70,70,70,70,70,70,70,70,70,70,70,70,70,70,70,70,70,70,70,70,70,70,70,70,70,70,70,70,70,70,70,70,70,70,70,70,70],"card_choices":[{"not_picked":["Blur","Deadly Poison"],"picked":"Predator","floor":1},{"not_picked":["Deflect","Sucker Punch"],"picked":"Bouncing Flask","floor":4},{"not_picked":["Quick Slash","Infinite Blades"],"picked":"PiercingWail","floor":6},{"not_picked":["Escape Plan","Heel Hook","Flying Knee"],"picked":"SKIP","floor":8},{"not_picked":["Escape Plan","Blade Dance"],"picked":"Caltrops","floor":12},{"not_picked":["Dagger Throw","Deadly Poison"],"picked":"Leg Sweep","floor":13},{"not_picked":["Poisoned Stab","Leg Sweep"],"picked":"Crippling Poison","floor":14},{"not_picked":["A Thousand Cuts","Doppelganger"],"picked":"Corpse Explosion","floor":16},{"not_picked":["Cloak And Dagger","Deflect+1"],"picked":"Leg Sweep","floor":18},{"not_picked":["Poisoned Stab","Sucker Punch","Blade Dance+1"],"picked":"SKIP","floor":20},{"not_picked":["Distraction","Accuracy+1"],"picked":"Bouncing Flask+1","floor":23},{"not_picked":["Quick Slash","Flying Knee+1"],"picked":"Backflip","floor":25},{"not_picked":["Slice+1","Cloak And Dagger"],"picked":"PiercingWail","floor":27},{"not_picked":["Phantasmal Killer","Sucker Punch"],"picked":"Skewer","floor":28},{"not_picked":["Choke","Cloak And Dagger"],"picked":"Skewer+1","floor":29},{"not_picked":["Outmaneuver","Slice"],"picked":"Dagger Spray","floor":31},{"not_picked":["Venomology","Corpse Explosion"],"picked":"After Image","floor":33},{"not_picked":["Backflip","Deadly Poison"],"picked":"Blur+1","floor":35},{"not_picked":["Flechettes","Sucker Punch"],"picked":"Outmaneuver+1","floor":38},{"not_picked":["Infinite Blades+1","Calculated Gamble+1"],"picked":"Catalyst","floor":40},{"not_picked":["Infinite Blades","Sucker Punch","Flechettes+1"],"picked":"SKIP","floor":45},{"not_picked":["Escape Plan","Outmaneuver"],"picked":"Adrenaline","floor":47},{"not_picked":["Poisoned Stab+1","Expertise+1"],"picked":"Outmaneuver+1","floor":48}],"player_experience":96783,"relics_obtained":[{"floor":6,"key":"Bottled Tornado"},{"floor":8,"key":"Orichalcum"},{"floor":9,"key":"Matryoshka"},{"floor":13,"key":"Snake Skull"},{"floor":23,"key":"Shuriken"},{"floor":25,"key":"MawBank"},{"floor":26,"key":"Tiny Chest"},{"floor":26,"key":"Bottled Lightning"},{"floor":29,"key":"Oddly Smooth Stone"},{"floor":40,"key":"Ancient Tea Set"},{"floor":43,"key":"Vajra"},{"floor":43,"key":"Omamori"},{"floor":45,"key":"Molten Egg 2"}],"event_choices":[{"damage_healed":0,"gold_gain":75,"player_choice":"Gather Gold","damage_taken":11,"max_hp_gain":0,"max_hp_loss":0,"event_name":"World of Goop","floor":2,"gold_loss":0},{"cards_removed":["Strike_G"],"damage_healed":0,"gold_gain":0,"player_choice":"Offered Basic","damage_taken":0,"max_hp_gain":0,"max_hp_loss":0,"event_name":"Bonfire Elementals","floor":5,"gold_loss":0},{"damage_healed":0,"gold_gain":0,"player_choice":"Ignored","damage_taken":0,"max_hp_gain":0,"max_hp_loss":0,"event_name":"The Mausoleum","floor":19,"gold_loss":0},{"damage_healed":0,"gold_gain":0,"player_choice":"Read","damage_taken":0,"max_hp_gain":0,"max_hp_loss":0,"event_name":"The Library","floor":21,"gold_loss":0,"cards_obtained":["After Image"]},{"damage_healed":0,"gold_gain":0,"cards_transformed":["Strike_G","Strike_G"],"player_choice":"Became Test Subject","damage_taken":0,"max_hp_gain":0,"max_hp_loss":0,"event_name":"Drug Dealer","floor":24,"gold_loss":0,"cards_obtained":["Bouncing Flask","Poisoned Stab"]},{"damage_healed":0,"gold_gain":0,"cards_transformed":["Defend_G"],"player_choice":"Transformed","damage_taken":0,"max_hp_gain":0,"max_hp_loss":0,"event_name":"Transmorgrifier","floor":30,"gold_loss":0,"cards_obtained":["All Out Attack"]},{"damage_healed":0,"gold_gain":0,"player_choice":"Ignored","damage_taken":0,"max_hp_gain":0,"max_hp_loss":0,"event_name":"Tomb of Lord Red Mask","floor":37,"gold_loss":0},{"damage_healed":0,"gold_gain":0,"player_choice":"Embrace Madness","damage_taken":9,"max_hp_gain":0,"max_hp_loss":0,"event_name":"Winding Halls","floor":41,"gold_loss":0,"cards_obtained":["Madness","Madness"]},{"damage_healed":0,"gold_gain":0,"player_choice":"2 cards matched","damage_taken":0,"max_hp_gain":0,"max_hp_loss":0,"event_name":"Match and Keep!","floor":46,"gold_loss":0,"cards_obtained":["Neutralize","Poisoned Stab"]}],"is_beta":false,"boss_relics":[{"not_picked":["HoveringKite","Black Star"],"picked":"Fusion Hammer"},{"not_picked":["Astrolabe","Lizard Tail"],"picked":"Ring of the Serpent"}],"items_purged_floors":[3,36,39],"is_endless":false,"potions_floor_spawned":[1,6,12,16,23,25,29,35,47],"ascension_level":1}