{"gold_per_floor":[217,230,243,168,187,187,207,207,207,225,225,241,252,99,99,194,194,213,201,201,116,127,127,160,160,160,160,186,29,29,47,47,146,146,159,174,188,41,41,41,17,37,37,52,67,67,77,111,111,111],"floor_reached":51,"playtime":2392,"items_purged":["Strike_B"],"score":1045,"play_id":"58345a9f-9645-4a62-a0a7-b2457042800a","local_time":"20190916154937","is_ascension_mode":true,"campfire_choices":[{"data":"Zap","floor":6.0,"key":"SMITH"},{"data":"Dualcast","floor":8.0,"key":"SMITH"},{"floor":15.0,"key":"REST"},{"data":"Buffer","floor":23.0,"key":"SMITH"},{"data":"Zap","floor":25.0,"key":"SMITH"},{"floor":27.0,"key":"REST"},{"floor":30.0,"key":"REST"},{"data":"Loop","floor":32.0,"key":"SMITH"},{"data":"Conserve Battery","floor":40,"key":"SMITH"},{"floor":49,"key":"REST"}],"neow_cost":"NONE","seed_source_timestamp":364300370977500,"circlet_count":0,"master_deck":["AscendersBane","Strike_B","Strike_B","Defend_B","Defend_B","Defend_B","Zap+1","Dualcast+1","Ball Lightning","Gash","Gash","Gash","Leap","Undo","Finesse","Zap+1","Buffer+1","Conserve Battery+1","Glacier","All For One","Conserve Battery+1","Steam","Loop+1","Go for the Eyes+1","Core Surge","Stack+1","All For One","Hologram+1","Beam Cell","Coolheaded+1","Madness"],"special_seed":0,"relics":["Cracked Core","Vajra","Bronze Scales","Cursed Key","PreservedInsect","Question Card","InkBottle","DataDisk","Empty Cage","Happy Flower","Regal Pillow"],"potions_floor_usage":[35,37,50,50,50],"damage_taken":[{"damage":2.0,"enemies":"Jaw Worm","floor":1.0,"turns":3.0},{"damage":1.0,"enemies":"Cultist","floor":2.0,"turns":3.0},{"damage":0.0,"enemies":"Small Slimes","floor":3.0,"turns":2.0},{"damage":11.0,"enemies":"Exordium Wildlife","floor":5.0,"turns":4.0},{"damage":16.0,"enemies":"Lots of Slimes","floor":7.0,"turns":4.0},{"damage":0.0,"enemies":"Exordium Thugs","floor":10.0,"turns":3.0},{"damage":0.0,"enemies":"Looter","floor":12.0,"turns":3.0},{"damage":20.0,"enemies":"Gremlin Gang","floor":13.0,"turns":5.0},{"damage":6.0,"enemies":"Hexaghost","floor":16.0,"turns":8.0},{"damage":0.0,"enemies":"3 Byrds","floor":18.0,"turns":3.0},{"damage":0.0,"enemies":"2 Thieves","floor":19.0,"turns":4.0},{"damage":14.0,"enemies":"Centurion and Healer","floor":22.0,"turns":5.0},{"damage":24.0,"enemies":"Gremlin Leader","floor":24.0,"turns":4.0},{"damage":18.0,"enemies":"Slavers","floor":28.0,"turns":4.0},{"damage":7.0,"enemies":"Shelled Parasite and Fungi","floor":31.0,"turns":5.0},{"damage":30.0,"enemies":"Champ","floor":33.0,"turns":12.0},{"damage":3,"enemies":"3 Shapes","floor":35,"turns":4},{"damage":0,"enemies":"Orb Walker","floor":36,"turns":4},{"damage":0,"enemies":"Maw","floor":37,"turns":7},{"damage":0,"enemies":"3 Darklings","floor":42,"turns":3},{"damage":0,"enemies":"Spire Growth","floor":44,"turns":4},{"damage":0,"enemies":"Transient","floor":45,"turns":5},{"damage":8,"enemies":"Maw","floor":47,"turns":7},{"damage":1,"enemies":"Nemesis","floor":48,"turns":7},{"damage":71,"enemies":"Time Eater","floor":50,"turns":13}],"seed_played":"3826636910841353333","potions_obtained":[{"floor":2.0,"key":"Swift Potion"},{"floor":12.0,"key":"Strength Potion"},{"floor":13.0,"key":"LiquidBronze"},{"floor":19.0,"key":"Regen Potion"},{"floor":22.0,"key":"AttackPotion"},{"floor":28.0,"key":"Explosive Potion"},{"floor":33.0,"key":"SpeedPotion"},{"floor":35,"key":"Swift Potion"},{"floor":44,"key":"Swift Potion"},{"floor":48,"key":"AttackPotion"}],"is_trial":false,"path_per_floor":["M","M","M","$","M","R","M","R","T","M","?","M","M","$","R","B",null,"M","M","?","?","M","R","E","R","T","R","E","$","R","M","R","B",null,"M","M","M","$","T","R","$","M","T","M","M","?","M","E","R","B",null],"character_chosen":"DEFECT","items_purchased":["Bronze Scales","DataDisk","Happy Flower","Beam Cell"],"campfire_rested":4,"item_purchase_floors":[14,29,38,41],"current_hp_per_floor":[66,65,65,65,54,54,38,38,38,38,38,38,18,18,40,34,65,65,65,51,51,51,51,27,27,27,51,33,33,57,50,50,20,65,62,62,62,62,62,62,62,62,62,62,62,62,54,53,80,9],"gold":111,"neow_bonus":"HUNDRED_GOLD","is_prod":false,"is_daily":false,"chose_seed":false,"campfire_upgraded":6,"win_rate":0,"timestamp":1568616577,"path_taken":["M","M","M","$","M","R","M","R","T","M","?","M","M","?","R","BOSS","M","M","?","?","M","R","E","R","T","R","E","$","R","?","R","BOSS","M","M","?","?","?","R","$","M","T","M","M","?","?","E","R","BOSS"],"build_version":"2019-09-12","purchased_purges":1,"victory":true,"max_hp_per_floor":[75,75,75,75,75,75,75,75,75,75,75,75,75,75,75,75,75,75,75,80,80,80,80,80,80,80,80,80,80,80,80,80,80,80,80,80,80,80,80,80,80,80,80,80,80,80,80,80,80,80],"card_choices":[{"not_picked":["Rebound","Hologram"],"picked":"Ball Lightning","floor":1.0},{"not_picked":["Compile Driver","Skim"],"picked":"Gash","floor":2.0},{"not_picked":["Rebound","Go for the Eyes"],"picked":"Gash","floor":3.0},{"not_picked":["Rebound","Undo"],"picked":"Gash","floor":5.0},{"not_picked":["Skim","Reprogram"],"picked":"Leap","floor":7.0},{"not_picked":["Turbo","Storm"],"picked":"Undo","floor":10.0},{"not_picked":["Rainbow","Compile Driver"],"picked":"Conserve Battery","floor":12.0},{"not_picked":["Turbo","Genetic Algorithm"],"picked":"Glacier","floor":13.0},{"not_picked":["Thunder Strike","Reboot"],"picked":"All For One","floor":16.0},{"not_picked":["BootSequence+1","Sweeping Beam"],"picked":"Conserve Battery+1","floor":18.0},{"not_picked":["Rebound+1","Cold Snap"],"picked":"Steam","floor":19.0},{"not_picked":["Leap","Turbo"],"picked":"Loop","floor":22.0},{"not_picked":["Steam Power","Chaos"],"picked":"Go for the Eyes+1","floor":24.0},{"not_picked":["Melter","Reinforced Body+1","Sweeping Beam"],"picked":"Core Surge","floor":28.0},{"not_picked":["Rip and Tear","Go for the Eyes","Gash"],"picked":"Stack+1","floor":31.0},{"not_picked":["Hyperbeam","Meteor Strike","Core Surge"],"picked":"All For One","floor":33.0},{"not_picked":["Compile Driver+1","Turbo","Hello World","Static Discharge+1"],"picked":"SKIP","floor":35},{"not_picked":["Cold Snap","Ball Lightning","Genetic Algorithm+1"],"picked":"Hologram+1","floor":36},{"not_picked":["Rebound+1","Gash","Consume+1","Streamline"],"picked":"SKIP","floor":37},{"not_picked":["Gash","Steam Power","Stack","Leap"],"picked":"SKIP","floor":42},{"not_picked":["Cold Snap","Barrage+1","Core Surge"],"picked":"Coolheaded+1","floor":44},{"not_picked":["Redo","Rebound+1","Reinforced Body","Chaos"],"picked":"SKIP","floor":45},{"not_picked":["Streamline","Turbo+1","Reinforced Body+1","Compile Driver"],"picked":"SKIP","floor":47},{"not_picked":["Gash","Go for the Eyes+1","Doom and Gloom+1","Melter+1"],"picked":"SKIP","floor":48}],"player_experience":462809,"relics_obtained":[{"floor":9.0,"key":"Vajra"},{"floor":24.0,"key":"Question Card"},{"floor":28.0,"key":"InkBottle"},{"floor":48,"key":"Regal Pillow"}],"event_choices":[{"damage_healed":0.0,"max_hp_gain":0.0,"max_hp_loss":0.0,"gold_gain":0.0,"event_name":"Match and Keep!","player_choice":"3 cards matched","floor":11.0,"gold_loss":0.0,"damage_taken":0.0,"cards_obtained":["Finesse","Zap","Buffer"]},{"damage_healed":0.0,"max_hp_gain":5.0,"max_hp_loss":0.0,"gold_gain":0.0,"event_name":"Forgotten Altar","player_choice":"Shed Blood","floor":20.0,"gold_loss":0.0,"damage_taken":19.0},{"damage_healed":0.0,"max_hp_gain":0.0,"max_hp_loss":0.0,"gold_gain":0.0,"event_name":"Addict","player_choice":"Obtained Relic","floor":21.0,"gold_loss":85.0,"damage_taken":0.0,"relics_obtained":["PreservedInsect"]},{"damage_healed":0,"gold_gain":0,"player_choice":"1 cards matched","damage_taken":0,"max_hp_gain":0,"max_hp_loss":0,"event_name":"Match and Keep!","floor":46,"gold_loss":0,"cards_obtained":["Madness"]}],"is_beta":true,"boss_relics":[{"not_picked":["Sozu","Coffee Dripper"],"picked":"Cursed Key"},{"not_picked":["Nuclear Battery","FrozenCore"],"picked":"Empty Cage"}],"items_purged_floors":[4],"is_endless":false,"potions_floor_spawned":[2,12,13,19,22,28,33,35,44,48],"ascension_level":10}