{"gold_per_floor":[110,35,9,9,9,37,37,66,119,147,147,161,100,119,119,196,196,207,207,227,237,256,256,6,6,6,21,39,39,53,63,63,135,135,149,162,176,223,19,19,19,3,3,37,37,37,37,0,0,0],"floor_reached":51,"playtime":3894,"items_purged":["Strike_B"],"score":1257,"play_id":"daf810c8-752f-4bb7-9241-e7a22d220485","local_time":"20190224135010","is_ascension_mode":true,"campfire_choices":[{"data":"Core Surge","floor":7,"key":"SMITH"},{"data":"Loop","floor":15,"key":"SMITH"},{"data":"Echo Form","floor":23,"key":"SMITH"},{"floor":25,"key":"REST"},{"floor":29,"key":"REST"},{"floor":32,"key":"REST"},{"floor":40,"key":"REST"},{"data":"Consume","floor":45,"key":"SMITH"},{"data":"Doom and Gloom","floor":49,"key":"SMITH"}],"neow_cost":"NONE","seed_source_timestamp":258909421357887,"circlet_count":0,"master_deck":["AscendersBane","Strike_B","Strike_B","Defend_B+1","Defend_B+1","Defend_B","Zap","Dualcast","BootSequence","Rebound","Core Surge+1","Auto Shields","Loop+1","Coolheaded","Cold Snap","Echo Form+1","Capacitor","Core Surge+1","Consume+1","Seek","Gash+1","Loop","Apotheosis","Doom and Gloom+1","Core Surge","Impatience"],"relics":["Cracked Core","NeowsBlessing","Gambling Chip","The Courier","Lantern","Dodecahedron","Busted Crown","Membership Card","War Paint","Mummified Hand","Runic Dome","Bronze Scales","Centennial Puzzle","Bottled Tornado","Art of War","Red Mask"],"potions_floor_usage":[16,16,20,28,30,33,37,37,44,50],"damage_taken":[{"damage":0,"enemies":"Small Slimes","floor":1,"turns":1},{"damage":0,"enemies":"Lagavulin","floor":6,"turns":1},{"damage":0,"enemies":"3 Sentries","floor":8,"turns":1},{"damage":16,"enemies":"Gremlin Nob","floor":10,"turns":4},{"damage":0,"enemies":"2 Louse","floor":12,"turns":2},{"damage":0,"enemies":"Cultist","floor":14,"turns":2},{"damage":7,"enemies":"The Guardian","floor":16,"turns":12},{"damage":0,"enemies":"Chosen","floor":18,"turns":4},{"damage":0,"enemies":"Spheric Guardian","floor":20,"turns":3},{"damage":19,"enemies":"Snake Plant","floor":21,"turns":5},{"damage":11,"enemies":"Centurion and Healer","floor":22,"turns":10},{"damage":12,"enemies":"3 Cultists","floor":27,"turns":7},{"damage":18,"enemies":"Snake Plant","floor":28,"turns":5},{"damage":0,"enemies":"Sentry and Sphere","floor":30,"turns":4},{"damage":16,"enemies":"Shelled Parasite and Fungi","floor":31,"turns":6},{"damage":26,"enemies":"Automaton","floor":33,"turns":11},{"damage":15,"enemies":"Orb Walker","floor":35,"turns":3},{"damage":38,"enemies":"3 Darklings","floor":36,"turns":7},{"damage":1,"enemies":"Sphere and 2 Shapes","floor":37,"turns":4},{"damage":14,"enemies":"Nemesis","floor":44,"turns":7},{"damage":42,"enemies":"Awakened One","floor":50,"turns":12}],"seed_played":"3592079123757565552","potions_obtained":[{"floor":1,"key":"Explosive Potion"},{"floor":8,"key":"Dexterity Potion"},{"floor":10,"key":"AttackPotion"},{"floor":16,"key":"Fire Potion"},{"floor":22,"key":"Swift Potion"},{"floor":27,"key":"Swift Potion"},{"floor":31,"key":"PowerPotion"},{"floor":33,"key":"Explosive Potion"},{"floor":36,"key":"Explosive Potion"},{"floor":44,"key":"PowerPotion"}],"is_trial":false,"path_per_floor":["M","?","$","?","?","E","R","E","T","E","?","M","?","M","R","B",null,"M","?","M","M","M","R","$","R","T","M","M","R","M","M","R","B",null,"M","M","M","T","$","R","?","$","T","E","R","?","?","?","R","B",null],"character_chosen":"DEFECT","items_purchased":["Rebound","Consume","Membership Card","War Paint","Apotheosis","Centennial Puzzle","FocusPotion","Doom and Gloom"],"campfire_rested":4,"item_purchase_floors":[3,24,24,24,39,39,39,42],"current_hp_per_floor":[64,64,64,69,62,62,62,62,62,46,46,46,46,46,46,39,67,67,67,67,48,37,37,37,59,59,47,29,51,51,35,57,31,65,50,12,11,11,11,33,62,62,62,48,48,48,48,48,48,6],"gold":0,"neow_bonus":"THREE_ENEMY_KILL","is_prod":false,"is_daily":false,"chose_seed":false,"campfire_upgraded":5,"win_rate":0,"timestamp":1551045010,"path_taken":["M","?","$","?","?","E","R","E","T","E","?","M","?","M","R","BOSS","M","?","M","?","M","R","$","R","T","M","M","R","M","M","R","BOSS","M","?","M","?","$","R","?","?","T","E","R","?","?","?","R","BOSS"],"build_version":"2019-01-23","purchased_purges":1,"victory":true,"max_hp_per_floor":[71,71,71,76,76,76,76,76,76,76,76,76,76,76,76,76,76,76,76,76,76,76,76,76,76,76,76,76,76,76,76,76,76,76,76,76,76,76,76,76,62,62,62,62,62,59,59,59,59,59],"card_choices":[{"not_picked":["Aggregate","Static Discharge"],"picked":"BootSequence","floor":1},{"not_picked":["Double Energy","Beam Cell"],"picked":"Core Surge","floor":6},{"not_picked":["Steam","Redo"],"picked":"Auto Shields","floor":8},{"not_picked":["Sweeping Beam","Redo"],"picked":"Loop","floor":10},{"not_picked":["Streamline","Redo"],"picked":"Coolheaded","floor":12},{"not_picked":["Double Energy","Sweeping Beam"],"picked":"Cold Snap","floor":14},{"not_picked":["Fission","Hyperbeam"],"picked":"Echo Form","floor":16},{"not_picked":[],"picked":"Capacitor","floor":18},{"not_picked":["Steam"],"picked":"SKIP","floor":20},{"not_picked":["Go for the Eyes"],"picked":"SKIP","floor":21},{"not_picked":["Go for the Eyes"],"picked":"SKIP","floor":22},{"not_picked":["Rebound"],"picked":"SKIP","floor":27},{"not_picked":["Steam"],"picked":"SKIP","floor":28},{"not_picked":["Beam Cell"],"picked":"SKIP","floor":30},{"not_picked":["Sweeping Beam"],"picked":"SKIP","floor":31},{"not_picked":[],"picked":"Seek","floor":33},{"not_picked":[],"picked":"Gash+1","floor":35},{"not_picked":[],"picked":"Loop","floor":36},{"not_picked":["Steam Power+1"],"picked":"SKIP","floor":37},{"not_picked":[],"picked":"Core Surge","floor":44},{"not_picked":[],"picked":"Impatience","floor":47}],"player_experience":702431,"relics_obtained":[{"floor":6,"key":"Gambling Chip"},{"floor":8,"key":"The Courier"},{"floor":9,"key":"Lantern"},{"floor":10,"key":"Dodecahedron"},{"floor":26,"key":"Mummified Hand"},{"floor":38,"key":"Bronze Scales"},{"floor":43,"key":"Bottled Tornado"},{"floor":44,"key":"Art of War"}],"event_choices":[{"cards_removed":["Strike_B"],"damage_healed":0,"gold_gain":0,"player_choice":"Card Removal","damage_taken":0,"max_hp_gain":0,"max_hp_loss":0,"event_name":"The Cleric","floor":2,"gold_loss":75},{"damage_healed":0,"gold_gain":0,"player_choice":"Donut","damage_taken":0,"max_hp_gain":5,"max_hp_loss":0,"event_name":"Big Fish","floor":4,"gold_loss":0},{"cards_removed":["Defend_B"],"damage_healed":0,"gold_gain":0,"player_choice":"Card Removal","damage_taken":7,"max_hp_gain":0,"max_hp_loss":0,"event_name":"Golden Wing","floor":5,"gold_loss":0},{"damage_healed":0,"gold_gain":0,"player_choice":"Ignored","damage_taken":0,"max_hp_gain":0,"max_hp_loss":0,"event_name":"Liars Game","floor":11,"gold_loss":0},{"damage_healed":0,"gold_gain":0,"player_choice":"Left Gold","damage_taken":0,"max_hp_gain":0,"max_hp_loss":0,"event_name":"World of Goop","floor":13,"gold_loss":61},{"damage_healed":0,"gold_gain":0,"player_choice":"Copied","damage_taken":0,"max_hp_gain":0,"max_hp_loss":0,"event_name":"Duplicator","floor":19,"gold_loss":0,"cards_obtained":["Core Surge"]},{"damage_healed":62,"gold_gain":0,"player_choice":"Heal","damage_taken":0,"max_hp_gain":0,"max_hp_loss":14,"event_name":"The Moai Head","floor":41,"gold_loss":0},{"damage_healed":0,"gold_gain":0,"player_choice":"Max HP","damage_taken":0,"max_hp_gain":0,"max_hp_loss":3,"event_name":"Winding Halls","floor":46,"gold_loss":0},{"damage_healed":0,"gold_gain":0,"player_choice":"Memory 1","damage_taken":0,"max_hp_gain":0,"max_hp_loss":0,"event_name":"SensoryStone","floor":47,"gold_loss":0},{"damage_healed":0,"gold_gain":0,"player_choice":"Paid","damage_taken":0,"relics_obtained":["Red Mask"],"max_hp_gain":0,"max_hp_loss":0,"event_name":"Tomb of Lord Red Mask","floor":48,"gold_loss":37}],"is_beta":false,"boss_relics":[{"not_picked":["Empty Cage","Orrery"],"picked":"Busted Crown"},{"not_picked":["Calling Bell","Runic Pyramid"],"picked":"Runic Dome"}],"items_purged_floors":[39],"is_endless":false,"potions_floor_spawned":[1,8,10,16,22,27,31,33,36,44],"ascension_level":15}