{"gold_per_floor":[112,287,15,15,29,29,104,70,70,91,10,35,35,50,50,179,179,197,4,22,46,71,71,87,87,87,106,129,152,152,152],"floor_reached":31,"playtime":3161,"items_purged":["Doubt"],"score":231,"play_id":"48eb9844-d7ce-4adb-97cd-ae906d8f4a71","local_time":"20181118040045","is_ascension_mode":false,"campfire_choices":[{"data":"Hemokinesis","floor":6,"key":"SMITH"},{"data":"Blood for Blood","floor":13,"key":"SMITH"},{"floor":15,"key":"REST"},{"floor":23,"key":"REST"},{"floor":25,"key":"REST"}],"neow_cost":"NONE","seed_source_timestamp":506966410654873,"circlet_count":0,"master_deck":["Strike_R","Strike_R","Strike_R","Strike_R","Strike_R","Defend_R","Defend_R","Defend_R","Defend_R","Bash","Finesse","Shrug It Off","Mayhem","Hemokinesis+1","Blood for Blood+1","Seeing Red","Metallicize","Iron Wave","Dropkick","Brutality","Hemokinesis","Shrug It Off","Anger","Metallicize","Headbutt","Flex+1","Pommel Strike","Feed","Flame Barrier","Iron Wave","Rupture+1","Blood for Blood","Searing Blow"],"relics":["Burning Blood","Golden Idol","Shuriken","Orrery","Toy Ornithopter","Question Card"],"potions_floor_usage":[16,20,21,22,24,27],"damage_taken":[{"damage":0,"enemies":"Small Slimes","floor":1,"turns":3},{"damage":1,"enemies":"2 Louse","floor":5,"turns":4},{"damage":3,"enemies":"Jaw Worm","floor":10,"turns":4},{"damage":5,"enemies":"Exordium Wildlife","floor":12,"turns":5},{"damage":6,"enemies":"Large Slime","floor":14,"turns":5},{"damage":41,"enemies":"Hexaghost","floor":16,"turns":7},{"damage":23,"enemies":"Spheric Guardian","floor":18,"turns":4},{"damage":25,"enemies":"2 Thieves","floor":20,"turns":4},{"damage":18,"enemies":"Centurion and Healer","floor":21,"turns":8},{"damage":37,"enemies":"3 Cultists","floor":22,"turns":7},{"damage":18,"enemies":"Snecko","floor":24,"turns":6},{"damage":20,"enemies":"Cultist and Chosen","floor":27,"turns":7},{"damage":30,"enemies":"Centurion and Healer","floor":28,"turns":5},{"damage":24,"enemies":"Sentry and Sphere","floor":29,"turns":6},{"damage":16,"enemies":"Snake Plant","floor":31,"turns":3}],"seed_played":"-742452063443655460","potions_obtained":[{"floor":5,"key":"Dexterity Potion"},{"floor":14,"key":"Energy Potion"},{"floor":16,"key":"Swift Potion"},{"floor":20,"key":"SpeedPotion"},{"floor":21,"key":"Fire Potion"},{"floor":24,"key":"Ancient Potion"}],"is_trial":false,"path_per_floor":["M","?","$","?","M","R","?","$","T","M","$","M","R","M","R","B",null,"M","$","M","M","M","R","M","R","T","M","M","M","?","M"],"character_chosen":"IRONCLAD","items_purchased":["Mayhem","Blood for Blood","Metallicize","Toy Ornithopter"],"campfire_rested":3,"item_purchase_floors":[3,8,11,19],"current_hp_per_floor":[80,80,80,60,65,65,54,54,54,57,57,58,58,58,80,45,80,63,63,49,42,19,43,36,60,60,54,30,12,12,0],"gold":152,"neow_bonus":"RANDOM_COLORLESS","is_prod":false,"is_daily":false,"chose_seed":false,"campfire_upgraded":2,"win_rate":0.0,"timestamp":1542542445,"path_taken":["M","?","$","?","M","R","?","$","T","M","?","M","R","M","R","BOSS","M","$","M","M","M","R","M","R","T","M","M","M","?","M"],"build_version":"2018-11-15","purchased_purges":1,"victory":false,"max_hp_per_floor":[80,80,80,80,80,80,80,80,80,80,80,80,80,80,80,80,80,80,80,80,80,83,83,83,83,83,86,86,86,86,86],"card_choices":[{"not_picked":["Iron Wave","Clash"],"picked":"Shrug It Off","floor":1},{"not_picked":["Sword Boomerang","Warcry"],"picked":"Hemokinesis","floor":5},{"not_picked":["Warcry","Flex"],"picked":"Seeing Red","floor":10},{"not_picked":["Reckless Charge","Sword Boomerang"],"picked":"Iron Wave","floor":12},{"not_picked":["Thunderclap","Headbutt"],"picked":"Dropkick","floor":14},{"not_picked":["Fiend Fire","Juggernaut"],"picked":"Brutality","floor":16},{"not_picked":["Reckless Charge","Burning Pact"],"picked":"Hemokinesis","floor":17},{"not_picked":["Thunderclap","Cleave"],"picked":"Shrug It Off","floor":17},{"not_picked":["Burning Pact","Perfected Strike"],"picked":"Anger","floor":17},{"not_picked":["Cleave","Fiend Fire"],"picked":"Metallicize","floor":17},{"not_picked":["Clash","Perfected Strike"],"picked":"Headbutt","floor":17},{"not_picked":["Hemokinesis+1","Cleave"],"picked":"Flex+1","floor":18},{"not_picked":["Anger","Clothesline+1"],"picked":"Pommel Strike","floor":20},{"not_picked":["Anger","Rampage"],"picked":"Feed","floor":21},{"not_picked":["Thunderclap","Cleave"],"picked":"Flame Barrier","floor":22},{"not_picked":["Armaments","Clash+1"],"picked":"Iron Wave","floor":24},{"not_picked":["True Grit+1","Pommel Strike","Cleave"],"picked":"Rupture+1","floor":27},{"not_picked":["Reckless Charge","Thunderclap+1","Metallicize"],"picked":"Blood for Blood","floor":28},{"not_picked":["Clash+1","Flex","Cleave"],"picked":"Searing Blow","floor":29}],"player_experience":23725,"relics_obtained":[{"floor":9,"key":"Shuriken"},{"floor":26,"key":"Question Card"}],"event_choices":[{"damage_healed":0,"gold_gain":175,"player_choice":"AGREE","damage_taken":0,"max_hp_gain":0,"max_hp_loss":0,"event_name":"Liars Game","floor":2,"gold_loss":0,"cards_obtained":["Doubt"]},{"damage_healed":0,"gold_gain":0,"player_choice":"Take Damage","damage_taken":20,"relics_obtained":["Golden Idol"],"max_hp_gain":0,"max_hp_loss":0,"event_name":"Golden Idol","floor":4,"gold_loss":0},{"damage_healed":0,"gold_gain":75,"player_choice":"Gather Gold","damage_taken":11,"max_hp_gain":0,"max_hp_loss":0,"event_name":"World of Goop","floor":7,"gold_loss":0},{"damage_healed":0,"gold_gain":0,"player_choice":"Ignored","damage_taken":0,"max_hp_gain":0,"max_hp_loss":0,"event_name":"Ghosts","floor":30,"gold_loss":0}],"is_beta":false,"boss_relics":[{"not_picked":["Empty Cage","Astrolabe"],"picked":"Orrery"}],"items_purged_floors":[3],"is_endless":false,"potions_floor_spawned":[5,14,16,20,21,24],"killed_by":"Snake Plant","ascension_level":0}