{"gold_per_floor":[116,116,127,138,138,138,163,163,163,194,194,207,225,239,239,239],"floor_reached":16,"playtime":1448,"items_purged":[],"score":129,"play_id":"0d032a18-f0a1-4295-a74e-ea5b48ab5d1a","local_time":"20190831133915","is_ascension_mode":true,"campfire_choices":[{"data":"Reaper","floor":6,"key":"SMITH"},{"floor":8,"key":"REST"},{"floor":11,"key":"REST"},{"data":"Heavy Blade","floor":15,"key":"SMITH"}],"neow_cost":"NONE","seed_source_timestamp":83823039294545,"circlet_count":0,"master_deck":["Strike_R","Strike_R","Strike_R+1","Strike_R+1","Defend_R","Defend_R","Defend_R","Defend_R","Bash","Heavy Blade+1","Ghostly Armor","Reaper+1","Warcry","Flex","Armaments","Cleave","Iron Wave","Disarm"],"relics":["Burning Blood","Potion Belt","Matryoshka","Whetstone","Gremlin Horn","Happy Flower"],"potions_floor_usage":[7,16],"damage_taken":[{"damage":1,"enemies":"2 Louse","floor":1,"turns":3},{"damage":1,"enemies":"Cultist","floor":3,"turns":3},{"damage":5,"enemies":"Small Slimes","floor":4,"turns":4},{"damage":82,"enemies":"Lagavulin","floor":7,"turns":12},{"damage":40,"enemies":"3 Sentries","floor":10,"turns":10},{"damage":22,"enemies":"Red Slaver","floor":12,"turns":5},{"damage":6,"enemies":"Looter","floor":13,"turns":2},{"damage":1,"enemies":"Gremlin Gang","floor":14,"turns":3},{"damage":88,"enemies":"Slime Boss","floor":16,"turns":13}],"seed_played":"-1039866252629885776","potions_obtained":[{"floor":3,"key":"Dexterity Potion"},{"floor":7,"key":"Block Potion"},{"floor":13,"key":"SmokeBomb"},{"floor":14,"key":"FairyPotion"}],"is_trial":false,"path_per_floor":["M","?","M","M","?","R","E","R","T","E","R","M","M","M","R","B"],"character_chosen":"IRONCLAD","items_purchased":[],"campfire_rested":2,"item_purchase_floors":[],"current_hp_per_floor":[80,80,80,80,80,80,7,31,31,18,42,31,31,64,64,0],"gold":239,"neow_bonus":"RANDOM_COMMON_RELIC","is_prod":false,"is_daily":false,"chose_seed":false,"campfire_upgraded":2,"win_rate":0,"timestamp":1567273155,"path_taken":["M","?","M","?","?","R","E","R","T","E","R","M","M","?","R","BOSS"],"build_version":"2019-07-17","purchased_purges":0,"victory":false,"max_hp_per_floor":[80,80,80,80,80,80,80,80,80,80,80,80,80,80,80,80],"card_choices":[{"not_picked":["Twin Strike","Havoc"],"picked":"Heavy Blade","floor":1},{"not_picked":["Twin Strike","Sever Soul","Blood for Blood"],"picked":"SKIP","floor":3},{"not_picked":["Fiend Fire","Carnage"],"picked":"Ghostly Armor","floor":4},{"not_picked":["Sword Boomerang","Offering"],"picked":"Flex","floor":7},{"not_picked":["Dropkick","Anger"],"picked":"Armaments","floor":10},{"not_picked":["Shrug It Off","Thunderclap"],"picked":"Cleave","floor":12},{"not_picked":["Anger","Entrench"],"picked":"Iron Wave","floor":13},{"not_picked":["True Grit","Iron Wave"],"picked":"Disarm","floor":14}],"player_experience":273849,"relics_obtained":[{"floor":7,"key":"Matryoshka"},{"floor":9,"key":"Whetstone"},{"floor":9,"key":"Gremlin Horn"},{"floor":10,"key":"Happy Flower"}],"event_choices":[{"cards_removed":["Strike_R"],"damage_healed":0,"gold_gain":0,"player_choice":"Purged","damage_taken":0,"max_hp_gain":0,"max_hp_loss":0,"event_name":"Purifier","floor":2,"gold_loss":0},{"damage_healed":0,"gold_gain":0,"player_choice":"2 cards matched","damage_taken":0,"max_hp_gain":0,"max_hp_loss":0,"event_name":"Match and Keep!","floor":5,"gold_loss":0,"cards_obtained":["Reaper","Warcry"]},{"damage_healed":0,"gold_gain":0,"player_choice":"2 cards matched","damage_taken":0,"max_hp_gain":0,"max_hp_loss":0,"event_name":"Match and Keep!","floor":5,"gold_loss":0,"cards_obtained":["Reaper","Warcry"]}],"is_beta":false,"boss_relics":[],"items_purged_floors":[],"is_endless":false,"potions_floor_spawned":[3,7,13,14],"killed_by":"Slime Boss","ascension_level":3}