{"gold_per_floor":[110,129,143,28,28,63,63,81,81,81,95,15,30,44,44,140,140,159,175,189,21,38,38,38,71,71,71,71,48,48,65,65,65],"floor_reached":33,"playtime":3185,"items_purged":["Strike_G"],"score":289,"play_id":"8ece98d0-4ffb-4441-a6e8-f69ec01d8db7","local_time":"20190824230823","is_ascension_mode":false,"campfire_choices":[{"floor":7,"key":"REST"},{"data":"Catalyst","floor":10,"key":"SMITH"},{"floor":15,"key":"REST"},{"floor":24,"key":"REST"},{"floor":27,"key":"REST"},{"floor":30,"key":"REST"},{"floor":32,"key":"REST"}],"neow_cost":"NONE","seed_source_timestamp":111853091069990,"circlet_count":0,"master_deck":["Strike_G","Strike_G","Strike_G","Defend_G","Defend_G","Defend_G","Defend_G","Defend_G","Survivor","Neutralize","Cloak And Dagger","PiercingWail","Infinite Blades","Catalyst+1","Dagger Spray","Bouncing Flask","Sucker Punch+1","Bouncing Flask","Predator+1","Well Laid Plans","Bullet Time","Poisoned Stab+1","Dodge and Roll","Footwork","Bane+1","Bullet Time","Skewer+1","Bane+1","Outmaneuver+1"],"relics":["Ring of the Snake","Paper Crane","Molten Egg 2","Sozu","Ornamental Fan","Sundial"],"potions_floor_usage":[6,6,13,22,23],"damage_taken":[{"damage":0,"enemies":"Small Slimes","floor":1,"turns":4},{"damage":0,"enemies":"Cultist","floor":2,"turns":4},{"damage":1,"enemies":"2 Louse","floor":3,"turns":4},{"damage":40,"enemies":"Gremlin Nob","floor":6,"turns":6},{"damage":4,"enemies":"Blue Slaver","floor":8,"turns":5},{"damage":4,"enemies":"Looter","floor":11,"turns":3},{"damage":29,"enemies":"Gremlin Gang","floor":13,"turns":5},{"damage":3,"enemies":"2 Fungi Beasts","floor":14,"turns":3},{"damage":7,"enemies":"Hexaghost","floor":16,"turns":5},{"damage":10,"enemies":"Spheric Guardian","floor":18,"turns":4},{"damage":1,"enemies":"Chosen","floor":19,"turns":5},{"damage":16,"enemies":"Sentry and Sphere","floor":20,"turns":5},{"damage":15,"enemies":"Shelled Parasite and Fungi","floor":22,"turns":6},{"damage":27,"enemies":"Slavers","floor":23,"turns":2},{"damage":20,"enemies":"Gremlin Leader","floor":25,"turns":5},{"damage":10,"enemies":"Snake Plant","floor":31,"turns":3},{"damage":55,"enemies":"Collector","floor":33,"turns":8}],"seed_played":"5767310551592575854","potions_obtained":[{"floor":2,"key":"AttackPotion"},{"floor":3,"key":"Swift Potion"},{"floor":6,"key":"SmokeBomb"},{"floor":8,"key":"FearPotion"},{"floor":13,"key":"GamblersBrew"}],"is_trial":false,"path_per_floor":["M","M","M","$","?","E","R","M","T","R","M","$","M","M","R","B",null,"M","M","M","$","M","E","R","E","T","R","?","$","R","M","R","B"],"character_chosen":"THE_SILENT","items_purchased":["Catalyst","Dagger Spray","Bouncing Flask","Footwork","Bane+1","Bane+1"],"campfire_rested":6,"item_purchase_floors":[4,4,12,21,21,29],"current_hp_per_floor":[70,70,69,69,69,29,50,46,46,46,42,42,13,10,31,24,70,60,59,43,43,28,1,22,2,2,23,23,23,44,34,55,0],"gold":65,"neow_bonus":"RANDOM_COLORLESS","is_prod":false,"is_daily":false,"chose_seed":false,"campfire_upgraded":1,"win_rate":0,"timestamp":1566702503,"path_taken":["M","M","M","$","?","E","R","M","T","R","M","$","M","M","R","BOSS","M","M","M","$","M","E","R","E","T","R","?","$","R","M","R","BOSS"],"build_version":"2019-07-17","purchased_purges":1,"victory":false,"max_hp_per_floor":[70,70,70,70,70,70,70,70,70,70,70,70,70,70,70,70,70,70,70,70,70,70,70,70,70,70,70,70,70,70,70,70,70],"card_choices":[{"not_picked":["Blade Dance","Slice"],"picked":"Cloak And Dagger","floor":1},{"not_picked":["Slice","Flying Knee"],"picked":"PiercingWail","floor":2},{"not_picked":["Poisoned Stab","Tactician"],"picked":"Infinite Blades","floor":3},{"not_picked":["Heel Hook","Doppelganger"],"picked":"Bouncing Flask","floor":6},{"not_picked":["Prepared","Outmaneuver","Quick Slash"],"picked":"SKIP","floor":8},{"not_picked":["Dagger Spray+1","Dagger Throw+1"],"picked":"Sucker Punch+1","floor":11},{"not_picked":["Reflex","Calculated Gamble"],"picked":"Predator+1","floor":13},{"not_picked":["Prepared","Acrobatics"],"picked":"Well Laid Plans","floor":14},{"not_picked":["Venomology","Adrenaline"],"picked":"Bullet Time","floor":16},{"not_picked":["Dagger Spray+1","Acrobatics+1","Prepared+1"],"picked":"SKIP","floor":18},{"not_picked":["Slice+1","Cloak And Dagger+1"],"picked":"Poisoned Stab+1","floor":19},{"not_picked":["Escape Plan+1","PiercingWail"],"picked":"Dodge and Roll","floor":20},{"not_picked":["Underhanded Strike+1","Slice+1"],"picked":"Bullet Time","floor":22},{"not_picked":["PiercingWail","Bane+1"],"picked":"Skewer+1","floor":25},{"not_picked":["Bane+1","Flechettes+1"],"picked":"Outmaneuver+1","floor":31}],"player_experience":184043,"relics_obtained":[{"floor":6,"key":"Paper Crane"},{"floor":9,"key":"Molten Egg 2"},{"floor":25,"key":"Ornamental Fan"},{"floor":26,"key":"Sundial"}],"event_choices":[{"cards_removed":["Strike_G"],"damage_healed":0,"gold_gain":0,"player_choice":"Purged","damage_taken":0,"max_hp_gain":0,"max_hp_loss":0,"event_name":"Purifier","floor":5,"gold_loss":0},{"cards_removed":["Purity"],"damage_healed":0,"gold_gain":0,"player_choice":"Purged","damage_taken":0,"max_hp_gain":0,"max_hp_loss":0,"event_name":"Purifier","floor":28,"gold_loss":0}],"is_beta":false,"boss_relics":[{"not_picked":["Ring of the Serpent","Runic Dome"],"picked":"Sozu"}],"items_purged_floors":[21],"is_endless":false,"potions_floor_spawned":[2,3,6,8,13,18,23],"killed_by":"Collector","ascension_level":0}