{"gold_per_floor":[213,288,60,60,60,60,121,139,139,156,169,169,169,187,187,287,287,212,212,212,212,0,0,0,0,0,0,0,0,0,0,0,0,0,0,0,0,0,0,0,0,0,0,0,0,0,0,0],"floor_reached":48,"playtime":3680,"items_purged":[],"score":624,"play_id":"63a2c5a8-ae91-4119-8c8d-15095b33a54f","local_time":"20190906193905","is_ascension_mode":true,"campfire_choices":[{"floor":6,"key":"REST"},{"floor":12,"key":"REST"},{"floor":15,"key":"REST"},{"floor":24,"key":"REST"},{"floor":28,"key":"REST"},{"data":"Consume","floor":30,"key":"SMITH"},{"floor":32,"key":"REST"},{"data":"Defragment","floor":40,"key":"SMITH"},{"data":"Double Energy","floor":44,"key":"SMITH"},{"data":"Secret Technique","floor":46,"key":"SMITH"}],"neow_cost":"NONE","seed_source_timestamp":60878512060363,"circlet_count":0,"master_deck":["Defend_B","Defend_B","Defend_B","Zap","Dualcast","Beam Cell","Defragment+1","Genetic Algorithm","Lockon","Go for the Eyes+1","Ball Lightning+1","Redo","Multi-Cast","Doom and Gloom+1","Turbo+1","Necronomicurse","Self Repair","Consume+1","Self Repair+1","Bite+1","Bite+1","Bite+1","Bite+1","Bite+1","Ball Lightning+1","Electrodynamics","Static Discharge+1","The Bomb","Secret Technique+1","Double Energy+1"],"relics":["Cracked Core","Bronze Scales","Juzu Bracelet","Turnip","Molten Egg 2","Ectoplasm","Necronomicon","Oddly Smooth Stone","Lantern","Ornamental Fan","Orichalcum","Incense Burner","Darkstone Periapt","Nuclear Battery","The Courier","Vajra","Red Mask"],"potions_floor_usage":[7,11,16,16,18,23,27,31,48],"damage_taken":[{"damage":12,"enemies":"2 Louse","floor":1,"turns":3},{"damage":36,"enemies":"Lagavulin Event","floor":7,"turns":5},{"damage":0,"enemies":"Small Slimes","floor":8,"turns":3},{"damage":0,"enemies":"Cultist","floor":10,"turns":3},{"damage":9,"enemies":"Blue Slaver","floor":11,"turns":2},{"damage":5,"enemies":"2 Fungi Beasts","floor":14,"turns":3},{"damage":38,"enemies":"The Guardian","floor":16,"turns":9},{"damage":22,"enemies":"2 Thieves","floor":18,"turns":4},{"damage":2,"enemies":"Spheric Guardian","floor":19,"turns":3},{"damage":30,"enemies":"Book of Stabbing","floor":23,"turns":5},{"damage":25,"enemies":"Slavers","floor":27,"turns":4},{"damage":34,"enemies":"Colosseum Slavers","floor":31,"turns":3},{"damage":18,"enemies":"Colosseum Nobs","floor":31,"turns":3},{"damage":28,"enemies":"Automaton","floor":33,"turns":7},{"damage":10,"enemies":"3 Shapes","floor":35,"turns":3},{"damage":18,"enemies":"Reptomancer","floor":41,"turns":4},{"damage":24,"enemies":"3 Darklings","floor":47,"turns":3},{"damage":87,"enemies":"Transient","floor":48,"turns":5}],"seed_played":"-5050668997896665922","potions_obtained":[{"floor":5,"key":"Fire Potion"},{"floor":5,"key":"Weak Potion"},{"floor":5,"key":"Dexterity Potion"},{"floor":8,"key":"EssenceOfSteel"},{"floor":10,"key":"Ancient Potion"},{"floor":16,"key":"AttackPotion"},{"floor":19,"key":"Weak Potion"},{"floor":23,"key":"Ancient Potion"},{"floor":31,"key":"Fruit Juice"},{"floor":33,"key":"Energy Potion"},{"floor":47,"key":"FearPotion"}],"is_trial":false,"path_per_floor":["M","?","$","?","?","R","?","M","T","M","M","R","?","M","R","B",null,"M","M","?","?","$","E","R","?","T","E","R","?","R","?","R","B",null,"M","?","?","$","?","R","E","?","T","R","?","R","M","M"],"character_chosen":"DEFECT","items_purchased":["Bronze Scales","Defragment","Oddly Smooth Stone","Self Repair"],"campfire_rested":6,"item_purchase_floors":[3,3,22,22],"current_hp_per_floor":[63,52,52,45,45,67,31,31,31,31,22,44,44,39,61,23,75,53,51,35,60,60,30,52,52,52,34,56,52,52,34,51,57,57,57,52,52,52,52,52,43,43,43,43,43,43,28,0],"gold":0,"neow_bonus":"HUNDRED_GOLD","is_prod":false,"is_daily":false,"chose_seed":false,"campfire_upgraded":4,"win_rate":0,"timestamp":1567813145,"path_taken":["M","?","$","?","?","R","?","M","T","M","M","R","?","M","R","BOSS","M","M","?","?","$","E","R","?","T","E","R","?","R","?","R","BOSS","M","?","?","?","?","R","E","?","T","R","?","R","M","M"],"build_version":"2019-07-17","purchased_purges":0,"victory":false,"max_hp_per_floor":[75,75,75,75,75,75,75,75,75,75,75,75,75,75,75,75,75,75,75,75,75,75,75,75,75,75,75,75,52,52,57,57,57,57,57,57,57,57,57,57,57,54,54,54,54,54,54,54],"card_choices":[{"not_picked":["Hologram","Sweeping Beam"],"picked":"Beam Cell","floor":1},{"not_picked":["Conserve Battery","Coolheaded"],"picked":"Genetic Algorithm","floor":7},{"not_picked":["Cold Snap","Sweeping Beam"],"picked":"Lockon","floor":8},{"not_picked":["Steam","Hologram"],"picked":"Go for the Eyes+1","floor":10},{"not_picked":["Genetic Algorithm","Reprogram"],"picked":"Ball Lightning+1","floor":11},{"not_picked":["Fusion","Recycle"],"picked":"Redo","floor":14},{"not_picked":["Meteor Strike+1","Rainbow"],"picked":"Multi-Cast","floor":16},{"not_picked":["FTL+1","Capacitor"],"picked":"Doom and Gloom+1","floor":18},{"not_picked":["Coolheaded+1","Force Field"],"picked":"Turbo+1","floor":19},{"not_picked":["Steam","Reprogram+1"],"picked":"Consume","floor":23},{"not_picked":["Blizzard+1","Coolheaded"],"picked":"Self Repair+1","floor":27},{"not_picked":["Leap","Redo+1"],"picked":"Ball Lightning+1","floor":31},{"not_picked":["Thunder Strike+1","Seek"],"picked":"Electrodynamics","floor":33},{"not_picked":["Conserve Battery+1","Ball Lightning+1"],"picked":"Static Discharge+1","floor":35},{"not_picked":["Finesse","Deep Breath"],"picked":"The Bomb","floor":36},{"not_picked":["Jack Of All Trades","Mayhem"],"picked":"Secret Technique","floor":36},{"not_picked":["Electrodynamics","Streamline+1"],"picked":"Double Energy","floor":41},{"not_picked":["Double Energy","Turbo+1","Redo+1"],"picked":"SKIP","floor":47}],"player_experience":317742,"relics_obtained":[{"floor":7,"key":"Turnip"},{"floor":9,"key":"Molten Egg 2"},{"floor":20,"key":"Necronomicon"},{"floor":23,"key":"Lantern"},{"floor":26,"key":"Ornamental Fan"},{"floor":27,"key":"Orichalcum"},{"floor":31,"key":"Incense Burner"},{"floor":31,"key":"Darkstone Periapt"},{"floor":41,"key":"The Courier"},{"floor":43,"key":"Vajra"}],"event_choices":[{"damage_healed":0,"gold_gain":75,"player_choice":"Gather Gold","damage_taken":11,"max_hp_gain":0,"max_hp_loss":0,"event_name":"World of Goop","floor":2,"gold_loss":0},{"damage_healed":0,"gold_gain":0,"player_choice":"Success","damage_taken":7,"relics_obtained":["Juzu Bracelet"],"max_hp_gain":0,"max_hp_loss":0,"event_name":"Scrap Ooze","floor":4,"gold_loss":0},{"damage_healed":0,"gold_gain":0,"player_choice":"Got Potions","damage_taken":0,"max_hp_gain":0,"max_hp_loss":0,"event_name":"Lab","floor":5,"gold_loss":0},{"damage_healed":0,"gold_gain":0,"player_choice":"Searched \u00271\u0027 times","damage_taken":0,"max_hp_gain":0,"max_hp_loss":0,"event_name":"Dead Adventurer","floor":7,"gold_loss":0},{"cards_removed":["Strike_B"],"damage_healed":0,"gold_gain":0,"player_choice":"Forget","damage_taken":0,"max_hp_gain":0,"max_hp_loss":0,"event_name":"Living Wall","floor":13,"gold_loss":0},{"damage_healed":0,"gold_gain":0,"player_choice":"Obtained Book","damage_taken":16,"max_hp_gain":0,"max_hp_loss":0,"event_name":"Cursed Tome","floor":20,"gold_loss":0},{"damage_healed":25,"gold_gain":0,"player_choice":"Heal","damage_taken":0,"max_hp_gain":0,"max_hp_loss":0,"event_name":"The Library","floor":21,"gold_loss":0},{"damage_healed":0,"gold_gain":0,"player_choice":"Became a vampire","damage_taken":0,"max_hp_gain":0,"max_hp_loss":23,"event_name":"Vampires","floor":29,"gold_loss":0,"cards_obtained":["Bite","Bite","Bite","Bite","Bite"]},{"damage_healed":0,"gold_gain":0,"player_choice":"Fight","damage_taken":0,"max_hp_gain":0,"max_hp_loss":0,"event_name":"Colosseum","floor":31,"gold_loss":0},{"damage_healed":0,"gold_gain":0,"player_choice":"Fought Nobs","damage_taken":0,"max_hp_gain":0,"max_hp_loss":0,"event_name":"Colosseum","floor":31,"gold_loss":0},{"damage_healed":0,"gold_gain":0,"player_choice":"Memory 2","damage_taken":5,"max_hp_gain":0,"max_hp_loss":0,"event_name":"SensoryStone","floor":36,"gold_loss":0},{"cards_removed":["Defend_B"],"damage_healed":0,"gold_gain":0,"player_choice":"Removed Skill","damage_taken":0,"max_hp_gain":0,"max_hp_loss":0,"event_name":"Falling","floor":37,"gold_loss":0},{"damage_healed":0,"gold_gain":100,"player_choice":"Pray","damage_taken":0,"max_hp_gain":0,"max_hp_loss":0,"event_name":"Golden Shrine","floor":39,"gold_loss":0},{"damage_healed":0,"gold_gain":0,"player_choice":"Max HP","damage_taken":0,"max_hp_gain":0,"max_hp_loss":3,"event_name":"Winding Halls","floor":42,"gold_loss":0},{"damage_healed":0,"gold_gain":0,"player_choice":"Paid","damage_taken":0,"relics_obtained":["Red Mask"],"max_hp_gain":0,"max_hp_loss":0,"event_name":"Tomb of Lord Red Mask","floor":45,"gold_loss":0}],"is_beta":false,"boss_relics":[{"not_picked":["Lizard Tail","Velvet Choker"],"picked":"Ectoplasm"},{"not_picked":["Fusion Hammer","Calling Bell"],"picked":"Nuclear Battery"}],"items_purged_floors":[],"is_endless":false,"potions_floor_spawned":[8,10,16,19,23,31,33,47],"killed_by":"Transient","ascension_level":4}