{"gold_per_floor":[118,41,57,8,22,22,55,75,75,90,101,101,26,46,46,151,151,164,164,164,14,33,33,62,62,62,80,80,96,113,1,1,97,97,110,122,43,1042,1052,1052,1070,1070,1070,47,47,67,80,92,92,92],"floor_reached":50,"playtime":11822,"items_purged":["Strike_R","Normality"],"score":634,"play_id":"92ba3785-3f82-4a00-a8fb-fd0ef8f0d951","local_time":"20190908191353","is_ascension_mode":true,"campfire_choices":[{"data":"Flex","floor":6,"key":"SMITH"},{"floor":12,"key":"REST"},{"floor":15,"key":"REST"},{"data":"Inflame","floor":23,"key":"SMITH"},{"data":"Rampage","floor":25,"key":"SMITH"},{"floor":32,"key":"REST"},{"data":"Limit Break","floor":40,"key":"SMITH"},{"floor":45,"key":"REST"},{"floor":49,"key":"REST"}],"neow_cost":"NONE","seed_source_timestamp":183728599724095,"circlet_count":0,"master_deck":["Strike_R","Strike_R","Strike_R","Strike_R","Defend_R","Defend_R","Defend_R","Defend_R","Bash+1","Flex+1","Rampage+1","Heavy Blade+1","Inflame+1","Flex+1","Feed","Armaments+1","Double Tap","Reckless Charge+1","Thunderclap","Anger+1","Injury","Whirlwind+1","Metallicize","Hemokinesis","Immolate","Rage","Normality","Limit Break+1","Headbutt+1","Parasite","Offering","Mayhem","Panacea","Evolve+1","True Grit+1","Fire Breathing+1"],"relics":["Burning Blood","NeowsBlessing","Whetstone","Odd Mushroom","Self Forming Clay","Cursed Key","Oddly Smooth Stone","Kunai","Ice Cream","Mark of Pain","Blood Vial","Meat on the Bone","TheAbacus"],"potions_floor_usage":[7,10,11,16,29,29,30,39,47,47,47],"damage_taken":[{"damage":0,"enemies":"Cultist","floor":1,"turns":1},{"damage":0,"enemies":"2 Louse","floor":3,"turns":2},{"damage":0,"enemies":"Small Slimes","floor":5,"turns":1},{"damage":20,"enemies":"3 Sentries","floor":7,"turns":5},{"damage":24,"enemies":"The Mushroom Lair","floor":8,"turns":5},{"damage":26,"enemies":"Exordium Thugs","floor":10,"turns":5},{"damage":1,"enemies":"2 Fungi Beasts","floor":11,"turns":4},{"damage":18,"enemies":"Red Slaver","floor":14,"turns":4},{"damage":60,"enemies":"The Guardian","floor":16,"turns":9},{"damage":0,"enemies":"Shell Parasite","floor":18,"turns":1},{"damage":12,"enemies":"Spheric Guardian","floor":22,"turns":4},{"damage":32,"enemies":"Book of Stabbing","floor":24,"turns":4},{"damage":15,"enemies":"Snecko","floor":27,"turns":4},{"damage":12,"enemies":"3 Cultists","floor":29,"turns":3},{"damage":13,"enemies":"Sentry and Sphere","floor":30,"turns":4},{"damage":44,"enemies":"Champ","floor":33,"turns":8},{"damage":1,"enemies":"Orb Walker","floor":35,"turns":3},{"damage":14,"enemies":"3 Shapes","floor":36,"turns":4},{"damage":15,"enemies":"Maw","floor":39,"turns":6},{"damage":37,"enemies":"Sphere and 2 Shapes","floor":41,"turns":5},{"damage":45,"enemies":"4 Shapes","floor":46,"turns":4},{"damage":84,"enemies":"Transient","floor":47,"turns":5},{"damage":0,"enemies":"3 Darklings","floor":48,"turns":1},{"damage":77,"enemies":"Awakened One","floor":50,"turns":3}],"seed_played":"-1025501165787040643","potions_obtained":[{"floor":5,"key":"GamblersBrew"},{"floor":7,"key":"FearPotion"},{"floor":14,"key":"PowerPotion"},{"floor":16,"key":"FearPotion"},{"floor":27,"key":"PowerPotion"},{"floor":29,"key":"SkillPotion"},{"floor":36,"key":"SteroidPotion"},{"floor":41,"key":"AttackPotion"},{"floor":48,"key":"Swift Potion"}],"is_trial":false,"path_per_floor":["M","$","M","$","M","R","E","?","T","M","M","R","$","M","R","B",null,"M","?","?","$","M","R","E","R","T","M","?","M","M","$","R","B",null,"M","M","$","?","M","R","M","?","T","$","R","M","M","M","R","B"],"character_chosen":"IRONCLAD","items_purchased":["Rampage","SteroidPotion","Oddly Smooth Stone","Metallicize","Hemokinesis","Rage","Meat on the Bone","TheAbacus","Fire Potion","BloodPotion","Offering","Mayhem","Panacea"],"campfire_rested":5,"item_purchase_floors":[2,4,21,31,31,37,44,44,44,44,44,44,44],"current_hp_per_floor":[80,80,80,80,80,80,66,48,48,28,33,57,57,48,72,18,83,83,83,83,83,77,77,55,55,55,50,50,47,40,40,68,30,94,97,92,92,92,83,83,52,52,52,52,82,60,21,41,71,0],"gold":92,"neow_bonus":"THREE_ENEMY_KILL","is_prod":false,"is_daily":false,"chose_seed":false,"campfire_upgraded":4,"win_rate":0,"timestamp":1567984433,"path_taken":["M","?","M","$","M","R","E","?","T","M","M","R","$","M","R","BOSS","M","?","?","$","?","R","E","R","T","M","?","?","M","?","R","BOSS","M","M","$","?","M","R","M","?","T","$","R","M","M","M","R","BOSS"],"build_version":"2019-07-17","purchased_purges":2,"victory":false,"max_hp_per_floor":[80,80,80,80,80,80,80,80,80,80,80,80,80,83,83,83,83,83,83,83,83,83,83,87,87,87,91,91,94,94,94,94,94,94,97,100,100,100,100,100,100,100,100,100,100,103,103,103,103,106],"card_choices":[{"not_picked":["Sword Boomerang","True Grit"],"picked":"Flex","floor":1},{"not_picked":["Dropkick","Shrug It Off"],"picked":"Heavy Blade","floor":3},{"not_picked":["Pommel Strike","Havoc","Anger"],"picked":"SKIP","floor":5},{"not_picked":["Flame Barrier","Burning Pact"],"picked":"Inflame","floor":7},{"not_picked":["Bloodletting","Anger"],"picked":"Flex","floor":8},{"not_picked":["Heavy Blade","Warcry"],"picked":"Feed","floor":10},{"not_picked":["Anger","Pommel Strike","Havoc"],"picked":"SKIP","floor":11},{"not_picked":["Body Slam","Rupture"],"picked":"Armaments","floor":14},{"not_picked":["Fiend Fire","Bludgeon"],"picked":"Double Tap","floor":16},{"not_picked":["Thunderclap","Warcry"],"picked":"Reckless Charge+1","floor":18},{"not_picked":["Iron Wave","Rupture"],"picked":"Thunderclap","floor":22},{"not_picked":["Heavy Blade","Clothesline"],"picked":"Anger+1","floor":24},{"not_picked":["Armaments","Clothesline","Clash"],"picked":"SKIP","floor":27},{"not_picked":["Clash","Warcry","Flex"],"picked":"SKIP","floor":29},{"not_picked":["Fiend Fire","Pommel Strike+1"],"picked":"Whirlwind","floor":30},{"not_picked":["Feed","Double Tap"],"picked":"Immolate","floor":33},{"not_picked":["Clash","Warcry","Twin Strike"],"picked":"SKIP","floor":35},{"not_picked":["Rampage","Thunderclap+1","Clothesline"],"picked":"SKIP","floor":36},{"not_picked":["Shockwave","True Grit"],"picked":"Limit Break","floor":39},{"not_picked":["Clash+1","Perfected Strike"],"picked":"Headbutt+1","floor":41},{"not_picked":["Pommel Strike","Havoc"],"picked":"Evolve+1","floor":46},{"not_picked":["Flex","Clothesline"],"picked":"True Grit+1","floor":47},{"not_picked":["Perfected Strike","Power Through"],"picked":"Fire Breathing+1","floor":48}],"player_experience":333535,"relics_obtained":[{"floor":7,"key":"Whetstone"},{"floor":8,"key":"Odd Mushroom"},{"floor":9,"key":"Self Forming Clay"},{"floor":24,"key":"Kunai"},{"floor":26,"key":"Ice Cream"},{"floor":43,"key":"Blood Vial"}],"event_choices":[{"damage_healed":0,"gold_gain":0,"player_choice":"Fought Mushrooms","damage_taken":0,"max_hp_gain":0,"max_hp_loss":0,"event_name":"Mushrooms","floor":8,"gold_loss":0},{"damage_healed":0,"gold_gain":0,"player_choice":"Ignored","damage_taken":0,"max_hp_gain":0,"max_hp_loss":0,"event_name":"Ghosts","floor":19,"gold_loss":0},{"damage_healed":0,"gold_gain":0,"player_choice":"Upgraded","damage_taken":0,"max_hp_gain":0,"max_hp_loss":0,"event_name":"Upgrade Shrine","floor":20,"gold_loss":0,"cards_upgraded":["Armaments"]},{"damage_healed":0,"gold_gain":0,"player_choice":"Forge","damage_taken":0,"max_hp_gain":0,"max_hp_loss":0,"event_name":"Accursed Blacksmith","floor":28,"gold_loss":0,"cards_upgraded":["Flex"]},{"damage_healed":0,"gold_gain":999,"player_choice":"Gold","damage_taken":0,"max_hp_gain":0,"max_hp_loss":0,"event_name":"MindBloom","floor":38,"gold_loss":0,"cards_obtained":["Normality","Normality"]},{"damage_healed":0,"gold_gain":0,"player_choice":"Upgraded","damage_taken":0,"max_hp_gain":0,"max_hp_loss":0,"event_name":"Upgrade Shrine","floor":42,"gold_loss":0,"cards_upgraded":["Whirlwind"]}],"is_beta":false,"boss_relics":[{"not_picked":["Astrolabe","Ectoplasm"],"picked":"Cursed Key"},{"not_picked":["Runic Dome","Velvet Choker"],"picked":"Mark of Pain"}],"items_purged_floors":[13,44],"is_endless":false,"potions_floor_spawned":[5,7,14,16,27,29,36,41,48],"killed_by":"Awakened One","ascension_level":4}