{"gold_per_floor":[109,109,127,127,127,161,161,161,238,238,254,254,285,298,298,374,374,314,314,155,155,155,155,155,155,155,155,155],"floor_reached":28,"playtime":669,"items_purged":["Strike_R"],"score":538,"play_id":"9490a8eb-3e2a-464b-9e76-394d5c9c0e2d","local_time":"20190913114119","is_ascension_mode":true,"campfire_choices":[{"data":"Clothesline","floor":8,"key":"SMITH"},{"data":"Bash","floor":10,"key":"SMITH"},{"data":"Combust","floor":12,"key":"SMITH"},{"data":"Anger","floor":15,"key":"SMITH"},{"floor":23,"key":"REST"}],"neow_cost":"NONE","seed_source_timestamp":99344291376300,"circlet_count":0,"master_deck":["AscendersBane","Strike_R","Strike_R","Strike_R","Defend_R","Defend_R","Defend_R","Defend_R","Bash+1","Clothesline+1","Anger+1","Combust+1","Seeing Red","Combust","Offering","Shrug It Off","Rupture","J.A.X."],"relics":["Burning Blood","NeowsBlessing","Pear","Pocketwatch","Shuriken","Oddly Smooth Stone","Ectoplasm","Art of War","Bird Faced Urn","Tiny Chest"],"potions_floor_usage":[16,18,21],"damage_taken":[{"damage":0,"enemies":"Small Slimes","floor":1,"turns":2},{"damage":0,"enemies":"Cultist","floor":3,"turns":1},{"damage":0,"enemies":"3 Sentries","floor":6,"turns":1},{"damage":8,"enemies":"2 Louse","floor":11,"turns":4},{"damage":18,"enemies":"Lagavulin","floor":13,"turns":4},{"damage":5,"enemies":"Looter","floor":14,"turns":3},{"damage":33,"enemies":"Hexaghost","floor":16,"turns":8},{"damage":22,"enemies":"2 Thieves","floor":18,"turns":3},{"damage":11,"enemies":"Spheric Guardian","floor":19,"turns":3},{"damage":48,"enemies":"Shelled Parasite and Fungi","floor":21,"turns":4},{"damage":18,"enemies":"Gremlin Leader","floor":24,"turns":5},{"damage":46,"enemies":"Chosen and Byrds","floor":28,"turns":3}],"seed_played":"-43521778738539900","potions_obtained":[{"floor":1,"key":"Energy Potion"},{"floor":2,"key":"SteroidPotion"},{"floor":6,"key":"LiquidBronze"},{"floor":19,"key":"Regen Potion"},{"floor":24,"key":"Explosive Potion"}],"is_trial":false,"path_per_floor":["M","?","M","T","?","E","?","R","T","R","M","R","E","M","R","B",null,"M","M","$","M","T","R","E","?","T","?","M"],"character_chosen":"IRONCLAD","items_purchased":["Rupture"],"campfire_rested":1,"item_purchase_floors":[20],"current_hp_per_floor":[74,74,75,85,85,85,85,85,85,85,83,83,71,72,72,45,75,59,54,54,24,24,49,37,37,37,37,0],"gold":155,"neow_bonus":"THREE_ENEMY_KILL","is_prod":false,"is_daily":false,"chose_seed":false,"campfire_upgraded":4,"win_rate":0,"timestamp":1568400079,"path_taken":["M","?","?","?","?","E","?","R","T","R","M","R","E","M","R","BOSS","M","M","$","?","?","R","E","?","T","?","M"],"build_version":"2019-07-17","purchased_purges":1,"victory":false,"max_hp_per_floor":[75,75,75,85,85,85,85,85,85,85,85,85,85,85,85,85,85,85,85,85,85,85,85,85,85,85,85,85],"card_choices":[{"not_picked":["Seeing Red","Entrench"],"picked":"Clothesline","floor":1},{"not_picked":["Pommel Strike","Havoc","Dual Wield"],"picked":"SKIP","floor":3},{"not_picked":["Flex","Thunderclap"],"picked":"Anger","floor":6},{"not_picked":["Infernal Blade","Clothesline"],"picked":"Combust","floor":11},{"not_picked":["Fire Breathing","Inflame"],"picked":"Seeing Red","floor":13},{"not_picked":["Pommel Strike","Headbutt"],"picked":"Combust","floor":14},{"not_picked":["Dark Embrace","Impervious"],"picked":"Offering","floor":16},{"not_picked":["Clash","Carnage+1","Cleave"],"picked":"SKIP","floor":18},{"not_picked":["Warcry","Fiend Fire"],"picked":"Shrug It Off","floor":19},{"not_picked":["Iron Wave","Armaments","Clothesline"],"picked":"SKIP","floor":21},{"not_picked":["Body Slam","True Grit","Entrench"],"picked":"SKIP","floor":24}],"player_experience":737851,"relics_obtained":[{"floor":4,"key":"Pear"},{"floor":6,"key":"Pocketwatch"},{"floor":9,"key":"Shuriken"},{"floor":13,"key":"Oddly Smooth Stone"},{"floor":22,"key":"Art of War"},{"floor":24,"key":"Bird Faced Urn"},{"floor":26,"key":"Tiny Chest"}],"event_choices":[{"damage_healed":0,"gold_gain":0,"player_choice":"Got Potions","damage_taken":0,"max_hp_gain":0,"max_hp_loss":0,"event_name":"Lab","floor":2,"gold_loss":0},{"damage_healed":0,"gold_gain":0,"player_choice":"Ignored","damage_taken":0,"max_hp_gain":0,"max_hp_loss":0,"event_name":"Liars Game","floor":5,"gold_loss":0},{"cards_removed":["Strike_R"],"damage_healed":0,"gold_gain":0,"player_choice":"Purged","damage_taken":0,"max_hp_gain":0,"max_hp_loss":0,"event_name":"Purifier","floor":7,"gold_loss":0},{"damage_healed":0,"gold_gain":0,"player_choice":"Obtain J.A.X.","damage_taken":0,"max_hp_gain":0,"max_hp_loss":0,"event_name":"Drug Dealer","floor":25,"gold_loss":0,"cards_obtained":["J.A.X."]},{"damage_healed":0,"gold_gain":0,"player_choice":"Ignored","damage_taken":0,"max_hp_gain":0,"max_hp_loss":0,"event_name":"Ghosts","floor":27,"gold_loss":0}],"is_beta":false,"boss_relics":[{"not_picked":["Runic Dome","Runic Cube"],"picked":"Ectoplasm"}],"items_purged_floors":[20],"is_endless":false,"potions_floor_spawned":[1,6,11,19,24],"killed_by":"Chosen and Byrds","ascension_level":20}