{"gold_per_floor":[110,110,123,28,39,39,69,86,86,86,96,61,388,388,388,388],"floor_reached":16,"playtime":1119,"items_purged":[],"score":263,"play_id":"9e547df5-adb2-4090-8795-122a52ba0463","local_time":"20190217221916","is_ascension_mode":true,"campfire_choices":[{"data":"Discovery","floor":6,"key":"SMITH"},{"data":"Bash","floor":10,"key":"SMITH"},{"data":"Demon Form","floor":15,"key":"SMITH"}],"neow_cost":"TEN_PERCENT_HP_LOSS","seed_source_timestamp":150336543775438,"circlet_count":0,"master_deck":["AscendersBane","Strike_R","Strike_R","Strike_R","Defend_R","Defend_R","Defend_R","Bash+1","Burning Pact","Dual Wield","Cleave","Clothesline","Discovery+1","Clothesline","Wild Strike","Rage","Demon Form+1","Shrug It Off"],"relics":["Burning Blood","Bottled Lightning","Paper Frog","Old Coin","Potion Belt"],"potions_floor_usage":[7,13],"damage_taken":[{"damage":20,"enemies":"Small Slimes","floor":1,"turns":5},{"damage":0,"enemies":"2 Louse","floor":3,"turns":2},{"damage":0,"enemies":"Cultist","floor":5,"turns":3},{"damage":53,"enemies":"Gremlin Nob","floor":7,"turns":5},{"damage":3,"enemies":"Exordium Wildlife","floor":8,"turns":4},{"damage":12,"enemies":"3 Louse","floor":11,"turns":3},{"damage":0,"enemies":"Lagavulin","floor":13,"turns":4},{"damage":33,"enemies":"Hexaghost","floor":16,"turns":9}],"seed_played":"-2839586645328713289","potions_obtained":[{"floor":5,"key":"Strength Potion"},{"floor":7,"key":"PowerPotion"}],"is_trial":false,"path_per_floor":["M","?","M","$","M","R","E","M","T","R","M","?","E","?","R","B"],"character_chosen":"IRONCLAD","items_purchased":["Discovery"],"campfire_rested":0,"item_purchase_floors":[4],"current_hp_per_floor":[54,47,53,53,59,59,12,15,15,15,9,26,32,32,32,0],"gold":388,"neow_bonus":"TRANSFORM_TWO_CARDS","is_prod":false,"is_daily":false,"chose_seed":false,"campfire_upgraded":3,"win_rate":0,"timestamp":1550470756,"path_taken":["M","?","M","$","M","R","E","M","T","R","M","?","E","?","R","BOSS"],"build_version":"2019-01-23","purchased_purges":0,"victory":false,"max_hp_per_floor":[68,68,68,68,68,68,68,68,68,68,68,68,68,68,68,68],"card_choices":[{"not_picked":["Thunderclap","Clash"],"picked":"Cleave","floor":1},{"not_picked":["Flex","Warcry"],"picked":"Clothesline","floor":3},{"not_picked":["Burning Pact","Warcry"],"picked":"Clothesline","floor":5},{"not_picked":["Clothesline","Pummel"],"picked":"Wild Strike","floor":7},{"not_picked":["Twin Strike","Body Slam"],"picked":"Rage","floor":8},{"not_picked":["Body Slam","Feel No Pain"],"picked":"Demon Form","floor":11},{"not_picked":["Perfected Strike","Searing Blow"],"picked":"Shrug It Off","floor":13}],"player_experience":664216,"relics_obtained":[{"floor":7,"key":"Bottled Lightning"},{"floor":9,"key":"Paper Frog"},{"floor":13,"key":"Old Coin"}],"event_choices":[{"cards_removed":["Strike_R"],"damage_healed":0,"gold_gain":0,"player_choice":"Card Removal","damage_taken":7,"max_hp_gain":0,"max_hp_loss":0,"event_name":"Golden Wing","floor":2,"gold_loss":0},{"damage_healed":17,"gold_gain":0,"player_choice":"Healed","damage_taken":0,"max_hp_gain":0,"max_hp_loss":0,"event_name":"The Cleric","floor":12,"gold_loss":35},{"damage_healed":0,"gold_gain":0,"player_choice":"Searched \u00271\u0027 times","damage_taken":0,"relics_obtained":["Potion Belt"],"max_hp_gain":0,"max_hp_loss":0,"event_name":"Dead Adventurer","floor":14,"gold_loss":0}],"is_beta":false,"boss_relics":[],"items_purged_floors":[],"is_endless":false,"potions_floor_spawned":[5,7],"killed_by":"Hexaghost","ascension_level":19}