{"gold_per_floor":[112,44,44,20,20,20,51,51,77,87,87,87,87,131,131,255,255,271,271,47,47,47,47,87,108,133,133,152,152,193,193,193,314,314,337,670,724,429,409,409,439,714,714,714,724,724,3,15,15,15],"floor_reached":50,"playtime":3440,"items_purged":["Sunder","Regret"],"score":887,"play_id":"2a0db04f-6a65-462b-9fb0-76e74c9cde58","local_time":"20190206003403","is_ascension_mode":true,"campfire_choices":[{"data":"Genetic Algorithm","floor":6,"key":"SMITH"},{"data":"Consume","floor":8,"key":"SMITH"},{"data":"Zap","floor":11,"key":"SMITH"},{"data":"Sweeping Beam","floor":15,"key":"SMITH"},{"data":"Buffer","floor":23,"key":"SMITH"},{"data":"Storm","floor":27,"key":"SMITH"},{"data":"Coolheaded","floor":29,"key":"SMITH"},{"data":"Streamline","floor":32,"key":"SMITH"},{"data":"Seek","floor":40,"key":"SMITH"},{"data":"Electrodynamics","floor":46,"key":"SMITH"},{"data":"Coolheaded","floor":49,"key":"SMITH"}],"neow_cost":"NONE","seed_source_timestamp":299214851091561,"circlet_count":0,"master_deck":["AscendersBane","Zap+1","Dualcast","Consume+1","Genetic Algorithm+1","Ball Lightning+1","Cold Snap+1","Leap","Sweeping Beam+1","Buffer+1","Auto Shields","Amplify+1","Hello World","Fusion+1","Static Discharge","Auto Shields+1","Storm+1","FTL+1","Coolheaded+1","Electrodynamics+1","Streamline+1","Seek+1","Capacitor","Capacitor","Panache","Coolheaded+1"],"relics":["Cracked Core","NeowsBlessing","GremlinMask","Bag of Preparation","Juzu Bracelet","Bird Faced Urn","Pandora\u0027s Box","War Paint","Shuriken","Strawberry","Happy Flower","StoneCalendar","Busted Crown","WingedGreaves","Whetstone","Bottled Tornado","Question Card","ClockworkSouvenir","Calipers"],"potions_floor_usage":[14,16,25,30,33,41,41,48,50],"damage_taken":[{"damage":0,"enemies":"Small Slimes","floor":1,"turns":1},{"damage":0,"enemies":"Lagavulin","floor":7,"turns":1},{"damage":0,"enemies":"2 Louse","floor":10,"turns":1},{"damage":0,"enemies":"3 Sentries","floor":14,"turns":7},{"damage":34,"enemies":"The Guardian","floor":16,"turns":9},{"damage":24,"enemies":"2 Thieves","floor":18,"turns":4},{"damage":27,"enemies":"Book of Stabbing","floor":24,"turns":6},{"damage":0,"enemies":"Spheric Guardian","floor":25,"turns":3},{"damage":0,"enemies":"Chosen and Byrds","floor":28,"turns":6},{"damage":26,"enemies":"Slavers","floor":30,"turns":4},{"damage":15,"enemies":"Collector","floor":33,"turns":9},{"damage":0,"enemies":"3 Shapes","floor":35,"turns":2},{"damage":0,"enemies":"2 Orb Walkers","floor":37,"turns":3},{"damage":16,"enemies":"Reptomancer","floor":41,"turns":6},{"damage":25,"enemies":"3 Darklings","floor":45,"turns":2},{"damage":0,"enemies":"Writhing Mass","floor":48,"turns":4},{"damage":91,"enemies":"Awakened One","floor":50,"turns":5}],"seed_played":"-4515724393295434880","potions_obtained":[{"floor":7,"key":"Dexterity Potion"},{"floor":14,"key":"LiquidBronze"},{"floor":24,"key":"GamblersBrew"},{"floor":25,"key":"PowerPotion"},{"floor":28,"key":"Energy Potion"},{"floor":37,"key":"Dexterity Potion"},{"floor":39,"key":"Energy Potion"},{"floor":45,"key":"Weak Potion"}],"is_trial":false,"path_per_floor":["M","$","?","$","?","R","E","R","T","M","R","?","?","E","R","B",null,"M","?","$","?","T","R","E","M","T","R","M","R","E","?","R","B",null,"M","?","?","$","?","R","E","?","T","?","M","R","$","M","R","B"],"character_chosen":"DEFECT","items_purchased":["Genetic Algorithm","Ball Lightning","War Paint","Storm","Capacitor","Whetstone","ClockworkSouvenir","Calipers","Coolheaded","EssenceOfSteel"],"campfire_rested":0,"item_purchase_floors":[2,4,20,20,38,38,47,47,47,47],"current_hp_per_floor":[68,68,73,73,73,73,73,73,73,73,73,66,66,66,66,32,64,46,46,46,70,70,70,56,66,66,66,76,76,63,63,63,62,76,81,81,81,81,81,81,67,67,67,67,52,52,52,72,72,0],"gold":15,"neow_bonus":"THREE_ENEMY_KILL","is_prod":false,"is_daily":false,"chose_seed":false,"campfire_upgraded":11,"win_rate":0,"timestamp":1549442043,"path_taken":["M","$","?","$","?","R","E","R","T","M","R","?","?","E","R","BOSS","M","?","?","?","?","R","E","M","T","R","M","R","E","?","R","BOSS","M","?","?","$","?","R","E","?","T","?","M","R","$","M","R","BOSS"],"build_version":"2019-01-23","purchased_purges":2,"victory":false,"max_hp_per_floor":[75,75,80,80,80,80,80,80,80,80,80,80,74,74,74,74,74,74,74,74,74,74,74,81,81,81,81,81,81,81,81,81,81,81,81,81,81,81,81,81,81,81,81,81,81,81,81,81,81,81],"card_choices":[{"not_picked":["Go for the Eyes","Scrape"],"picked":"Consume","floor":1},{"not_picked":["Rip and Tear","Storm"],"picked":"Cold Snap","floor":7},{"not_picked":["Sweeping Beam","Stack"],"picked":"Leap","floor":10},{"not_picked":["Cold Snap","Fusion"],"picked":"Sweeping Beam","floor":14},{"not_picked":["Amplify","Machine Learning"],"picked":"Buffer","floor":16},{"not_picked":["Chaos","Streamline"],"picked":"Auto Shields+1","floor":18},{"not_picked":["Skim","Beam Cell"],"picked":"FTL+1","floor":24},{"not_picked":["Gash+1","Chill"],"picked":"Coolheaded","floor":25},{"not_picked":["Rebound","Tempest"],"picked":"Electrodynamics","floor":28},{"not_picked":["Steam Power","Cold Snap","Sunder"],"picked":"SKIP","floor":30},{"not_picked":["Hyperbeam","Meteor Strike"],"picked":"Seek","floor":33},{"not_picked":["Beam Cell"],"picked":"SKIP","floor":35},{"not_picked":[],"picked":"Capacitor","floor":37},{"not_picked":["Turbo+1"],"picked":"SKIP","floor":41},{"not_picked":["Enlightenment"],"picked":"Panache","floor":44},{"not_picked":["Doom and Gloom","Hello World"],"picked":"SKIP","floor":45},{"not_picked":["Sweeping Beam+1","Coolheaded"],"picked":"SKIP","floor":48},{"not_picked":["Sweeping Beam+1","Coolheaded"],"picked":"SKIP","floor":48}],"player_experience":557970,"relics_obtained":[{"floor":7,"key":"Bag of Preparation"},{"floor":9,"key":"Juzu Bracelet"},{"floor":14,"key":"Bird Faced Urn"},{"floor":22,"key":"Shuriken"},{"floor":24,"key":"Strawberry"},{"floor":26,"key":"Happy Flower"},{"floor":30,"key":"StoneCalendar"},{"floor":37,"key":"WingedGreaves"},{"floor":41,"key":"Bottled Tornado"},{"floor":43,"key":"Question Card"}],"event_choices":[{"damage_healed":0,"gold_gain":0,"player_choice":"Donut","damage_taken":0,"max_hp_gain":5,"max_hp_loss":0,"event_name":"Big Fish","floor":3,"gold_loss":0},{"damage_healed":0,"gold_gain":0,"player_choice":"Trade","damage_taken":0,"relics_obtained":["GremlinMask"],"max_hp_gain":0,"max_hp_loss":0,"event_name":"FaceTrader","floor":5,"gold_loss":0},{"cards_removed":["Strike_B"],"damage_healed":0,"gold_gain":0,"player_choice":"Card Removal","damage_taken":7,"max_hp_gain":0,"max_hp_loss":0,"event_name":"Golden Wing","floor":12,"gold_loss":0},{"damage_healed":0,"gold_gain":0,"player_choice":"Lose Max HP","damage_taken":0,"relics_obtained":["Golden Idol"],"max_hp_gain":0,"max_hp_loss":6,"event_name":"Golden Idol","floor":13,"gold_loss":0},{"damage_healed":0,"gold_gain":0,"cards_transformed":["Scrape"],"player_choice":"Transformed","damage_taken":0,"max_hp_gain":0,"max_hp_loss":0,"event_name":"Transmorgrifier","floor":19,"gold_loss":0,"cards_obtained":["Undo"]},{"damage_healed":24,"gold_gain":0,"player_choice":"Heal","damage_taken":0,"max_hp_gain":0,"max_hp_loss":0,"event_name":"The Library","floor":21,"gold_loss":0},{"damage_healed":0,"gold_gain":0,"cards_transformed":["Undo","Sweeping Beam"],"player_choice":"Became Test Subject","damage_taken":0,"max_hp_gain":0,"max_hp_loss":0,"event_name":"Drug Dealer","floor":31,"gold_loss":0,"cards_obtained":["Sunder","Streamline"]},{"damage_healed":0,"gold_gain":333,"player_choice":"Gave Idol","damage_taken":0,"max_hp_gain":0,"max_hp_loss":0,"event_name":"The Moai Head","floor":36,"relics_lost":["Golden Idol"],"gold_loss":0},{"damage_healed":0,"gold_gain":0,"player_choice":"Fight","damage_taken":0,"max_hp_gain":0,"max_hp_loss":0,"event_name":"Mysterious Sphere","floor":37,"gold_loss":0},{"damage_healed":0,"gold_gain":0,"player_choice":"Bought 1 Potion","damage_taken":0,"max_hp_gain":0,"max_hp_loss":0,"event_name":"The Woman in Blue","floor":39,"gold_loss":0},{"damage_healed":0,"gold_gain":275,"player_choice":"Desecrate","damage_taken":0,"max_hp_gain":0,"max_hp_loss":0,"event_name":"Golden Shrine","floor":42,"gold_loss":0,"cards_obtained":["Regret"]},{"damage_healed":0,"gold_gain":0,"player_choice":"Memory 1","damage_taken":0,"max_hp_gain":0,"max_hp_loss":0,"event_name":"SensoryStone","floor":44,"gold_loss":0}],"is_beta":false,"boss_relics":[{"not_picked":["Ectoplasm","Black Star"],"picked":"Pandora\u0027s Box"},{"not_picked":["White Beast Statue","Lizard Tail"],"picked":"Busted Crown"}],"items_purged_floors":[38,47],"is_endless":false,"potions_floor_spawned":[7,14,24,25,28,37,45],"killed_by":"Awakened One","ascension_level":11}