{"gold_per_floor":[111,5,5,5,21,55,55,4,55,69,82,113,113,152,152,250,250,250,250,140,140,140,140,140,140,140,140,140,140,140,55,55,55,55,55,55,55,55,55,55,55],"floor_reached":41,"playtime":2691,"items_purged":[],"score":904,"play_id":"a7e816fe-976d-4e6f-8446-0cda4d3706eb","local_time":"20190509221008","is_ascension_mode":true,"campfire_choices":[{"floor":7.0,"key":"REST"},{"data":"Armaments","floor":13.0,"key":"SMITH"},{"floor":15.0,"key":"REST"},{"data":"Inflame","floor":24,"key":"SMITH"},{"floor":27,"key":"REST"},{"data":"Limit Break","floor":30,"key":"SMITH"},{"floor":32,"key":"REST"},{"floor":40,"key":"REST"}],"neow_cost":"NONE","seed_source_timestamp":0,"circlet_count":0,"master_deck":["AscendersBane","Strike_R+1","Strike_R","Strike_R+1","Strike_R","Defend_R","Defend_R","Defend_R","Defend_R+1","Bash+1","Pommel Strike","Perfected Strike+1","Carnage","Anger","Armaments+1","Wild Strike","Twin Strike","Perfected Strike","Perfected Strike","Limit Break+1","Inflame+1","Clash+1","Shrug It Off","RitualDagger","Spot Weakness","Pommel Strike","Double Tap","Armaments"],"special_seed":0,"relics":["Burning Blood","NeowsBlessing","Golden Idol","Juzu Bracelet","Potion Belt","Blood Vial","Sundial","Ectoplasm","Mango","Whetstone","Paper Frog","Cursed Key","Calipers"],"potions_floor_usage":[23,29,35,41],"damage_taken":[{"damage":0.0,"enemies":"Cultist","floor":1.0,"turns":1.0},{"damage":0.0,"enemies":"Small Slimes","floor":5.0,"turns":1.0},{"damage":0.0,"enemies":"Lagavulin","floor":6.0,"turns":1.0},{"damage":0.0,"enemies":"2 Louse","floor":10.0,"turns":2.0},{"damage":9.0,"enemies":"Red Slaver","floor":11.0,"turns":3.0},{"damage":24.0,"enemies":"Gremlin Nob","floor":12.0,"turns":4.0},{"damage":23.0,"enemies":"Lagavulin","floor":14.0,"turns":5.0},{"damage":49.0,"enemies":"Slime Boss","floor":16.0,"turns":9.0},{"damage":0.0,"enemies":"3 Byrds","floor":18.0,"turns":6.0},{"damage":0,"enemies":"Chosen","floor":19,"turns":3},{"damage":14,"enemies":"Snake Plant","floor":21,"turns":3},{"damage":35,"enemies":"Book of Stabbing","floor":23,"turns":3},{"damage":31,"enemies":"Centurion and Healer","floor":28,"turns":5},{"damage":12,"enemies":"Cultist and Chosen","floor":29,"turns":4},{"damage":57,"enemies":"Collector","floor":33,"turns":7},{"damage":21,"enemies":"3 Darklings","floor":35,"turns":4},{"damage":12,"enemies":"3 Shapes","floor":36,"turns":4},{"damage":31,"enemies":"Mind Bloom Boss Battle","floor":38,"turns":6},{"damage":63,"enemies":"Nemesis","floor":41,"turns":4}],"seed_played":"-6035038411813261870","potions_obtained":[{"floor":10.0,"key":"Dexterity Potion"},{"floor":11.0,"key":"Ancient Potion"},{"floor":16.0,"key":"SkillPotion"},{"floor":19,"key":"FearPotion"},{"floor":28,"key":"Ancient Potion"},{"floor":33,"key":"Swift Potion"},{"floor":35,"key":"Explosive Potion"},{"floor":38,"key":"SneckoOil"}],"is_trial":false,"path_per_floor":["M","$","?","?","M","E","R","$","T","M","M","E","R","E","R","B",null,"M","M","?","M","?","E","R","?","T","R","M","M","R","?","R","B",null,"M","M","?","?","?","R","E"],"character_chosen":"IRONCLAD","items_purchased":["Perfected Strike","Strength Potion","Armaments"],"campfire_rested":5,"item_purchase_floors":[2,2,8],"current_hp_per_floor":[74,74,51,25,31,37,59,59,59,65,62,44,44,29,51,10,59,67,75,75,67,46,33,33,27,27,55,32,28,28,28,56,7,72,59,55,55,32,32,60,0],"gold":55,"neow_bonus":"THREE_ENEMY_KILL","is_prod":false,"is_daily":false,"chose_seed":false,"campfire_upgraded":3,"win_rate":0,"timestamp":1557465008,"path_taken":["M","$","?","?","M","E","R","$","T","M","M","E","R","E","R","BOSS","M","M","?","M","?","E","R","?","T","R","M","M","R","?","R","BOSS","M","M","?","?","?","R","E"],"build_version":"2019-01-23","purchased_purges":0,"victory":false,"max_hp_per_floor":[75,75,75,75,75,75,75,75,75,75,75,75,75,75,75,75,75,75,75,75,75,80,94,94,94,94,94,94,94,94,94,94,94,94,94,94,94,94,94,94,94],"card_choices":[{"not_picked":["Headbutt","Reckless Charge"],"picked":"Pommel Strike","floor":1.0},{"not_picked":["Fire Breathing","Pommel Strike"],"picked":"Carnage","floor":5.0},{"not_picked":["Dual Wield","Berserk"],"picked":"Anger","floor":6.0},{"not_picked":["Thunderclap","Infernal Blade"],"picked":"Wild Strike","floor":10.0},{"not_picked":["Infernal Blade","Clash"],"picked":"Twin Strike","floor":11.0},{"not_picked":["Heavy Blade","Whirlwind"],"picked":"Perfected Strike","floor":12.0},{"not_picked":["Flex","Anger"],"picked":"Perfected Strike","floor":14.0},{"not_picked":["Berserk","Brutality"],"picked":"Limit Break","floor":16.0},{"not_picked":["Anger+1","Heavy Blade"],"picked":"Inflame","floor":18},{"not_picked":["Flex","Bloodletting","Heavy Blade+1"],"picked":"SKIP","floor":19},{"not_picked":["Berserk","Reckless Charge"],"picked":"Clash+1","floor":21},{"not_picked":["Headbutt","Fiend Fire"],"picked":"Shrug It Off","floor":23},{"not_picked":["Armaments","Warcry+1"],"picked":"Spot Weakness","floor":28},{"not_picked":["Sever Soul","Rampage"],"picked":"Pommel Strike","floor":29},{"not_picked":["Brutality","Juggernaut"],"picked":"Double Tap","floor":33},{"not_picked":["Warcry","Body Slam","Perfected Strike"],"picked":"SKIP","floor":35},{"not_picked":["Power Through","Clash"],"picked":"Armaments","floor":36}],"player_experience":932644,"relics_obtained":[{"floor":6.0,"key":"Juzu Bracelet"},{"floor":9.0,"key":"Potion Belt"},{"floor":12.0,"key":"Blood Vial"},{"floor":14.0,"key":"Sundial"},{"floor":23,"key":"Mango"},{"floor":26,"key":"Whetstone"},{"floor":38,"key":"Calipers"}],"event_choices":[{"damage_healed":0.0,"max_hp_gain":0.0,"max_hp_loss":0.0,"gold_gain":0.0,"event_name":"Shining Light","player_choice":"Entered Light","floor":3.0,"gold_loss":0.0,"damage_taken":23.0,"cards_upgraded":["Strike_R","Defend_R"]},{"damage_healed":0.0,"max_hp_gain":0.0,"max_hp_loss":0.0,"gold_gain":0.0,"event_name":"Golden Idol","player_choice":"Take Damage","floor":4.0,"gold_loss":0.0,"damage_taken":26.0,"relics_obtained":["Golden Idol"]},{"cards_removed":["Strike_R"],"damage_healed":0,"gold_gain":0,"player_choice":"Upgrade and Remove","damage_taken":0,"max_hp_gain":0,"max_hp_loss":0,"event_name":"Designer","floor":20,"gold_loss":110,"cards_upgraded":["Bash"]},{"damage_healed":0,"gold_gain":0,"player_choice":"Shed Blood","damage_taken":26,"max_hp_gain":5,"max_hp_loss":0,"event_name":"Forgotten Altar","floor":22,"gold_loss":0},{"damage_healed":0,"gold_gain":0,"player_choice":"Joined the Cult","damage_taken":6,"max_hp_gain":0,"max_hp_loss":0,"event_name":"Nest","floor":25,"gold_loss":0,"cards_obtained":["RitualDagger"]},{"damage_healed":0,"gold_gain":0,"player_choice":"Obtained Relic","damage_taken":0,"relics_obtained":["Paper Frog"],"max_hp_gain":0,"max_hp_loss":0,"event_name":"Addict","floor":31,"gold_loss":85},{"damage_healed":0,"gold_gain":0,"player_choice":"Ignored","damage_taken":0,"max_hp_gain":0,"max_hp_loss":0,"event_name":"The Moai Head","floor":37,"gold_loss":0},{"damage_healed":0,"gold_gain":0,"player_choice":"Fight","damage_taken":0,"max_hp_gain":0,"max_hp_loss":0,"event_name":"MindBloom","floor":38,"gold_loss":0},{"damage_healed":0,"gold_gain":0,"player_choice":"Ignored","damage_taken":0,"max_hp_gain":0,"max_hp_loss":0,"event_name":"Mysterious Sphere","floor":39,"gold_loss":0}],"is_beta":false,"boss_relics":[{"not_picked":["Black Star","Runic Pyramid"],"picked":"Ectoplasm"},{"not_picked":["Empty Cage","Black Blood"],"picked":"Cursed Key"}],"items_purged_floors":[],"is_endless":false,"potions_floor_spawned":[10,11,16,19,28,33,35,38],"killed_by":"Nemesis","ascension_level":20}