{"gold_per_floor":[110,23,35,35,51,82,82,95,95,108,121,156,126,126,126,254,254,279,279,303,27,27,58,72,87,136,136,154,177,177,201,201,324,324,339,353,353,8,8,8,8,41,68,23,23,67,131,144,144,144],"floor_reached":51,"playtime":8165,"items_purged":["Injury","Strike_B"],"score":746,"play_id":"8078834f-69a1-4a74-b8e3-4ee55716fc86","local_time":"20190726130317","is_ascension_mode":true,"campfire_choices":[{"floor":7.0,"key":"REST"},{"floor":15.0,"key":"REST"},{"floor":27.0,"key":"REST"},{"floor":30.0,"key":"REST"},{"data":"Chill","floor":32.0,"key":"SMITH"},{"data":"Hello World","floor":40.0,"key":"SMITH"},{"data":"Zap","floor":45.0,"key":"SMITH"},{"data":"Dualcast","floor":49,"key":"SMITH"}],"neow_cost":"NONE","seed_source_timestamp":0,"circlet_count":0,"master_deck":["Strike_B","Strike_B","Strike_B","Defend_B","Defend_B","Defend_B","Defend_B","Zap+1","Dualcast+1","BootSequence","Hello World+1","Double Energy+1","Genetic Algorithm","Compile Driver","Chill+1","Ball Lightning","Self Repair","Rainbow","All For One","RitualDagger","Impatience","Barrage","Streamline+1","Conserve Battery+1","White Noise","Ball Lightning+1","Rainbow","Scrape","Rip and Tear","Coolheaded+1","Undo","FTL","Leap","Cold Snap","Go for the Eyes","Hologram+1"],"special_seed":0,"relics":["Cracked Core","Golden Idol","Juzu Bracelet","Letter Opener","Pantograph","Blood Vial","Busted Crown","MealTicket","Mummified Hand","Bag of Preparation","Orrery","Regal Pillow","Bird Faced Urn","Bronze Scales","Pen Nib","Ginger"],"potions_floor_usage":[48,50,50,50,50],"damage_taken":[{"damage":0.0,"enemies":"Small Slimes","floor":1.0,"turns":3.0},{"damage":5.0,"enemies":"Cultist","floor":3.0,"turns":4.0},{"damage":9.0,"enemies":"Jaw Worm","floor":5.0,"turns":4.0},{"damage":36.0,"enemies":"Gremlin Nob","floor":6.0,"turns":5.0},{"damage":2.0,"enemies":"Exordium Wildlife","floor":8.0,"turns":5.0},{"damage":0.0,"enemies":"Lots of Slimes","floor":10.0,"turns":3.0},{"damage":15.0,"enemies":"Large Slime","floor":11.0,"turns":5.0},{"damage":8.0,"enemies":"Lagavulin","floor":12.0,"turns":6.0},{"damage":39.0,"enemies":"Hexaghost","floor":16.0,"turns":8.0},{"damage":5.0,"enemies":"2 Thieves","floor":18.0,"turns":3.0},{"damage":0.0,"enemies":"3 Byrds","floor":20.0,"turns":6.0},{"damage":50.0,"enemies":"Slavers","floor":23.0,"turns":6.0},{"damage":15.0,"enemies":"Snake Plant","floor":24.0,"turns":4.0},{"damage":0.0,"enemies":"Cultist and Chosen","floor":25.0,"turns":5.0},{"damage":10.0,"enemies":"Snecko","floor":28.0,"turns":4.0},{"damage":2.0,"enemies":"Shelled Parasite and Fungi","floor":29.0,"turns":5.0},{"damage":0.0,"enemies":"Sentry and Sphere","floor":31.0,"turns":4.0},{"damage":70.0,"enemies":"Collector","floor":33.0,"turns":9.0},{"damage":22.0,"enemies":"3 Darklings","floor":35.0,"turns":6.0},{"damage":5.0,"enemies":"3 Shapes","floor":36.0,"turns":5.0},{"damage":21.0,"enemies":"Giant Head","floor":42.0,"turns":9.0},{"damage":24.0,"enemies":"Nemesis","floor":46.0,"turns":9.0},{"damage":17.0,"enemies":"2 Orb Walkers","floor":47.0,"turns":5.0},{"damage":0,"enemies":"Transient","floor":48,"turns":5},{"damage":72,"enemies":"Time Eater","floor":50,"turns":12}],"seed_played":"-7537358601818587602","potions_obtained":[{"floor":3.0,"key":"Explosive Potion"},{"floor":6.0,"key":"Block Potion"},{"floor":8.0,"key":"AttackPotion"},{"floor":13.0,"key":"Fruit Juice"},{"floor":13.0,"key":"Dexterity Potion"},{"floor":16.0,"key":"PowerPotion"},{"floor":23.0,"key":"AttackPotion"},{"floor":24.0,"key":"FocusPotion"},{"floor":28.0,"key":"Weak Potion"},{"floor":31.0,"key":"FearPotion"},{"floor":33.0,"key":"Energy Potion"},{"floor":42.0,"key":"FearPotion"},{"floor":47.0,"key":"Weak Potion"},{"floor":48,"key":"EntropicBrew"}],"is_trial":false,"path_per_floor":["M","$","M","?","M","E","R","M","T","M","M","E","?","?","R","B",null,"M","?","M","$","?","E","M","M","T","R","M","M","R","M","R","B",null,"M","M","?","$","?","R","?","E","T","$","R","E","?","M","R","B",null],"character_chosen":"DEFECT","items_purchased":["Hello World","PowerPotion","MealTicket","Regal Pillow","Weak Potion","SpeedPotion","Go for the Eyes"],"campfire_rested":4,"item_purchase_floors":[2,2,21,38,38,38,44],"current_hp_per_floor":[82,82,77,77,68,32,56,54,54,54,39,38,43,31,57,45,87,82,76,85,85,69,28,15,24,24,50,49,56,82,87,87,17,87,65,69,69,84,84,84,84,72,72,87,87,72,61,76,76,17],"gold":144,"neow_bonus":"TEN_PERCENT_HP_BONUS","is_prod":false,"is_daily":false,"chose_seed":false,"campfire_upgraded":4,"win_rate":0,"timestamp":1564160597,"path_taken":["M","$","M","?","M","E","R","M","T","M","M","E","?","?","R","BOSS","M","?","M","$","?","E","M","M","T","R","M","M","R","M","R","BOSS","M","M","?","$","?","R","?","E","T","?","R","E","?","M","R","BOSS"],"build_version":"2019-07-17","purchased_purges":2,"victory":true,"max_hp_per_floor":[82,82,82,82,82,82,82,82,82,82,82,82,87,87,87,87,87,87,87,87,87,87,87,87,87,87,87,87,87,87,87,87,87,87,87,87,87,87,87,87,87,87,87,87,87,87,87,87,87,87],"card_choices":[{"not_picked":["Barrage","Gash"],"picked":"BootSequence","floor":1.0},{"not_picked":["Consume","Capacitor"],"picked":"Double Energy","floor":3.0},{"not_picked":["Lockon","Hologram"],"picked":"Genetic Algorithm","floor":5.0},{"not_picked":["Stack","White Noise"],"picked":"Compile Driver","floor":6.0},{"not_picked":["Hologram","Turbo"],"picked":"Chill","floor":8.0},{"not_picked":["Turbo","Redo"],"picked":"Ball Lightning","floor":10.0},{"not_picked":["Redo","Fusion"],"picked":"Self Repair","floor":11.0},{"not_picked":["Glacier","Rebound"],"picked":"Rainbow","floor":12.0},{"not_picked":["Rainbow","Core Surge"],"picked":"All For One","floor":16.0},{"not_picked":["Compile Driver"],"picked":"SKIP","floor":18.0},{"not_picked":[],"picked":"FTL","floor":20.0},{"not_picked":[],"picked":"Barrage","floor":23.0},{"not_picked":[],"picked":"Streamline","floor":24.0},{"not_picked":[],"picked":"Conserve Battery+1","floor":25.0},{"not_picked":["Sweeping Beam"],"picked":"SKIP","floor":28.0},{"not_picked":[],"picked":"White Noise","floor":29.0},{"not_picked":[],"picked":"Ball Lightning+1","floor":31.0},{"not_picked":[],"picked":"Rainbow","floor":33.0},{"not_picked":[],"picked":"Scrape","floor":34.0},{"not_picked":[],"picked":"Rip and Tear","floor":34.0},{"not_picked":[],"picked":"Coolheaded+1","floor":34.0},{"not_picked":[],"picked":"Undo","floor":34.0},{"not_picked":[],"picked":"FTL","floor":35.0},{"not_picked":[],"picked":"Leap","floor":36.0},{"not_picked":[],"picked":"Cold Snap","floor":42.0},{"not_picked":["Hologram"],"picked":"SKIP","floor":46.0},{"not_picked":[],"picked":"Hologram+1","floor":48}],"player_experience":148268,"relics_obtained":[{"floor":6.0,"key":"Juzu Bracelet"},{"floor":9.0,"key":"Letter Opener"},{"floor":12.0,"key":"Pantograph"},{"floor":23.0,"key":"Mummified Hand"},{"floor":26.0,"key":"Bag of Preparation"},{"floor":42.0,"key":"Bird Faced Urn"},{"floor":43.0,"key":"Bronze Scales"},{"floor":46.0,"key":"Pen Nib"},{"floor":47.0,"key":"Ginger"}],"event_choices":[{"damage_healed":0.0,"max_hp_gain":0.0,"max_hp_loss":0.0,"gold_gain":0.0,"event_name":"Golden Idol","player_choice":"Take Wound","floor":4.0,"gold_loss":0.0,"damage_taken":0.0,"relics_obtained":["Golden Idol"],"cards_obtained":["Injury"]},{"damage_healed":0.0,"max_hp_gain":0.0,"max_hp_loss":0.0,"gold_gain":0.0,"event_name":"The Woman in Blue","player_choice":"Bought 2 Potions","floor":13.0,"gold_loss":0.0,"damage_taken":0.0},{"damage_healed":0.0,"max_hp_gain":0.0,"max_hp_loss":0.0,"gold_gain":0.0,"event_name":"Scrap Ooze","player_choice":"Success","floor":14.0,"gold_loss":0.0,"damage_taken":12.0,"relics_obtained":["Blood Vial"]},{"damage_healed":0.0,"max_hp_gain":0.0,"max_hp_loss":0.0,"gold_gain":0.0,"event_name":"Nest","player_choice":"Joined the Cult","floor":19.0,"gold_loss":0.0,"damage_taken":6.0,"cards_obtained":["RitualDagger"]},{"damage_healed":0.0,"max_hp_gain":0.0,"max_hp_loss":0.0,"gold_gain":0.0,"event_name":"Knowing Skull","player_choice":"CARD ","floor":22.0,"potions_obtained":[],"gold_loss":0.0,"damage_taken":16.0,"cards_obtained":["Impatience"]},{"cards_removed":["FTL"],"damage_healed":0.0,"max_hp_gain":0.0,"max_hp_loss":0.0,"gold_gain":0.0,"event_name":"Falling","player_choice":"Removed Attack","floor":37.0,"gold_loss":0.0,"damage_taken":0.0},{"damage_healed":0.0,"max_hp_gain":0.0,"max_hp_loss":0.0,"gold_gain":0.0,"event_name":"Accursed Blacksmith","player_choice":"Forge","floor":39.0,"gold_loss":0.0,"damage_taken":0.0,"cards_upgraded":["Double Energy"]},{"damage_healed":0.0,"max_hp_gain":0.0,"max_hp_loss":0.0,"gold_gain":0.0,"event_name":"Upgrade Shrine","player_choice":"Upgraded","floor":41.0,"gold_loss":0.0,"damage_taken":0.0,"cards_upgraded":["Streamline"]},{"damage_healed":0.0,"max_hp_gain":0.0,"max_hp_loss":0.0,"gold_gain":0.0,"event_name":"Mysterious Sphere","player_choice":"Fight","floor":47.0,"gold_loss":0.0,"damage_taken":0.0}],"is_beta":false,"boss_relics":[{"not_picked":["Coffee Dripper","Sozu"],"picked":"Busted Crown"},{"not_picked":["FrozenCore","Lizard Tail"],"picked":"Orrery"}],"items_purged_floors":[21,38],"is_endless":false,"potions_floor_spawned":[3,6,8,10,16,23,24,28,31,33,42,47,48],"ascension_level":1}