{"gold_per_floor":[113,126,76,87,57,57,87,187,255,266,284,284,81,92,92,193,193,206,223,223,30,30],"floor_reached":22,"playtime":2084,"items_purged":["Strike_R"],"score":195,"play_id":"3bd47277-f3b5-4549-9b33-9a4a596b7745","local_time":"20181118184120","is_ascension_mode":true,"campfire_choices":[{"data":"Heavy Blade","floor":6,"key":"SMITH"},{"floor":15,"key":"REST"}],"neow_cost":"TEN_PERCENT_HP_LOSS","seed_source_timestamp":531625369569663,"circlet_count":0,"master_deck":["Strike_R","Strike_R+1","Strike_R","Defend_R","Defend_R","Defend_R","Defend_R","Bash","Heavy Blade+1","Spot Weakness","Ghostly Armor","Flex","Double Tap","Inflame","Inflame+1","Seeing Red","Impervious","Spot Weakness+1","Spot Weakness","Headbutt"],"relics":["Burning Blood","Calipers","Ancient Tea Set","Matryoshka","Black Star","Blood Vial","Pen Nib"],"potions_floor_usage":[7,14,16,16,16,19,22],"damage_taken":[{"damage":2,"enemies":"2 Louse","floor":1,"turns":3},{"damage":8,"enemies":"Cultist","floor":2,"turns":5},{"damage":5,"enemies":"Small Slimes","floor":4,"turns":3},{"damage":0,"enemies":"Looter","floor":5,"turns":4},{"damage":18,"enemies":"Lagavulin","floor":7,"turns":8},{"damage":29,"enemies":"Gremlin Gang","floor":10,"turns":5},{"damage":3,"enemies":"3 Louse","floor":11,"turns":4},{"damage":4,"enemies":"Exordium Wildlife","floor":14,"turns":5},{"damage":35,"enemies":"The Guardian","floor":16,"turns":10},{"damage":35,"enemies":"3 Byrds","floor":18,"turns":7},{"damage":12,"enemies":"Shell Parasite","floor":19,"turns":5},{"damage":39,"enemies":"Chosen and Byrds","floor":22,"turns":6}],"seed_played":"6201424478787265613","potions_obtained":[{"floor":2,"key":"SpeedPotion"},{"floor":7,"key":"Block Potion"},{"floor":11,"key":"Swift Potion"},{"floor":14,"key":"Strength Potion"},{"floor":16,"key":"Dexterity Potion"},{"floor":18,"key":"SkillPotion"}],"is_trial":false,"path_per_floor":["M","M","?","M","M","R","E","?","T","M","M","?","$","M","R","B",null,"M","M","?","$","M"],"character_chosen":"IRONCLAD","items_purchased":["Seeing Red","Strength Potion","Pen Nib","Headbutt"],"campfire_rested":1,"item_purchase_floors":[13,13,21,21],"current_hp_per_floor":[72,70,70,71,72,72,60,60,60,37,40,26,26,28,49,20,72,43,37,37,37,0],"gold":30,"neow_bonus":"ONE_RARE_RELIC","is_prod":false,"is_daily":false,"chose_seed":false,"campfire_upgraded":1,"win_rate":0,"timestamp":1542595280,"path_taken":["M","M","?","M","M","R","E","?","T","M","?","?","$","M","R","BOSS","M","M","?","$","M"],"build_version":"2018-11-15","purchased_purges":1,"victory":false,"max_hp_per_floor":[72,72,72,72,72,72,72,72,72,72,72,72,72,72,72,72,72,72,72,72,72,72],"card_choices":[{"not_picked":["Disarm","Twin Strike"],"picked":"Heavy Blade","floor":1},{"not_picked":["Armaments","Body Slam"],"picked":"Spot Weakness","floor":2},{"not_picked":["Sever Soul","Anger"],"picked":"Ghostly Armor","floor":4},{"not_picked":["Iron Wave","Entrench"],"picked":"Flex","floor":5},{"not_picked":["Fire Breathing","Searing Blow"],"picked":"Double Tap","floor":7},{"not_picked":["Shrug It Off","Ghostly Armor"],"picked":"Inflame","floor":10},{"not_picked":["Warcry","Perfected Strike"],"picked":"Inflame","floor":11},{"not_picked":["Perfected Strike","Anger","Thunderclap"],"picked":"SKIP","floor":14},{"not_picked":["Offering","Brutality"],"picked":"Impervious","floor":16},{"not_picked":["Clash","Heavy Blade"],"picked":"Spot Weakness+1","floor":18},{"not_picked":["Rampage+1","Twin Strike"],"picked":"Spot Weakness","floor":19}],"player_experience":41402,"relics_obtained":[{"floor":7,"key":"Ancient Tea Set"},{"floor":9,"key":"Matryoshka"}],"event_choices":[{"cards_removed":["Strike_R"],"damage_healed":0,"gold_gain":0,"player_choice":"Card Removal","damage_taken":0,"max_hp_gain":0,"max_hp_loss":0,"event_name":"The Cleric","floor":3,"gold_loss":50},{"damage_healed":0,"gold_gain":100,"player_choice":"Pray","damage_taken":0,"max_hp_gain":0,"max_hp_loss":0,"event_name":"Golden Shrine","floor":8,"gold_loss":0},{"damage_healed":0,"gold_gain":0,"player_choice":"Entered Light","damage_taken":14,"max_hp_gain":0,"max_hp_loss":0,"event_name":"Shining Light","floor":12,"gold_loss":0,"cards_upgraded":["Strike_R","Inflame"]},{"damage_healed":0,"gold_gain":0,"player_choice":"Opened","damage_taken":0,"relics_obtained":["Blood Vial"],"max_hp_gain":0,"max_hp_loss":0,"event_name":"The Mausoleum","floor":20,"gold_loss":0}],"is_beta":false,"boss_relics":[{"not_picked":["Velvet Choker","Orrery"],"picked":"Black Star"}],"items_purged_floors":[13],"is_endless":false,"potions_floor_spawned":[2,7,11,14,16,18],"killed_by":"Chosen and Byrds","ascension_level":1}