{"gold_per_floor":[119,119,130,140,65,95,95,112,164,164,184,210,224,243,243,343,343,362,373,384,400,89,116,116],"floor_reached":24,"playtime":2730,"items_purged":["Pain","Strike_G"],"score":267,"play_id":"c57c8671-9985-46a4-bf10-59f37219b35c","local_time":"20190915135114","is_ascension_mode":true,"campfire_choices":[{"data":"Neutralize","floor":7,"key":"SMITH"},{"floor":10,"key":"REST"},{"floor":15,"key":"REST"}],"neow_cost":"CURSE","seed_source_timestamp":206969255061621,"circlet_count":0,"master_deck":["Strike_G","Strike_G","Strike_G","Strike_G","Defend_G","Defend_G","Defend_G","Defend_G","Defend_G","Survivor","Neutralize+1","Crippling Poison","Heel Hook","Flechettes","Poisoned Stab","Well Laid Plans","Deadly Poison","Backstab","Corpse Explosion","Backstab","Bouncing Flask","Noxious Fumes","Unload","Venomology"],"relics":["Ring of the Snake","Ice Cream","Gremlin Horn","Oddly Smooth Stone","PreservedInsect","Velvet Choker","Boot"],"potions_floor_usage":[6,12,23,23],"damage_taken":[{"damage":4,"enemies":"Small Slimes","floor":1,"turns":4},{"damage":5,"enemies":"2 Louse","floor":3,"turns":4},{"damage":4,"enemies":"Cultist","floor":4,"turns":4},{"damage":36,"enemies":"3 Sentries","floor":6,"turns":12},{"damage":3,"enemies":"Large Slime","floor":8,"turns":7},{"damage":15,"enemies":"Gremlin Gang","floor":11,"turns":4},{"damage":8,"enemies":"Lagavulin","floor":12,"turns":7},{"damage":3,"enemies":"Blue Slaver","floor":13,"turns":4},{"damage":11,"enemies":"3 Louse","floor":14,"turns":4},{"damage":19,"enemies":"Hexaghost","floor":16,"turns":10},{"damage":16,"enemies":"2 Thieves","floor":18,"turns":2},{"damage":22,"enemies":"Spheric Guardian","floor":19,"turns":5},{"damage":2,"enemies":"Cultist and Chosen","floor":20,"turns":4},{"damage":14,"enemies":"3 Cultists","floor":21,"turns":5},{"damage":20,"enemies":"Book of Stabbing","floor":23,"turns":4},{"damage":2,"enemies":"Shelled Parasite and Fungi","floor":24,"turns":1}],"seed_played":"-961099506823003584","potions_obtained":[{"floor":3,"key":"Poison Potion"},{"floor":6,"key":"Swift Potion"},{"floor":8,"key":"Energy Potion"},{"floor":13,"key":"Strength Potion"},{"floor":18,"key":"Ancient Potion"},{"floor":21,"key":"Block Potion"}],"is_trial":false,"path_per_floor":["M","?","M","M","$","E","R","M","T","R","M","E","M","M","R","B",null,"M","M","M","M","$","E","M"],"character_chosen":"THE_SILENT","items_purchased":["Unload","Explosive Potion"],"campfire_rested":2,"item_purchase_floors":[22,22],"current_hp_per_floor":[66,71,66,62,62,26,26,23,23,45,30,22,19,8,30,11,75,59,37,35,21,21,1,0],"gold":116,"neow_bonus":"ONE_RARE_RELIC","is_prod":false,"is_daily":false,"chose_seed":false,"campfire_upgraded":1,"win_rate":0,"timestamp":1568569874,"path_taken":["M","?","M","M","$","E","R","M","T","R","M","E","M","M","R","BOSS","M","M","M","M","$","E","M"],"build_version":"2019-09-12","purchased_purges":2,"victory":false,"max_hp_per_floor":[70,75,75,75,75,75,75,75,75,75,75,75,75,75,75,75,75,75,75,75,75,75,75,75],"card_choices":[{"not_picked":["Footwork","Acrobatics"],"picked":"Crippling Poison","floor":1},{"not_picked":["Dagger Throw","Prepared"],"picked":"Heel Hook","floor":3},{"not_picked":["Backflip","Deflect","Accuracy"],"picked":"SKIP","floor":4},{"not_picked":["Crippling Poison","Quick Slash","Cloak And Dagger"],"picked":"SKIP","floor":6},{"not_picked":["Blade Dance","Flying Knee"],"picked":"Flechettes","floor":8},{"not_picked":["Endless Agony","Cloak And Dagger"],"picked":"Poisoned Stab","floor":11},{"not_picked":["Terror","Unload"],"picked":"Well Laid Plans","floor":12},{"not_picked":["Quick Slash","Cloak And Dagger"],"picked":"Deadly Poison","floor":13},{"not_picked":["Infinite Blades","Endless Agony"],"picked":"Backstab","floor":14},{"not_picked":["Glass Knife","Storm of Steel"],"picked":"Corpse Explosion","floor":16},{"not_picked":["Dagger Throw+1","Slice"],"picked":"Backstab","floor":18},{"not_picked":["Flying Knee","Tactician","Concentrate"],"picked":"SKIP","floor":19},{"not_picked":["Prepared","Finisher"],"picked":"Bouncing Flask","floor":20},{"not_picked":["Sucker Punch","Outmaneuver"],"picked":"Noxious Fumes","floor":21},{"not_picked":["Finisher","Eviscerate+1"],"picked":"Venomology","floor":23}],"player_experience":185009,"relics_obtained":[{"floor":6,"key":"Gremlin Horn"},{"floor":9,"key":"Oddly Smooth Stone"},{"floor":12,"key":"PreservedInsect"},{"floor":23,"key":"Boot"}],"event_choices":[{"damage_healed":0,"gold_gain":0,"player_choice":"Donut","damage_taken":0,"max_hp_gain":5,"max_hp_loss":0,"event_name":"Big Fish","floor":2,"gold_loss":0}],"is_beta":true,"boss_relics":[{"not_picked":["Sozu","Runic Pyramid"],"picked":"Velvet Choker"}],"items_purged_floors":[5,22],"is_endless":false,"potions_floor_spawned":[3,6,8,13,18,21],"killed_by":"Shelled Parasite and Fungi","ascension_level":3}