{"gold_per_floor":[114,114,2,19,31,31,49,49,49,49,63,83,118,68,68,163,163,177,177,194,114,127,157,157,177,177,177,188,138,138,155,155,257,257,268,24,124,140,159,159,193,193,220,253,265,265,265,265,265,265,265,265,44,78,78],"floor_reached":55,"playtime":7828,"items_purged":[],"score":747,"play_id":"4092696f-17da-47fa-bf11-154c2c373158","local_time":"20190824023905","is_ascension_mode":false,"campfire_choices":[{"data":"Noxious Fumes","floor":6,"key":"SMITH"},{"data":"Bouncing Flask","floor":8,"key":"SMITH"},{"data":"Predator","floor":10,"key":"SMITH"},{"data":"Bullet Time","floor":15,"key":"SMITH"},{"floor":24,"key":"REST"},{"data":"A Thousand Cuts","floor":27,"key":"SMITH"},{"data":"Footwork","floor":30,"key":"SMITH"},{"floor":32,"key":"REST"},{"floor":40,"key":"REST"},{"data":"After Image","floor":42,"key":"SMITH"},{"floor":46,"key":"RECALL"},{"floor":49,"key":"REST"},{"data":"Caltrops","floor":52,"key":"SMITH"}],"neow_cost":"NONE","seed_source_timestamp":97283062566585,"circlet_count":0,"master_deck":["Defend_G","Defend_G","Defend_G","Defend_G","Survivor","Neutralize","After Image+1","Predator+1","Bouncing Flask+1","Footwork+1","Backflip","Noxious Fumes+1","PiercingWail","Noxious Fumes","Backflip","Bullet Time+1","A Thousand Cuts+1","Glass Knife+1","Skewer+1","Noxious Fumes+1","Malaise","Caltrops+1","Deadly Poison+1","Caltrops","Bullet Time","Bouncing Flask","Leg Sweep","Crippling Poison","Crippling Poison","Bane+1","Outmaneuver+1","Catalyst+1","Envenom"],"relics":["Ring of the Snake","Nunchaku","The Specimen","Astrolabe","Ancient Tea Set","Pear","Philosopher\u0027s Stone","TwistedFunnel","Thread and Needle","Snake Skull","Incense Burner","Bronze Scales","Oddly Smooth Stone"],"potions_floor_usage":[11,13,18,20,22,22,25,50,54,55,55],"damage_taken":[{"damage":1,"enemies":"Jaw Worm","floor":1,"turns":6},{"damage":0,"enemies":"2 Louse","floor":4,"turns":4},{"damage":0,"enemies":"Cultist","floor":5,"turns":4},{"damage":0,"enemies":"Looter","floor":7,"turns":4},{"damage":16,"enemies":"Gremlin Gang","floor":11,"turns":5},{"damage":3,"enemies":"Exordium Thugs","floor":12,"turns":4},{"damage":11,"enemies":"Gremlin Nob","floor":13,"turns":5},{"damage":2,"enemies":"Hexaghost","floor":16,"turns":8},{"damage":5,"enemies":"Chosen","floor":18,"turns":5},{"damage":9,"enemies":"2 Thieves","floor":20,"turns":4},{"damage":20,"enemies":"Cultist and Chosen","floor":22,"turns":6},{"damage":28,"enemies":"Gremlin Leader","floor":23,"turns":7},{"damage":5,"enemies":"Centurion and Healer","floor":25,"turns":6},{"damage":8,"enemies":"Shelled Parasite and Fungi","floor":28,"turns":4},{"damage":0,"enemies":"Sentry and Sphere","floor":31,"turns":3},{"damage":4,"enemies":"Automaton","floor":33,"turns":8},{"damage":4,"enemies":"3 Shapes","floor":35,"turns":5},{"damage":20,"enemies":"Mind Bloom Boss Battle","floor":37,"turns":5},{"damage":29,"enemies":"Orb Walker","floor":38,"turns":4},{"damage":0,"enemies":"4 Shapes","floor":39,"turns":4},{"damage":5,"enemies":"Giant Head","floor":41,"turns":9},{"damage":0,"enemies":"Nemesis","floor":44,"turns":5},{"damage":0,"enemies":"Maw","floor":45,"turns":6},{"damage":23,"enemies":"Awakened One","floor":50,"turns":10},{"damage":8,"enemies":"Shield and Spear","floor":54,"turns":4},{"damage":77,"enemies":"The Heart","floor":55,"turns":6}],"seed_played":"5915888010840324932","potions_obtained":[{"floor":1,"key":"SpeedPotion"},{"floor":4,"key":"GhostInAJar"},{"floor":7,"key":"GamblersBrew"},{"floor":12,"key":"EssenceOfSteel"},{"floor":13,"key":"GamblersBrew"},{"floor":18,"key":"LiquidBronze"},{"floor":20,"key":"AttackPotion"},{"floor":23,"key":"Regen Potion"},{"floor":28,"key":"GhostInAJar"},{"floor":38,"key":"Explosive Potion"}],"is_trial":false,"path_per_floor":["M","?","$","M","M","R","M","R","T","R","M","M","E","?","R","B",null,"M","?","M","$","M","E","R","M","T","R","M","?","R","M","R","B",null,"M","$","?","M","M","R","E","R","T","E","M","R","?","?","R","B",null,"R","$","E","B"],"character_chosen":"THE_SILENT","items_purchased":["Bouncing Flask","Footwork","Malaise","TwistedFunnel","Bouncing Flask","Bronze Scales","GhostInAJar"],"campfire_rested":4,"item_purchase_floors":[3,3,21,36,36,53,53],"current_hp_per_floor":[69,62,62,62,62,62,62,62,62,62,46,43,32,32,32,30,70,65,65,56,56,36,8,29,39,49,49,41,41,41,41,65,61,80,76,76,56,27,27,51,46,46,46,46,46,46,46,46,70,47,80,80,80,72,0],"gold":78,"neow_bonus":"TRANSFORM_CARD","is_prod":false,"is_daily":false,"chose_seed":false,"campfire_upgraded":8,"win_rate":0,"timestamp":1566628745,"path_taken":["M","?","$","M","M","R","M","R","T","R","M","M","E","?","R","BOSS","M","?","M","?","M","E","R","M","T","R","M","?","R","?","R","BOSS","M","$","?","M","M","R","E","R","T","E","M","R","?","?","R","BOSS","R","$","E","BOSS"],"build_version":"2019-07-17","purchased_purges":0,"victory":false,"max_hp_per_floor":[70,70,70,70,70,70,70,70,70,70,70,70,70,70,70,70,70,70,70,70,70,70,70,70,70,80,80,80,80,80,80,80,80,80,80,80,80,80,80,80,80,80,80,80,80,80,80,80,80,80,80,80,80,80,80],"card_choices":[{"not_picked":["Accuracy","Acrobatics"],"picked":"Predator","floor":1},{"not_picked":["Choke","Flying Knee"],"picked":"Backflip","floor":4},{"not_picked":["Flying Knee","Cloak And Dagger"],"picked":"Noxious Fumes","floor":5},{"not_picked":["Cloak And Dagger","Deadly Poison"],"picked":"PiercingWail","floor":7},{"not_picked":["Dodge and Roll","Flechettes"],"picked":"Noxious Fumes","floor":11},{"not_picked":["Tactician","Deflect"],"picked":"Backflip","floor":12},{"not_picked":["Blur","Accuracy"],"picked":"Bullet Time","floor":13},{"not_picked":["Malaise","Storm of Steel"],"picked":"A Thousand Cuts","floor":16},{"not_picked":["Underhanded Strike","Prepared","Skewer"],"picked":"SKIP","floor":18},{"not_picked":["Choke+1","Escape Plan+1","Cloak And Dagger"],"picked":"SKIP","floor":20},{"not_picked":["Flying Knee","Backflip","Riddle With Holes"],"picked":"SKIP","floor":22},{"not_picked":["Slice","Endless Agony"],"picked":"Caltrops","floor":23},{"not_picked":["Flechettes","Heel Hook"],"picked":"Deadly Poison+1","floor":25},{"not_picked":["Dagger Throw+1","Heel Hook"],"picked":"Caltrops","floor":28},{"not_picked":["Quick Slash","Flying Knee+1","Underhanded Strike"],"picked":"SKIP","floor":31},{"not_picked":["Storm of Steel","Die Die Die"],"picked":"Bullet Time","floor":33},{"not_picked":["Deflect","Riddle With Holes","Slice"],"picked":"SKIP","floor":35},{"not_picked":["Choke","Dagger Throw"],"picked":"Leg Sweep","floor":37},{"not_picked":["Bane+1","Dagger Spray+1"],"picked":"Crippling Poison","floor":38},{"not_picked":["Cloak And Dagger","Bane+1"],"picked":"Crippling Poison","floor":39},{"not_picked":["Poisoned Stab","Deflect+1"],"picked":"Bane+1","floor":41},{"not_picked":["Deadly Poison","Flechettes"],"picked":"Outmaneuver+1","floor":44},{"not_picked":["Caltrops","Blade Dance"],"picked":"Catalyst+1","floor":45},{"not_picked":["Deflect","Flying Knee+1"],"picked":"Envenom","floor":54}],"player_experience":170291,"relics_obtained":[{"floor":9,"key":"Nunchaku"},{"floor":13,"key":"The Specimen"},{"floor":23,"key":"Ancient Tea Set"},{"floor":26,"key":"Pear"},{"floor":37,"key":"Thread and Needle"},{"floor":41,"key":"Snake Skull"},{"floor":44,"key":"Incense Burner"},{"floor":54,"key":"Oddly Smooth Stone"}],"event_choices":[{"cards_removed":["Strike_G"],"damage_healed":0,"gold_gain":0,"player_choice":"Card Removal","damage_taken":7,"max_hp_gain":0,"max_hp_loss":0,"event_name":"Golden Wing","floor":2,"gold_loss":0},{"cards_removed":["Strike_G"],"damage_healed":0,"gold_gain":0,"player_choice":"Card Removal","damage_taken":0,"max_hp_gain":0,"max_hp_loss":0,"event_name":"The Cleric","floor":14,"gold_loss":50},{"damage_healed":0,"gold_gain":0,"player_choice":"Copied","damage_taken":0,"max_hp_gain":0,"max_hp_loss":0,"event_name":"Duplicator","floor":19,"gold_loss":0,"cards_obtained":["Noxious Fumes"]},{"damage_healed":0,"gold_gain":0,"player_choice":"Bet on Murderer","damage_taken":0,"max_hp_gain":0,"max_hp_loss":0,"event_name":"The Joust","floor":29,"gold_loss":50},{"damage_healed":0,"gold_gain":0,"player_choice":"Fight","damage_taken":0,"max_hp_gain":0,"max_hp_loss":0,"event_name":"MindBloom","floor":37,"gold_loss":0},{"cards_removed":["Finisher"],"damage_healed":0,"gold_gain":0,"player_choice":"Removed Attack","damage_taken":0,"max_hp_gain":0,"max_hp_loss":0,"event_name":"Falling","floor":47,"gold_loss":0},{"damage_healed":0,"gold_gain":0,"player_choice":"Ignored","damage_taken":0,"max_hp_gain":0,"max_hp_loss":0,"event_name":"Tomb of Lord Red Mask","floor":48,"gold_loss":0}],"is_beta":false,"boss_relics":[{"not_picked":["Velvet Choker","WristBlade"],"picked":"Astrolabe"},{"not_picked":["Coffee Dripper","Fusion Hammer"],"picked":"Philosopher\u0027s Stone"}],"items_purged_floors":[],"is_endless":false,"potions_floor_spawned":[1,4,7,12,13,18,20,23,28,38,45],"killed_by":"The Heart","ascension_level":0}