{"gold_per_floor":[214,232,56,56,70,96,44,54,106,106,119,68,100,120,120,223,223,240,240,240,257,8,37,47,47,47,78,96,96,195,209,209,305,305,318,332,90,106,106,106,106,106,129,129,140,140,165,185,185,185],"floor_reached":51,"playtime":4720,"items_purged":["Strike_R","Shame"],"score":874,"play_id":"aea35693-9d4e-4d93-a301-e55cc3b21aa0","local_time":"20190102014928","is_ascension_mode":true,"campfire_choices":[{"data":"Armaments","floor":10,"key":"SMITH"},{"data":"True Grit","floor":15,"key":"SMITH"},{"data":"Shockwave","floor":25,"key":"SMITH"},{"data":"Flame Barrier","floor":29,"key":"SMITH"},{"data":"Clothesline","floor":32,"key":"SMITH"},{"data":"Demon Form","floor":40,"key":"SMITH"},{"data":"Juggernaut","floor":42,"key":"SMITH"},{"data":"Feel No Pain","floor":44,"key":"SMITH"},{"data":"Iron Wave","floor":49,"key":"SMITH"}],"neow_cost":"NONE","seed_source_timestamp":261045860979505,"circlet_count":0,"master_deck":["Strike_R+1","Strike_R","Strike_R+1","Strike_R","Defend_R+1","Defend_R","Defend_R","Defend_R","Bash","Iron Wave+1","Intimidate","Clothesline+1","Seeing Red","Juggernaut+1","Shrug It Off+1","Bloodletting","Armaments+1","Havoc","True Grit+1","Demon Form+1","Shockwave+1","Clothesline","Flame Barrier+1","Impervious","Corruption","Ghostly Armor","Feel No Pain+1","Dark Embrace","Barricade","Panacea","Inflame+1"],"relics":["Burning Blood","Bottled Flame","Art of War","Bag of Marbles","Snecko Eye","Oddly Smooth Stone","War Paint","Charon\u0027s Ashes","Boot","Omamori","Busted Crown","Bottled Lightning","Whetstone","Ancient Tea Set"],"potions_floor_usage":[6,13,14,16,23,27,35,50,50],"damage_taken":[{"damage":2,"enemies":"2 Louse","floor":1,"turns":3},{"damage":1,"enemies":"Cultist","floor":2,"turns":3},{"damage":0,"enemies":"Small Slimes","floor":5,"turns":3},{"damage":22,"enemies":"Lagavulin","floor":6,"turns":8},{"damage":7,"enemies":"Looter","floor":8,"turns":3},{"damage":16,"enemies":"2 Fungi Beasts","floor":11,"turns":4},{"damage":25,"enemies":"3 Sentries","floor":13,"turns":8},{"damage":0,"enemies":"3 Louse","floor":14,"turns":1},{"damage":27,"enemies":"Hexaghost","floor":16,"turns":12},{"damage":10,"enemies":"Spheric Guardian","floor":18,"turns":4},{"damage":0,"enemies":"Chosen","floor":21,"turns":4},{"damage":0,"enemies":"Book of Stabbing","floor":23,"turns":4},{"damage":12,"enemies":"Snake Plant","floor":24,"turns":4},{"damage":12,"enemies":"Slavers","floor":27,"turns":4},{"damage":3,"enemies":"Centurion and Healer","floor":28,"turns":5},{"damage":0,"enemies":"Snecko","floor":31,"turns":4},{"damage":17,"enemies":"Champ","floor":33,"turns":9},{"damage":0,"enemies":"Orb Walker","floor":35,"turns":5},{"damage":3,"enemies":"3 Shapes","floor":36,"turns":4},{"damage":5,"enemies":"Transient","floor":38,"turns":5},{"damage":3,"enemies":"Spire Growth","floor":45,"turns":4},{"damage":0,"enemies":"Sphere and 2 Shapes","floor":48,"turns":3},{"damage":13,"enemies":"Donu and Deca","floor":50,"turns":6}],"seed_played":"5736719640282261106","potions_obtained":[{"floor":2,"key":"FearPotion"},{"floor":8,"key":"SteroidPotion"},{"floor":13,"key":"Fruit Juice"},{"floor":14,"key":"Dexterity Potion"},{"floor":18,"key":"Poison Potion"},{"floor":24,"key":"PowerPotion"},{"floor":27,"key":"FairyPotion"},{"floor":31,"key":"Energy Potion"},{"floor":33,"key":"SteroidPotion"},{"floor":45,"key":"Energy Potion"},{"floor":48,"key":"Ancient Potion"}],"is_trial":false,"path_per_floor":["M","M","$","?","M","E","$","M","T","R","M","$","E","M","R","B",null,"M","?","?","M","$","E","M","R","T","E","M","R","?","M","R","B",null,"M","M","$","M","?","R","?","R","T","R","M","?","T","M","R","B",null],"character_chosen":"IRONCLAD","items_purchased":["Clothesline","Seeing Red","Armaments","Havoc","War Paint","Bottled Lightning"],"campfire_rested":0,"item_purchase_floors":[3,3,7,12,22,37],"current_hp_per_floor":[76,80,80,80,80,64,64,63,63,63,53,53,39,45,45,24,70,66,66,66,72,72,78,72,72,72,66,69,69,69,75,75,64,80,85,85,85,85,81,81,71,71,71,71,74,74,74,80,80,73],"gold":185,"neow_bonus":"HUNDRED_GOLD","is_prod":false,"is_daily":false,"chose_seed":false,"campfire_upgraded":9,"win_rate":0,"timestamp":1546422568,"path_taken":["M","M","$","?","M","E","?","M","T","R","M","$","E","M","R","BOSS","M","?","?","M","$","E","M","R","T","E","M","R","?","M","R","BOSS","M","M","$","M","?","R","?","R","T","R","M","?","?","M","R","BOSS"],"build_version":"2018-12-20","purchased_purges":2,"victory":true,"max_hp_per_floor":[80,80,80,80,80,80,80,80,80,80,80,80,85,85,85,85,85,85,85,85,85,85,85,85,85,85,85,85,85,85,85,85,85,85,85,85,85,85,81,81,81,81,81,81,81,81,81,81,81,81],"card_choices":[{"not_picked":["Fire Breathing","Wild Strike"],"picked":"Iron Wave","floor":1},{"not_picked":["Bloodletting","Dual Wield"],"picked":"Intimidate","floor":2},{"not_picked":["Pommel Strike","Twin Strike"],"picked":"Shrug It Off","floor":5},{"not_picked":["Wild Strike","Power Through"],"picked":"Bloodletting","floor":6},{"not_picked":["Twin Strike","Burning Pact","Anger"],"picked":"SKIP","floor":8},{"not_picked":["Sever Soul","Pommel Strike","Wild Strike"],"picked":"SKIP","floor":11},{"not_picked":["Havoc","Dual Wield","Perfected Strike"],"picked":"SKIP","floor":13},{"not_picked":["Twin Strike","Pommel Strike"],"picked":"True Grit","floor":14},{"not_picked":["Exhume","Feed"],"picked":"Demon Form","floor":16},{"not_picked":["Pommel Strike+1","Cleave"],"picked":"Shockwave","floor":18},{"not_picked":["Iron Wave","True Grit+1"],"picked":"Flame Barrier","floor":21},{"not_picked":["Battle Trance+1","Headbutt"],"picked":"Impervious","floor":23},{"not_picked":["Warcry+1","Iron Wave"],"picked":"Corruption","floor":24},{"not_picked":["Anger","Pummel"],"picked":"Ghostly Armor","floor":27},{"not_picked":["Reckless Charge","Headbutt"],"picked":"Feel No Pain","floor":28},{"not_picked":["Body Slam+1","Havoc"],"picked":"Dark Embrace","floor":31},{"not_picked":["Impervious","Reaper"],"picked":"Barricade","floor":33},{"not_picked":["Rage+1"],"picked":"SKIP","floor":35},{"not_picked":["Battle Trance+1"],"picked":"SKIP","floor":36},{"not_picked":["Flex+1"],"picked":"SKIP","floor":38},{"not_picked":[],"picked":"Panacea","floor":41},{"not_picked":["Anger"],"picked":"SKIP","floor":45},{"not_picked":[],"picked":"Inflame+1","floor":48}],"player_experience":317251,"relics_obtained":[{"floor":6,"key":"Bottled Flame"},{"floor":9,"key":"Art of War"},{"floor":13,"key":"Bag of Marbles"},{"floor":23,"key":"Charon\u0027s Ashes"},{"floor":26,"key":"Boot"},{"floor":27,"key":"Omamori"},{"floor":43,"key":"Whetstone"},{"floor":47,"key":"Ancient Tea Set"}],"event_choices":[{"damage_healed":0,"gold_gain":0,"player_choice":"2 cards matched","damage_taken":0,"max_hp_gain":0,"max_hp_loss":0,"event_name":"Match and Keep!","floor":4,"gold_loss":0,"cards_obtained":["Juggernaut","Bash"]},{"damage_healed":0,"gold_gain":0,"player_choice":"Read","damage_taken":0,"max_hp_gain":0,"max_hp_loss":0,"event_name":"The Library","floor":19,"gold_loss":0,"cards_obtained":["Clothesline"]},{"damage_healed":0,"gold_gain":0,"player_choice":"Stole Relic","damage_taken":0,"relics_obtained":["Oddly Smooth Stone"],"max_hp_gain":0,"max_hp_loss":0,"event_name":"Addict","floor":20,"gold_loss":0,"cards_obtained":["Shame"]},{"damage_healed":0,"gold_gain":99,"player_choice":"Stole From Cult","damage_taken":0,"max_hp_gain":0,"max_hp_loss":0,"event_name":"Nest","floor":30,"gold_loss":0},{"damage_healed":0,"gold_gain":0,"player_choice":"Max HP","damage_taken":0,"max_hp_gain":0,"max_hp_loss":4,"event_name":"Winding Halls","floor":39,"gold_loss":0},{"damage_healed":0,"gold_gain":0,"player_choice":"Memory 3","damage_taken":10,"max_hp_gain":0,"max_hp_loss":0,"event_name":"SensoryStone","floor":41,"gold_loss":0},{"cards_removed":["Bash"],"damage_healed":0,"gold_gain":0,"player_choice":"Removed Attack","damage_taken":0,"max_hp_gain":0,"max_hp_loss":0,"event_name":"Falling","floor":46,"gold_loss":0}],"is_beta":false,"boss_relics":[{"not_picked":["Cursed Key","Runic Pyramid"],"picked":"Snecko Eye"},{"not_picked":["Black Blood","Coffee Dripper"],"picked":"Busted Crown"}],"items_purged_floors":[3,22],"is_endless":false,"potions_floor_spawned":[2,8,13,14,18,24,27,31,33,45,48],"ascension_level":6}