{"gold_per_floor":[113,133,133,148,162,162,190,209,236,253,253,253,253,272,272,392,392,413,393,406,93,107,107,107,107],"floor_reached":25,"playtime":3513,"items_purged":["Strike_G"],"score":236,"play_id":"b6c05f3f-930e-46fb-ab87-0135a58a43a4","local_time":"20190819215912","is_ascension_mode":true,"campfire_choices":[{"floor":6,"key":"RECALL"},{"floor":13,"key":"REST"},{"floor":15,"key":"REST"},{"floor":24,"key":"REST"}],"neow_cost":"NONE","seed_source_timestamp":17958365692952,"circlet_count":0,"master_deck":["Strike_G","Strike_G","Defend_G","Defend_G","Defend_G","Defend_G","Defend_G","Survivor","Neutralize","Sucker Punch","Caltrops","Dagger Spray","Flying Knee","Corpse Explosion","Backstab","Prepared","Bane","Crippling Poison","Night Terror","Venomology+1","Bane+1","Choke+1","Dagger Throw+1","Blade Dance","Footwork"],"relics":["Ring of the Snake","Omamori","Dream Catcher","Potion Belt","Golden Idol","Regal Pillow","Astrolabe","Mercury Hourglass"],"potions_floor_usage":[7,16,16,18,23],"damage_taken":[{"damage":0,"enemies":"2 Louse","floor":1,"turns":3},{"damage":0,"enemies":"Cultist","floor":2,"turns":5},{"damage":0,"enemies":"Small Slimes","floor":4,"turns":3},{"damage":16,"enemies":"Exordium Thugs","floor":5,"turns":7},{"damage":29,"enemies":"Gremlin Nob","floor":7,"turns":6},{"damage":7,"enemies":"Gremlin Gang","floor":8,"turns":4},{"damage":3,"enemies":"Blue Slaver","floor":10,"turns":5},{"damage":0,"enemies":"Red Slaver","floor":14,"turns":4},{"damage":37,"enemies":"Hexaghost","floor":16,"turns":10},{"damage":8,"enemies":"2 Thieves","floor":18,"turns":4},{"damage":12,"enemies":"Chosen","floor":20,"turns":5},{"damage":23,"enemies":"Snecko","floor":22,"turns":5},{"damage":0,"enemies":"Slavers","floor":23,"turns":1},{"damage":66,"enemies":"Book of Stabbing","floor":25,"turns":8}],"seed_played":"6982061011323291062","potions_obtained":[{"floor":1,"key":"Ancient Potion"},{"floor":4,"key":"PowerPotion"},{"floor":5,"key":"Weak Potion"},{"floor":14,"key":"AttackPotion"},{"floor":16,"key":"EssenceOfSteel"},{"floor":19,"key":"SmokeBomb"}],"is_trial":false,"path_per_floor":["M","M","?","M","M","R","E","M","T","M","?","?","R","M","R","B",null,"M","?","M","$","M","E","R","E"],"character_chosen":"THE_SILENT","items_purchased":["Mercury Hourglass"],"campfire_rested":3,"item_purchase_floors":[21],"current_hp_per_floor":[70,70,70,70,54,54,25,18,18,15,15,15,51,51,70,33,70,62,62,50,50,27,27,63,0],"gold":107,"neow_bonus":"RANDOM_COMMON_RELIC","is_prod":false,"is_daily":false,"chose_seed":false,"campfire_upgraded":0,"win_rate":0,"timestamp":1566266352,"path_taken":["M","M","?","?","M","R","E","M","T","M","?","?","R","M","R","BOSS","M","?","M","$","?","E","R","E"],"build_version":"2019-07-17","purchased_purges":1,"victory":false,"max_hp_per_floor":[70,70,70,70,70,70,70,70,70,70,70,70,70,70,70,70,70,70,70,70,70,70,70,70,70],"card_choices":[{"not_picked":["Escape Plan","Slice"],"picked":"Eviscerate","floor":1},{"not_picked":["Quick Slash","Slice"],"picked":"Sucker Punch","floor":2},{"not_picked":["Quick Slash","Finisher"],"picked":"Caltrops","floor":4},{"not_picked":["Predator","Caltrops"],"picked":"Dagger Spray","floor":5},{"not_picked":["Outmaneuver","Acrobatics"],"picked":"Flying Knee","floor":7},{"not_picked":["Dodge and Roll","Masterful Stab"],"picked":"Corpse Explosion","floor":8},{"not_picked":["Underhanded Strike","Backflip"],"picked":"Backstab","floor":10},{"not_picked":["Deflect","Deadly Poison"],"picked":"Prepared","floor":13},{"not_picked":["Dagger Spray","Blade Dance"],"picked":"Bane","floor":14},{"not_picked":["PiercingWail","Dagger Spray"],"picked":"Crippling Poison","floor":15},{"not_picked":["Bullet Time","Malaise"],"picked":"Night Terror","floor":16},{"not_picked":["Dagger Spray","Masterful Stab","Underhanded Strike"],"picked":"SKIP","floor":18},{"not_picked":["Escape Plan","Dagger Spray"],"picked":"Dagger Throw+1","floor":20},{"not_picked":["Deadly Poison","Accuracy"],"picked":"Blade Dance","floor":22},{"not_picked":["All Out Attack","Quick Slash"],"picked":"Footwork","floor":24}],"player_experience":213751,"relics_obtained":[{"floor":3,"key":"Dream Catcher"},{"floor":7,"key":"Potion Belt"}],"event_choices":[{"damage_healed":0,"gold_gain":0,"player_choice":"Relic","damage_taken":0,"max_hp_gain":0,"max_hp_loss":0,"event_name":"Wheel of Change","floor":3,"gold_loss":0},{"damage_healed":0,"gold_gain":0,"player_choice":"Take Wound","damage_taken":0,"relics_obtained":["Golden Idol"],"max_hp_gain":0,"max_hp_loss":0,"event_name":"Golden Idol","floor":11,"gold_loss":0,"cards_obtained":["Injury"]},{"damage_healed":0,"gold_gain":0,"player_choice":"Gave Potion","damage_taken":0,"relics_obtained":["Regal Pillow"],"max_hp_gain":0,"max_hp_loss":0,"event_name":"WeMeetAgain","floor":12,"gold_loss":0},{"damage_healed":0,"gold_gain":0,"player_choice":"Bought 1 Potion","damage_taken":0,"max_hp_gain":0,"max_hp_loss":0,"event_name":"The Woman in Blue","floor":19,"gold_loss":0}],"is_beta":false,"boss_relics":[{"not_picked":["Ectoplasm","Tiny House"],"picked":"Astrolabe"}],"items_purged_floors":[21],"is_endless":false,"potions_floor_spawned":[1,4,5,14,16,23],"killed_by":"Book of Stabbing","ascension_level":1}