{"gold_per_floor":[118,70,70,81,99,99,118,149,149,167,186,203,203,203,203,298,298,312,227,244,57,57,57,72,72],"floor_reached":25,"playtime":4883,"items_purged":["Strike_G"],"score":205,"play_id":"bf9b0159-228d-4725-bd78-41a1a9e6bb9c","local_time":"20190906223606","is_ascension_mode":false,"campfire_choices":[{"data":"Bouncing Flask","floor":6,"key":"SMITH"},{"floor":13,"key":"REST"},{"data":"Bouncing Flask","floor":15,"key":"SMITH"},{"data":"Night Terror","floor":23,"key":"SMITH"}],"neow_cost":"NONE","seed_source_timestamp":556467626507683,"circlet_count":0,"master_deck":["Strike_G","Strike_G+1","Strike_G","Defend_G","Defend_G","Defend_G","Defend_G","Defend_G","Survivor","Neutralize","Storm of Steel","Dagger Spray+1","Backflip","Bouncing Flask+1","All Out Attack","Dodge and Roll","Infinite Blades","Predator","Dodge and Roll","Dash","Bouncing Flask+1","Night Terror+1","Leg Sweep","Dodge and Roll","Wraith Form v2","RitualDagger","Bane"],"relics":["Ring of the Snake","Smiling Mask","Whetstone","Cursed Key","Meat on the Bone"],"potions_floor_usage":[7,8,16,16,16,16,18,20,20,20,23,24,24],"damage_taken":[{"damage":3,"enemies":"Jaw Worm","floor":1,"turns":7},{"damage":0,"enemies":"2 Louse","floor":4,"turns":3},{"damage":6,"enemies":"Cultist","floor":5,"turns":3},{"damage":17,"enemies":"Exordium Wildlife","floor":7,"turns":7},{"damage":15,"enemies":"3 Sentries","floor":8,"turns":6},{"damage":2,"enemies":"Large Slime","floor":10,"turns":4},{"damage":9,"enemies":"2 Fungi Beasts","floor":11,"turns":3},{"damage":5,"enemies":"3 Louse","floor":12,"turns":2},{"damage":1,"enemies":"The Guardian","floor":16,"turns":8},{"damage":2,"enemies":"3 Byrds","floor":18,"turns":3},{"damage":0,"enemies":"2 Thieves","floor":20,"turns":2},{"damage":21,"enemies":"Centurion and Healer","floor":24,"turns":8},{"damage":49,"enemies":"Slavers","floor":25,"turns":4}],"seed_played":"1096091122539949003","potions_obtained":[{"floor":1,"key":"Strength Potion"},{"floor":4,"key":"AttackPotion"},{"floor":8,"key":"SkillPotion"},{"floor":14,"key":"EntropicBrew"},{"floor":14,"key":"Weak Potion"},{"floor":16,"key":"Strength Potion"},{"floor":20,"key":"Fruit Juice"}],"is_trial":false,"path_per_floor":["M","$","?","M","M","R","M","E","T","M","M","M","R","?","R","B",null,"M","?","M","$","?","R","M","E"],"character_chosen":"THE_SILENT","items_purchased":["Backflip","Wraith Form v2"],"campfire_rested":1,"item_purchase_floors":[2,21],"current_hp_per_floor":[67,67,67,67,61,61,44,29,29,27,18,13,34,34,34,33,70,68,68,68,68,62,67,46,0],"gold":72,"neow_bonus":"ONE_RANDOM_RARE_CARD","is_prod":false,"is_daily":false,"chose_seed":false,"campfire_upgraded":3,"win_rate":0,"timestamp":1567823766,"path_taken":["M","$","?","M","M","R","M","E","T","M","M","M","R","?","R","BOSS","M","?","M","$","?","R","M","E"],"build_version":"2019-07-17","purchased_purges":1,"victory":false,"max_hp_per_floor":[70,70,70,70,70,70,70,70,70,70,70,70,70,70,70,70,70,70,70,70,70,70,75,75,75],"card_choices":[{"not_picked":["Underhanded Strike","PiercingWail"],"picked":"Dagger Spray","floor":1},{"not_picked":["Flying Knee","Acrobatics"],"picked":"All Out Attack","floor":4},{"not_picked":["Cloak And Dagger","Reflex"],"picked":"Dodge and Roll","floor":5},{"not_picked":["Blade Dance","Prepared"],"picked":"Infinite Blades","floor":7},{"not_picked":["Phantasmal Killer","Blade Dance"],"picked":"Predator","floor":8},{"not_picked":["Deflect","Slice"],"picked":"Dodge and Roll","floor":10},{"not_picked":["Flechettes","Poisoned Stab"],"picked":"Dash","floor":11},{"not_picked":["Dash","Acrobatics"],"picked":"Bouncing Flask","floor":12},{"not_picked":["Tools of the Trade","Adrenaline"],"picked":"Night Terror","floor":16},{"not_picked":["Acrobatics+1","Choke"],"picked":"Leg Sweep","floor":18},{"not_picked":["Outmaneuver","Slice"],"picked":"Dodge and Roll","floor":20},{"not_picked":["Poisoned Stab","Acrobatics+1"],"picked":"Bane","floor":24}],"player_experience":255450,"relics_obtained":[{"floor":8,"key":"Smiling Mask"},{"floor":9,"key":"Whetstone"}],"event_choices":[{"damage_healed":0,"gold_gain":0,"cards_transformed":["Strike_G"],"player_choice":"Change","damage_taken":0,"max_hp_gain":0,"max_hp_loss":0,"event_name":"Living Wall","floor":3,"gold_loss":0,"cards_obtained":["Bouncing Flask"]},{"damage_healed":0,"gold_gain":0,"player_choice":"Got Potions","damage_taken":0,"max_hp_gain":0,"max_hp_loss":0,"event_name":"Lab","floor":14,"gold_loss":0},{"damage_healed":0,"gold_gain":0,"player_choice":"Obtained Relic","damage_taken":0,"relics_obtained":["Meat on the Bone"],"max_hp_gain":0,"max_hp_loss":0,"event_name":"Addict","floor":19,"gold_loss":85},{"damage_healed":0,"gold_gain":0,"player_choice":"Joined the Cult","damage_taken":6,"max_hp_gain":0,"max_hp_loss":0,"event_name":"Nest","floor":22,"gold_loss":0,"cards_obtained":["RitualDagger"]}],"is_beta":false,"boss_relics":[{"not_picked":["Pandora\u0027s Box","Calling Bell"],"picked":"Cursed Key"}],"items_purged_floors":[21],"is_endless":false,"potions_floor_spawned":[1,4,8,16,20],"killed_by":"Slavers","ascension_level":0}