{"gold_per_floor":[109,122,122,136,149,182,194,306,344,366,183,183,183,213,213,311,311,327,342,70,70,20,20],"floor_reached":23,"playtime":3887,"items_purged":["Strike_R","Strike_R","Strike_R"],"score":224,"play_id":"fd8d2219-869c-4ca1-a71a-bb4481c04234","local_time":"20190809223026","is_ascension_mode":false,"campfire_choices":[{"data":"Armaments","floor":7,"key":"SMITH"},{"data":"Spot Weakness","floor":15,"key":"SMITH"}],"neow_cost":"NONE","seed_source_timestamp":132504559269491,"circlet_count":0,"master_deck":["Strike_R","Strike_R","Defend_R","Defend_R","Defend_R","Defend_R","Bash","Entrench+1","Spot Weakness+1","Iron Wave","Clash","Dual Wield","Armaments+1","Sword Boomerang","Twin Strike","Juggernaut","Spot Weakness","Thunderclap","Barricade","Body Slam","Shrug It Off","Ghostly","Ghostly","Ghostly","Ghostly","Ghostly"],"relics":["Burning Blood","MawBank","Smiling Mask","Anchor","Strawberry","Runic Pyramid"],"potions_floor_usage":[6,16,16,19],"damage_taken":[{"damage":10,"enemies":"2 Louse","floor":1,"turns":3},{"damage":1,"enemies":"Jaw Worm","floor":2,"turns":3},{"damage":1,"enemies":"Cultist","floor":4,"turns":3},{"damage":0,"enemies":"2 Fungi Beasts","floor":5,"turns":3},{"damage":33,"enemies":"Gremlin Nob","floor":6,"turns":4},{"damage":7,"enemies":"3 Louse","floor":10,"turns":3},{"damage":18,"enemies":"Lagavulin","floor":14,"turns":6},{"damage":27,"enemies":"The Guardian","floor":16,"turns":12},{"damage":1,"enemies":"Chosen","floor":18,"turns":6},{"damage":6,"enemies":"3 Byrds","floor":19,"turns":4},{"damage":54,"enemies":"Slavers","floor":23,"turns":6}],"seed_played":"-2403137319235884628","potions_obtained":[{"floor":1,"key":"PowerPotion"},{"floor":5,"key":"FearPotion"},{"floor":10,"key":"Fire Potion"},{"floor":16,"key":"LiquidBronze"}],"is_trial":false,"path_per_floor":["M","M","?","M","M","E","R","?","T","M","$","?","?","E","R","B",null,"M","M","$","?","$","E"],"character_chosen":"IRONCLAD","items_purchased":["Anchor","Barricade","Body Slam","Shrug It Off"],"campfire_rested":0,"item_purchase_floors":[11,20,20,20],"current_hp_per_floor":[76,80,80,80,80,53,53,53,53,52,52,52,57,52,52,31,92,92,92,92,46,46,0],"gold":20,"neow_bonus":"THREE_CARDS","is_prod":false,"is_daily":false,"chose_seed":false,"campfire_upgraded":2,"win_rate":0.0,"timestamp":1565404226,"path_taken":["M","M","?","M","M","E","R","?","T","?","$","?","?","E","R","BOSS","M","M","$","?","$","E"],"build_version":"2019-07-17","purchased_purges":3,"victory":false,"max_hp_per_floor":[80,80,80,80,80,80,80,80,80,80,80,80,85,92,92,92,92,92,92,92,46,46,46],"card_choices":[{"not_picked":["Armaments","Iron Wave"],"picked":"Entrench","floor":0},{"not_picked":["Feel No Pain","Anger"],"picked":"Spot Weakness","floor":1},{"not_picked":["Warcry","Pommel Strike"],"picked":"Iron Wave","floor":2},{"not_picked":["Iron Wave","Twin Strike"],"picked":"Clash","floor":4},{"not_picked":["Second Wind","Clothesline"],"picked":"Dual Wield","floor":5},{"not_picked":["Clothesline","Hemokinesis"],"picked":"Armaments","floor":6},{"not_picked":["Rampage","Shockwave"],"picked":"Sword Boomerang","floor":10},{"not_picked":["Sword Boomerang","Clash"],"picked":"Twin Strike","floor":14},{"not_picked":["Brutality","Reaper"],"picked":"Juggernaut","floor":16},{"not_picked":["Warcry+1","Dropkick"],"picked":"Spot Weakness","floor":18},{"not_picked":["Armaments","Heavy Blade"],"picked":"Thunderclap","floor":19}],"player_experience":35634,"relics_obtained":[{"floor":6,"key":"MawBank"},{"floor":9,"key":"Smiling Mask"},{"floor":14,"key":"Strawberry"}],"event_choices":[{"damage_healed":0,"gold_gain":0,"player_choice":"Grow","damage_taken":0,"max_hp_gain":0,"max_hp_loss":0,"event_name":"Living Wall","floor":3,"gold_loss":0,"cards_upgraded":["Entrench"]},{"damage_healed":0,"gold_gain":100,"player_choice":"Pray","damage_taken":0,"max_hp_gain":0,"max_hp_loss":0,"event_name":"Golden Shrine","floor":8,"gold_loss":0},{"damage_healed":0,"gold_gain":0,"player_choice":"Ignored","damage_taken":0,"max_hp_gain":0,"max_hp_loss":0,"event_name":"Liars Game","floor":12,"gold_loss":0},{"damage_healed":0,"gold_gain":0,"player_choice":"Donut","damage_taken":0,"max_hp_gain":5,"max_hp_loss":0,"event_name":"Big Fish","floor":13,"gold_loss":0},{"damage_healed":0,"gold_gain":0,"player_choice":"Became a Ghost","damage_taken":0,"max_hp_gain":0,"max_hp_loss":46,"event_name":"Ghosts","floor":21,"gold_loss":0,"cards_obtained":["Ghostly","Ghostly","Ghostly","Ghostly","Ghostly"]}],"is_beta":false,"boss_relics":[{"not_picked":["Calling Bell","Tiny House"],"picked":"Runic Pyramid"}],"items_purged_floors":[11,20,22],"is_endless":false,"potions_floor_spawned":[1,5,10,16],"killed_by":"Slavers","ascension_level":0}