{"gold_per_floor":[116,116,132,158,171,171,204,204,204,218,218,245,260,260,260,361,361,376,376,394,404,12,40,51,83,83,33,46,46,63,97,97,193,193,203,220,55,55,74,109,120,120,143,83,94,35,35,54,54,54],"floor_reached":51,"playtime":3717,"items_purged":["Defend_R"],"score":774,"play_id":"bad9c1f6-2832-4c1d-ba4d-0b651fd13d42","local_time":"20190911232704","is_ascension_mode":false,"campfire_choices":[{"data":"Bash","floor":6,"key":"SMITH"},{"data":"Clothesline","floor":8,"key":"SMITH"},{"floor":11,"key":"REST"},{"data":"Combust","floor":15,"key":"SMITH"},{"data":"Heavy Blade","floor":32,"key":"SMITH"},{"data":"Immolate","floor":42,"key":"SMITH"},{"data":"Rage","floor":49,"key":"SMITH"}],"neow_cost":"NONE","seed_source_timestamp":101076511161486,"circlet_count":0,"master_deck":["Strike_R+1","Strike_R+1","Strike_R","Strike_R","Strike_R","Defend_R","Defend_R","Bash+1","Combust+1","Clothesline+1","Inflame+1","Rage+1","Immolate+1","Iron Wave+1","Heavy Blade+1","Evolve+1","Demon Form+1","Clothesline+1","Fire Breathing+1","Carnage+1","Impervious","Pommel Strike+1","Heavy Blade+1","Disarm","Heavy Blade+1","Demon Form+1","Perfected Strike+1"],"relics":["Burning Blood","Orichalcum","Frozen Egg 2","Whetstone","The Courier","Bird Faced Urn","Du-Vu Doll","Snecko Eye","Membership Card","Thread and Needle","Omamori","Unceasing Top","Dream Catcher","Molten Egg 2","PreservedInsect","Cursed Key","Shuriken","Bag of Preparation","Smiling Mask","Regal Pillow","Bronze Scales","TheAbacus"],"potions_floor_usage":[16,33,33,35,50,50,50],"damage_taken":[{"damage":5,"enemies":"Jaw Worm","floor":1,"turns":2},{"damage":1,"enemies":"2 Louse","floor":3,"turns":3},{"damage":0,"enemies":"Small Slimes","floor":5,"turns":3},{"damage":35,"enemies":"3 Sentries","floor":7,"turns":7},{"damage":7,"enemies":"Gremlin Gang","floor":10,"turns":4},{"damage":13,"enemies":"Lagavulin","floor":12,"turns":5},{"damage":7,"enemies":"Looter","floor":13,"turns":3},{"damage":4,"enemies":"Slime Boss","floor":16,"turns":6},{"damage":5,"enemies":"2 Thieves","floor":18,"turns":2},{"damage":4,"enemies":"Chosen","floor":20,"turns":3},{"damage":20,"enemies":"Centurion and Healer","floor":21,"turns":4},{"damage":14,"enemies":"Slavers","floor":23,"turns":3},{"damage":7,"enemies":"Snake Plant","floor":24,"turns":3},{"damage":8,"enemies":"Gremlin Leader","floor":25,"turns":4},{"damage":0,"enemies":"Cultist and Chosen","floor":28,"turns":4},{"damage":2,"enemies":"Centurion and Healer","floor":30,"turns":3},{"damage":10,"enemies":"Book of Stabbing","floor":31,"turns":5},{"damage":26,"enemies":"Automaton","floor":33,"turns":5},{"damage":0,"enemies":"Orb Walker","floor":35,"turns":2},{"damage":14,"enemies":"3 Darklings","floor":36,"turns":5},{"damage":15,"enemies":"Sphere and 2 Shapes","floor":39,"turns":4},{"damage":7,"enemies":"Giant Head","floor":40,"turns":5},{"damage":4,"enemies":"Transient","floor":41,"turns":5},{"damage":16,"enemies":"Spire Growth","floor":45,"turns":3},{"damage":0,"enemies":"4 Shapes","floor":48,"turns":2},{"damage":85,"enemies":"Awakened One","floor":50,"turns":7}],"seed_played":"-7423684439926938122","potions_obtained":[{"floor":1,"key":"AttackPotion"},{"floor":10,"key":"Poison Potion"},{"floor":12,"key":"SteroidPotion"},{"floor":21,"key":"FearPotion"},{"floor":31,"key":"GamblersBrew"},{"floor":33,"key":"Fruit Juice"},{"floor":35,"key":"Dexterity Potion"},{"floor":45,"key":"PowerPotion"}],"is_trial":false,"path_per_floor":["M","?","M","T","M","R","E","R","T","M","R","E","M","?","R","B",null,"M","?","M","M","$","E","M","E","T","?","M","?","M","E","R","B",null,"M","M","$","?","M","E","M","R","T","$","M","$","?","M","R","B",null],"character_chosen":"IRONCLAD","items_purchased":["Membership Card","Thread and Needle","Omamori","Demon Form+1","Shuriken","Bag of Preparation","Bronze Scales","TheAbacus"],"campfire_rested":1,"item_purchase_floors":[22,22,22,22,37,37,44,46],"current_hp_per_floor":[80,62,67,67,73,73,44,44,44,47,71,68,71,76,76,82,85,85,85,85,71,71,65,70,76,76,76,84,84,85,85,85,67,85,90,84,84,84,82,87,90,90,90,90,80,80,80,85,85,14],"gold":54,"neow_bonus":"RANDOM_COMMON_RELIC","is_prod":false,"is_daily":false,"chose_seed":false,"campfire_upgraded":6,"win_rate":0,"timestamp":1568258824,"path_taken":["M","?","M","?","M","R","E","R","T","M","R","E","M","?","R","BOSS","M","?","M","M","$","E","M","E","T","?","?","?","M","E","R","BOSS","M","?","$","?","M","E","?","R","T","$","M","$","?","M","R","BOSS"],"build_version":"2019-09-10","purchased_purges":1,"victory":true,"max_hp_per_floor":[80,80,80,80,80,80,80,80,80,80,80,80,80,85,85,85,85,85,85,85,85,85,85,85,85,85,85,85,85,85,85,85,85,85,90,90,90,90,90,90,90,90,90,90,90,90,85,85,85,85],"card_choices":[{"not_picked":["Rupture","Heavy Blade"],"picked":"Combust","floor":1},{"not_picked":["Bloodletting","Combust+1","Searing Blow"],"picked":"SKIP","floor":3},{"not_picked":["Perfected Strike","Sentinel"],"picked":"Clothesline","floor":5},{"not_picked":["Burning Pact","Sever Soul"],"picked":"Inflame+1","floor":7},{"not_picked":["Anger","Bloodletting"],"picked":"Rage","floor":10},{"not_picked":["Rage","Sword Boomerang","Exhume"],"picked":"SKIP","floor":12},{"not_picked":["Sword Boomerang","Body Slam","True Grit"],"picked":"SKIP","floor":13},{"not_picked":["Berserk+1","Dark Embrace+1"],"picked":"Immolate","floor":16},{"not_picked":["Pommel Strike","Armaments"],"picked":"Iron Wave+1","floor":18},{"not_picked":["Entrench+1","Bloodletting","Anger"],"picked":"SKIP","floor":20},{"not_picked":["Twin Strike","Dropkick+1"],"picked":"Evolve+1","floor":21},{"not_picked":["Anger","Sword Boomerang"],"picked":"Clothesline+1","floor":23},{"not_picked":["Cleave","Berserk+1","Sword Boomerang"],"picked":"SKIP","floor":24},{"not_picked":["Limit Break","Clothesline"],"picked":"Fire Breathing+1","floor":25},{"not_picked":["Infernal Blade","Armaments","Flex"],"picked":"SKIP","floor":28},{"not_picked":["Inflame+1","Sword Boomerang+1","Ghostly Armor"],"picked":"SKIP","floor":30},{"not_picked":["True Grit","Armaments+1"],"picked":"Carnage+1","floor":31},{"not_picked":["Exhume","Fiend Fire+1"],"picked":"Impervious","floor":33},{"not_picked":["Headbutt+1","Sword Boomerang+1"],"picked":"Pommel Strike+1","floor":35},{"not_picked":["Flex+1","Bloodletting"],"picked":"Heavy Blade+1","floor":36},{"not_picked":["Flame Barrier","Thunderclap+1"],"picked":"Heavy Blade+1","floor":39},{"not_picked":["Perfected Strike+1","Pommel Strike+1"],"picked":"Demon Form+1","floor":40},{"not_picked":["Wild Strike+1","Pommel Strike+1","Twin Strike+1"],"picked":"SKIP","floor":41},{"not_picked":["Wild Strike+1","Dual Wield","Fiend Fire+1"],"picked":"SKIP","floor":45},{"not_picked":["Pommel Strike+1","Anger+1"],"picked":"Perfected Strike+1","floor":48}],"player_experience":171227,"relics_obtained":[{"floor":4,"key":"Whetstone"},{"floor":7,"key":"The Courier"},{"floor":9,"key":"Bird Faced Urn"},{"floor":12,"key":"Du-Vu Doll"},{"floor":23,"key":"Unceasing Top"},{"floor":25,"key":"Dream Catcher"},{"floor":26,"key":"Molten Egg 2"},{"floor":31,"key":"PreservedInsect"},{"floor":40,"key":"Smiling Mask"},{"floor":43,"key":"Regal Pillow"}],"event_choices":[{"damage_healed":0,"gold_gain":0,"player_choice":"Success","damage_taken":18,"relics_obtained":["Frozen Egg 2"],"max_hp_gain":0,"max_hp_loss":0,"event_name":"Scrap Ooze","floor":2,"gold_loss":0},{"damage_healed":0,"gold_gain":0,"player_choice":"Donut","damage_taken":0,"max_hp_gain":5,"max_hp_loss":0,"event_name":"Big Fish","floor":14,"gold_loss":0},{"damage_healed":0,"gold_gain":0,"player_choice":"Read","damage_taken":0,"max_hp_gain":0,"max_hp_loss":0,"event_name":"The Library","floor":19,"gold_loss":0,"cards_obtained":["Heavy Blade"]},{"damage_healed":0,"gold_gain":0,"player_choice":"Bet on Owner","damage_taken":0,"max_hp_gain":0,"max_hp_loss":0,"event_name":"The Joust","floor":27,"gold_loss":50},{"damage_healed":0,"gold_gain":0,"player_choice":"Ignored","damage_taken":0,"max_hp_gain":0,"max_hp_loss":0,"event_name":"NoteForYourself","floor":29,"gold_loss":0},{"damage_healed":0,"gold_gain":0,"cards_transformed":["Defend_R"],"player_choice":"Transformed","damage_taken":0,"max_hp_gain":0,"max_hp_loss":0,"event_name":"Transmorgrifier","floor":38,"gold_loss":0,"cards_obtained":["Disarm"]},{"damage_healed":0,"gold_gain":0,"player_choice":"Max HP","damage_taken":0,"max_hp_gain":0,"max_hp_loss":5,"event_name":"Winding Halls","floor":47,"gold_loss":0}],"is_beta":true,"boss_relics":[{"not_picked":["Sozu","Tiny House"],"picked":"Snecko Eye"},{"not_picked":["Busted Crown","Mark of Pain"],"picked":"Cursed Key"}],"items_purged_floors":[22],"is_endless":false,"potions_floor_spawned":[1,10,12,21,23,28,30,31,33,35,45,48],"ascension_level":0}