{"gold_per_floor":[127,149,161,173,198,210,263,288,300,312,399,425,37,57,57,178,178,196,196,212,212,259,259,302,327,384,384],"floor_reached":27,"playtime":1596,"items_purged":[],"score":281,"play_id":"52fb7fd9-07d9-474e-b15e-80a89a0ed330","local_time":"20190811143656","is_ascension_mode":true,"campfire_choices":[{"data":"Armaments","floor":6,"key":"SMITH"},{"data":"Inflame","floor":10,"key":"SMITH"},{"floor":15,"key":"REST"},{"data":"Sword Boomerang","floor":23,"key":"SMITH"}],"neow_cost":"NONE","seed_source_timestamp":123131438712480,"circlet_count":0,"master_deck":["Strike_R","Strike_R","Strike_R","Strike_R+1","Strike_R","Defend_R","Defend_R","Defend_R","Defend_R+1","Bash","Inflame+1","Sword Boomerang+1","Injury","Armaments+1","Spot Weakness","Inflame","Intimidate","Double Tap","Rage+1","Regret","Infernal Blade","Injury"],"relics":["Burning Blood","MawBank","Golden Idol","Darkstone Periapt","Self Forming Clay","OrangePellets","PreservedInsect","Cursed Key","Pear","Oddly Smooth Stone","Pen Nib","Tiny Chest"],"potions_floor_usage":[7,16,16,20,27],"damage_taken":[{"damage":5,"enemies":"Jaw Worm","floor":1,"turns":7},{"damage":7,"enemies":"2 Louse","floor":2,"turns":3},{"damage":1,"enemies":"Cultist","floor":5,"turns":3},{"damage":13,"enemies":"Gremlin Nob","floor":7,"turns":4},{"damage":0,"enemies":"Large Slime","floor":8,"turns":4},{"damage":21,"enemies":"Blue Slaver","floor":12,"turns":4},{"damage":10,"enemies":"Exordium Wildlife","floor":14,"turns":3},{"damage":23,"enemies":"Hexaghost","floor":16,"turns":6},{"damage":12,"enemies":"Shell Parasite","floor":18,"turns":5},{"damage":0,"enemies":"Spheric Guardian","floor":20,"turns":3},{"damage":15,"enemies":"Book of Stabbing","floor":24,"turns":4},{"damage":18,"enemies":"Snake Plant","floor":25,"turns":3},{"damage":88,"enemies":"Gremlin Leader","floor":27,"turns":3}],"seed_played":"1629823798729424359","potions_obtained":[{"floor":1,"key":"Fire Potion"},{"floor":5,"key":"AttackPotion"},{"floor":12,"key":"PowerPotion"},{"floor":16,"key":"SmokeBomb"},{"floor":20,"key":"SpeedPotion"},{"floor":24,"key":"PowerPotion"}],"is_trial":false,"path_per_floor":["M","M","?","?","M","R","E","M","T","R","?","M","$","M","R","B",null,"M","?","M","?","T","R","E","M","T","E"],"character_chosen":"IRONCLAD","items_purchased":["OrangePellets","PreservedInsect","Poison Potion"],"campfire_rested":1,"item_purchase_floors":[13,13,13],"current_hp_per_floor":[80,79,63,63,68,68,61,67,67,67,56,41,41,37,61,44,80,74,90,96,96,102,102,93,81,87,0],"gold":384,"neow_bonus":"RANDOM_COMMON_RELIC","is_prod":false,"is_daily":false,"chose_seed":false,"campfire_upgraded":3,"win_rate":0,"timestamp":1565548616,"path_taken":["M","M","?","?","M","R","E","M","T","R","?","?","$","M","R","BOSS","M","?","M","?","?","R","E","M","T","E"],"build_version":"2019-07-17","purchased_purges":0,"victory":false,"max_hp_per_floor":[80,80,80,80,80,80,80,80,80,80,80,80,80,80,80,80,80,80,96,96,96,102,102,102,102,108,108],"card_choices":[{"not_picked":["Infernal Blade","Havoc"],"picked":"Inflame","floor":1},{"not_picked":["Armaments","Clash"],"picked":"Sword Boomerang","floor":2},{"not_picked":["Clothesline","Reckless Charge"],"picked":"Armaments","floor":5},{"not_picked":["Headbutt","Sentinel"],"picked":"Spot Weakness","floor":7},{"not_picked":["True Grit","Berserk"],"picked":"Inflame","floor":8},{"not_picked":["Battle Trance","Sentinel"],"picked":"Intimidate","floor":12},{"not_picked":["Headbutt","Anger","Power Through"],"picked":"SKIP","floor":14},{"not_picked":["Feed","Juggernaut"],"picked":"Double Tap","floor":16},{"not_picked":["Hemokinesis","Twin Strike","Body Slam"],"picked":"SKIP","floor":18},{"not_picked":["Bloodletting","Iron Wave"],"picked":"Rage+1","floor":20},{"not_picked":["Reaper","Metallicize+1"],"picked":"Infernal Blade","floor":24},{"not_picked":["Havoc+1","Warcry","Armaments"],"picked":"SKIP","floor":25}],"player_experience":169749,"relics_obtained":[{"floor":7,"key":"Darkstone Periapt"},{"floor":9,"key":"Self Forming Clay"},{"floor":22,"key":"Oddly Smooth Stone"},{"floor":24,"key":"Pen Nib"},{"floor":26,"key":"Tiny Chest"}],"event_choices":[{"damage_healed":0,"gold_gain":0,"player_choice":"Entered Light","damage_taken":16,"max_hp_gain":0,"max_hp_loss":0,"event_name":"Shining Light","floor":3,"gold_loss":0,"cards_upgraded":["Strike_R","Defend_R"]},{"damage_healed":0,"gold_gain":0,"player_choice":"Take Wound","damage_taken":0,"relics_obtained":["Golden Idol"],"max_hp_gain":0,"max_hp_loss":0,"event_name":"Golden Idol","floor":4,"gold_loss":0,"cards_obtained":["Injury"]},{"damage_healed":0,"gold_gain":75,"player_choice":"Gather Gold","damage_taken":11,"max_hp_gain":0,"max_hp_loss":0,"event_name":"World of Goop","floor":11,"gold_loss":0},{"damage_healed":0,"gold_gain":0,"player_choice":"Opened","damage_taken":0,"relics_obtained":["Pear"],"max_hp_gain":0,"max_hp_loss":0,"event_name":"The Mausoleum","floor":19,"gold_loss":0,"cards_obtained":["Writhe"]},{"cards_removed":["Writhe"],"damage_healed":0,"gold_gain":0,"player_choice":"Elegance","damage_taken":0,"max_hp_gain":0,"max_hp_loss":0,"event_name":"Back to Basics","floor":21,"gold_loss":0}],"is_beta":false,"boss_relics":[{"not_picked":["Lizard Tail","Mark of Pain"],"picked":"Cursed Key"}],"items_purged_floors":[],"is_endless":false,"potions_floor_spawned":[1,5,12,16,20,24,25],"killed_by":"Gremlin Leader","ascension_level":2}