{"gold_per_floor":[116,41,55,71,89,89,120,120,143,37,67,84,84,1,1,79,79,93,106,106],"floor_reached":20,"playtime":1042,"items_purged":["Pain"],"score":348,"play_id":"fcc14d82-e954-4649-a4e3-394b52855e87","local_time":"20190408121653","is_ascension_mode":true,"campfire_choices":[{"data":"Streamline","floor":6,"key":"SMITH"},{"floor":8,"key":"REST"},{"data":"Hologram","floor":13,"key":"SMITH"},{"floor":15,"key":"REST"}],"neow_cost":"CURSE","seed_source_timestamp":386965613383815,"circlet_count":0,"master_deck":["AscendersBane","Strike_B","Strike_B","Strike_B","Strike_B","Defend_B","Defend_B","Defend_B","Defend_B","Zap","Dualcast","Hyperbeam","Streamline+1","Gash","Scrape","Gash","Steam","Beam Cell","Hologram+1","Go for the Eyes","Core Surge","Rebound","Scrape"],"relics":["Cracked Core","Art of War","Oddly Smooth Stone","Odd Mushroom","Sozu"],"potions_floor_usage":[7,16],"damage_taken":[{"damage":8,"enemies":"Cultist","floor":1,"turns":3},{"damage":0,"enemies":"Small Slimes","floor":3,"turns":2},{"damage":0,"enemies":"2 Louse","floor":4,"turns":1},{"damage":7,"enemies":"Looter","floor":5,"turns":3},{"damage":36,"enemies":"Lagavulin","floor":7,"turns":6},{"damage":12,"enemies":"The Mushroom Lair","floor":11,"turns":2},{"damage":9,"enemies":"Blue Slaver","floor":12,"turns":2},{"damage":34,"enemies":"Slime Boss","floor":16,"turns":8},{"damage":19,"enemies":"Spheric Guardian","floor":18,"turns":5},{"damage":11,"enemies":"3 Byrds","floor":19,"turns":2},{"damage":33,"enemies":"Shelled Parasite and Fungi","floor":20,"turns":4}],"seed_played":"-8705664065440433320","potions_obtained":[{"floor":5,"key":"Dexterity Potion"},{"floor":7,"key":"Energy Potion"},{"floor":12,"key":"Swift Potion"}],"is_trial":false,"path_per_floor":["M","$","M","M","M","R","E","R","T","$","?","M","R","$","R","B",null,"M","M","M"],"character_chosen":"DEFECT","items_purchased":["Beam Cell","Hologram","Regen Potion"],"campfire_rested":2,"item_purchase_floors":[10,10,14],"current_hp_per_floor":[56,56,56,56,49,49,13,34,34,34,22,13,13,13,34,15,57,38,27,0],"gold":106,"neow_bonus":"THREE_RARE_CARDS","is_prod":false,"is_daily":false,"chose_seed":false,"campfire_upgraded":2,"win_rate":0,"timestamp":1554751013,"path_taken":["M","?","M","M","M","R","E","R","T","$","?","M","R","$","R","BOSS","M","M","M"],"build_version":"2019-01-23","purchased_purges":1,"victory":false,"max_hp_per_floor":[71,71,71,71,71,71,71,71,71,71,71,71,71,71,71,71,71,71,71,71],"card_choices":[{"not_picked":["Creative AI","Buffer"],"picked":"Hyperbeam","floor":0},{"not_picked":["Ball Lightning","Doom and Gloom"],"picked":"Streamline","floor":1},{"not_picked":["Loop","Steam"],"picked":"Gash","floor":3},{"not_picked":["Darkness","Go for the Eyes"],"picked":"Scrape","floor":4},{"not_picked":["Self Repair","Streamline"],"picked":"Gash","floor":5},{"not_picked":["Sweeping Beam","Multi-Cast"],"picked":"Steam","floor":7},{"not_picked":["Glacier","Barrage"],"picked":"Go for the Eyes","floor":11},{"not_picked":["Streamline","Rip and Tear","Cold Snap"],"picked":"SKIP","floor":12},{"not_picked":["Multi-Cast","Thunder Strike"],"picked":"Core Surge","floor":16},{"not_picked":["Conserve Battery","Stack"],"picked":"Rebound","floor":18},{"not_picked":["Cold Snap","Undo+1"],"picked":"Scrape","floor":19}],"player_experience":850881,"relics_obtained":[{"floor":7,"key":"Art of War"},{"floor":9,"key":"Oddly Smooth Stone"},{"floor":11,"key":"Odd Mushroom"}],"event_choices":[{"damage_healed":0,"gold_gain":0,"player_choice":"Fought Mushrooms","damage_taken":0,"max_hp_gain":0,"max_hp_loss":0,"event_name":"Mushrooms","floor":11,"gold_loss":0}],"is_beta":false,"boss_relics":[{"not_picked":["Orrery","Inserter"],"picked":"Sozu"}],"items_purged_floors":[2],"is_endless":false,"potions_floor_spawned":[5,7,12,19],"killed_by":"Shelled Parasite and Fungi","ascension_level":20}