{"gold_per_floor":[113,113,123,20,295,324,66,94,94,109,122,122,134,134,134,211,211,229,71,71,71,71,105,105,121,121,150,150,160,186,204,204,204],"floor_reached":33,"playtime":2185,"items_purged":["Defend_R","Regret"],"score":588,"play_id":"f3ab0c0c-7eba-4cbe-9c36-2da3798792c8","local_time":"20190126201957","is_ascension_mode":true,"campfire_choices":[{"data":"Uppercut","floor":12,"key":"SMITH"},{"data":"Armaments","floor":15,"key":"SMITH"},{"data":"Fiend Fire","floor":24,"key":"SMITH"},{"data":"J.A.X.","floor":28,"key":"SMITH"},{"data":"True Grit","floor":32,"key":"SMITH"}],"neow_cost":"NONE","seed_source_timestamp":360569539876560,"circlet_count":0,"master_deck":["AscendersBane","Strike_R","Strike_R","Strike_R","Strike_R+1","Defend_R","Defend_R","Defend_R","Bash+1","Iron Wave","Battle Trance","Shrug It Off","Body Slam","Reaper","Uppercut+1","Infernal Blade","Cleave","Armaments+1","Iron Wave","Writhe","Fiend Fire+1","Sword Boomerang","Necronomicurse","J.A.X.+1","Clothesline","Shockwave","Second Wind+1","True Grit+1"],"relics":["Burning Blood","NeowsBlessing","Blue Candle","Bronze Scales","Bottled Flame","Runic Pyramid","Juzu Bracelet","Necronomicon","Whetstone","Magic Flower","Dream Catcher","Red Mask"],"potions_floor_usage":[11,13,13,27,30,33],"damage_taken":[{"damage":0,"enemies":"Cultist","floor":1,"turns":1},{"damage":0,"enemies":"2 Louse","floor":3,"turns":1},{"damage":2,"enemies":"3 Sentries","floor":6,"turns":2},{"damage":56,"enemies":"Lagavulin","floor":8,"turns":10},{"damage":3,"enemies":"Jaw Worm","floor":10,"turns":4},{"damage":1,"enemies":"Red Slaver","floor":11,"turns":4},{"damage":11,"enemies":"Large Slime","floor":13,"turns":5},{"damage":38,"enemies":"The Guardian","floor":16,"turns":9},{"damage":7,"enemies":"3 Byrds","floor":18,"turns":3},{"damage":10,"enemies":"Book of Stabbing","floor":23,"turns":3},{"damage":10,"enemies":"Shell Parasite","floor":25,"turns":3},{"damage":19,"enemies":"Gremlin Leader","floor":27,"turns":3},{"damage":13,"enemies":"Snake Plant","floor":29,"turns":2},{"damage":40,"enemies":"Masked Bandits","floor":30,"turns":4},{"damage":20,"enemies":"Centurion and Healer","floor":31,"turns":4},{"damage":91,"enemies":"Collector","floor":33,"turns":6}],"seed_played":"2775078941999434093","potions_obtained":[{"floor":8,"key":"Block Potion"},{"floor":11,"key":"Regen Potion"},{"floor":13,"key":"Fruit Juice"},{"floor":23,"key":"Explosive Potion"},{"floor":27,"key":"Poison Potion"},{"floor":31,"key":"Dexterity Potion"}],"is_trial":false,"path_per_floor":["M","?","M","$","?","E","$","E","T","M","M","R","M","?","R","B",null,"M","$","?","?","?","E","R","M","T","E","R","M","?","M","R","B"],"character_chosen":"IRONCLAD","items_purchased":["Shrug It Off","Reaper","Juzu Bracelet"],"campfire_rested":0,"item_purchase_floors":[4,7,19],"current_hp_per_floor":[74,74,75,75,75,75,75,25,25,32,41,41,63,63,63,38,70,69,69,48,48,64,60,60,56,56,46,46,42,65,54,54,0],"gold":204,"neow_bonus":"THREE_ENEMY_KILL","is_prod":false,"is_daily":false,"chose_seed":false,"campfire_upgraded":5,"win_rate":0,"timestamp":1548562797,"path_taken":["M","?","M","?","?","E","$","E","T","?","M","R","M","?","R","BOSS","M","$","?","?","?","E","R","M","T","E","R","M","?","M","R","BOSS"],"build_version":"2019-01-17v2","purchased_purges":2,"victory":false,"max_hp_per_floor":[75,75,75,75,75,75,75,75,75,75,75,75,80,80,80,80,80,80,80,80,80,80,80,80,80,80,80,80,80,80,80,80,80],"card_choices":[{"not_picked":["Wild Strike","Rupture"],"picked":"Iron Wave","floor":1},{"not_picked":["Wild Strike","Heavy Blade"],"picked":"Battle Trance","floor":3},{"not_picked":["Heavy Blade","Armaments"],"picked":"Body Slam","floor":6},{"not_picked":["Infernal Blade","Anger"],"picked":"Uppercut","floor":8},{"not_picked":["Battle Trance","Whirlwind"],"picked":"Infernal Blade","floor":10},{"not_picked":["Sword Boomerang","Flex"],"picked":"Cleave","floor":11},{"not_picked":["Clash","Anger"],"picked":"Armaments","floor":13},{"not_picked":["Bludgeon","Offering"],"picked":"Fiend Fire","floor":16},{"not_picked":["Thunderclap","Power Through"],"picked":"Sword Boomerang","floor":18},{"not_picked":["Armaments","Battle Trance","Power Through"],"picked":"SKIP","floor":23},{"not_picked":["Rampage","Evolve"],"picked":"Clothesline","floor":25},{"not_picked":["Thunderclap","Wild Strike"],"picked":"Shockwave","floor":27},{"not_picked":["Havoc","Warcry","Brutality"],"picked":"SKIP","floor":29},{"not_picked":["Body Slam","Anger"],"picked":"Second Wind+1","floor":30},{"not_picked":["Twin Strike","Havoc"],"picked":"True Grit","floor":31}],"player_experience":531617,"relics_obtained":[{"floor":6,"key":"Blue Candle"},{"floor":8,"key":"Bronze Scales"},{"floor":9,"key":"Bottled Flame"},{"floor":20,"key":"Necronomicon"},{"floor":23,"key":"Whetstone"},{"floor":26,"key":"Magic Flower"},{"floor":27,"key":"Dream Catcher"},{"floor":30,"key":"Red Mask"}],"event_choices":[{"cards_removed":["Strike_R"],"damage_healed":0,"gold_gain":0,"player_choice":"Purged","damage_taken":0,"max_hp_gain":0,"max_hp_loss":0,"event_name":"Purifier","floor":2,"gold_loss":0},{"damage_healed":0,"gold_gain":275,"player_choice":"Desecrate","damage_taken":0,"max_hp_gain":0,"max_hp_loss":0,"event_name":"Golden Shrine","floor":5,"gold_loss":0,"cards_obtained":["Regret"]},{"damage_healed":0,"gold_gain":0,"player_choice":"2 cards matched","damage_taken":0,"max_hp_gain":0,"max_hp_loss":0,"event_name":"Match and Keep!","floor":14,"gold_loss":0,"cards_obtained":["Iron Wave","Writhe"]},{"damage_healed":0,"gold_gain":0,"player_choice":"Obtained Book","damage_taken":21,"max_hp_gain":0,"max_hp_loss":0,"event_name":"Cursed Tome","floor":20,"gold_loss":0},{"damage_healed":0,"gold_gain":0,"player_choice":"Obtain J.A.X.","damage_taken":0,"max_hp_gain":0,"max_hp_loss":0,"event_name":"Drug Dealer","floor":21,"gold_loss":0,"cards_obtained":["J.A.X."]},{"damage_healed":16,"gold_gain":0,"player_choice":"Heal","damage_taken":0,"max_hp_gain":0,"max_hp_loss":0,"event_name":"The Library","floor":22,"gold_loss":0},{"damage_healed":0,"gold_gain":0,"player_choice":"Fought Bandits","damage_taken":0,"max_hp_gain":0,"max_hp_loss":0,"event_name":"Masked Bandits","floor":30,"gold_loss":0}],"is_beta":false,"boss_relics":[{"not_picked":["Busted Crown","Philosopher\u0027s Stone"],"picked":"Runic Pyramid"}],"items_purged_floors":[4,7],"is_endless":false,"potions_floor_spawned":[8,11,13,23,27,31],"killed_by":"Collector","ascension_level":17}