{"gold_per_floor":[363,379,6,6,6,6,20,54,54,54,68,17,17,40,40,136,136,150,150,167,167,167,195,110,110,110,121,152,55,55,71,71,148,148,159,174,274,274,285,285,285,285,312,324,51,51,63,79,79,79],"floor_reached":51,"playtime":3865,"items_purged":["Normality","Strike_R+1"],"score":1287,"play_id":"6dc4af9d-33b4-44b6-a44f-b5ceb3fa0e20","local_time":"20190217232408","is_ascension_mode":true,"campfire_choices":[{"data":"Anger","floor":6,"key":"SMITH"},{"data":"Hemokinesis","floor":10,"key":"SMITH"},{"data":"Flame Barrier","floor":13,"key":"SMITH"},{"data":"Bash","floor":15,"key":"SMITH"},{"data":"Ghostly","floor":25,"key":"SMITH"},{"data":"Ghostly","floor":30,"key":"SMITH"},{"floor":32,"key":"REST"},{"data":"Ghostly","floor":40,"key":"SMITH"},{"data":"Exhume","floor":46,"key":"SMITH"},{"data":"Sword Boomerang","floor":49,"key":"SMITH"}],"neow_cost":"CURSE","seed_source_timestamp":151468833189098,"circlet_count":0,"master_deck":["AscendersBane","Strike_R+1","Strike_R+1","Strike_R+1","Defend_R+1","Defend_R+1","Defend_R+1","Defend_R+1","Bash+1","Rage","Anger+1","Ghostly Armor+1","Sword Boomerang+1","Hemokinesis+1","Flame Barrier+1","Shrug It Off","Feed+1","Dropkick+1","Anger+1","Ghostly+1","Ghostly+1","Ghostly+1","Exhume+1","Bandage Up","Metallicize+1","Shockwave+1","Reaper+1","Disarm+1"],"relics":["Burning Blood","Brimstone","Bloody Idol","Art of War","Molten Egg 2","Pen Nib","Runic Cube","Thread and Needle","Ornamental Fan","Bird Faced Urn","Dream Catcher","Runic Pyramid","Du-Vu Doll","War Paint","Bag of Preparation"],"potions_floor_usage":[11,16,18,28,33,39,39,50,50],"damage_taken":[{"damage":7,"enemies":"Jaw Worm","floor":1,"turns":3},{"damage":9,"enemies":"Small Slimes","floor":2,"turns":4},{"damage":2,"enemies":"Cultist","floor":7,"turns":3},{"damage":10,"enemies":"Gremlin Nob","floor":8,"turns":3},{"damage":2,"enemies":"Blue Slaver","floor":11,"turns":1},{"damage":2,"enemies":"Large Slime","floor":14,"turns":3},{"damage":42,"enemies":"Hexaghost","floor":16,"turns":6},{"damage":30,"enemies":"3 Byrds","floor":18,"turns":4},{"damage":4,"enemies":"Chosen","floor":20,"turns":3},{"damage":2,"enemies":"Gremlin Leader","floor":23,"turns":4},{"damage":18,"enemies":"Shelled Parasite and Fungi","floor":27,"turns":5},{"damage":18,"enemies":"Slavers","floor":28,"turns":4},{"damage":19,"enemies":"Snake Plant","floor":31,"turns":2},{"damage":34,"enemies":"Champ","floor":33,"turns":9},{"damage":2,"enemies":"Orb Walker","floor":35,"turns":3},{"damage":7,"enemies":"3 Darklings","floor":36,"turns":5},{"damage":0,"enemies":"Mind Bloom Boss Battle","floor":37,"turns":3},{"damage":19,"enemies":"Writhing Mass","floor":39,"turns":4},{"damage":15,"enemies":"4 Shapes","floor":44,"turns":6},{"damage":1,"enemies":"Transient","floor":47,"turns":6},{"damage":5,"enemies":"3 Darklings","floor":48,"turns":5},{"damage":52,"enemies":"Awakened One","floor":50,"turns":12}],"seed_played":"2094868747051511296","potions_obtained":[{"floor":8,"key":"AttackPotion"},{"floor":11,"key":"AttackPotion"},{"floor":16,"key":"Energy Potion"},{"floor":23,"key":"PowerPotion"},{"floor":31,"key":"Poison Potion"},{"floor":33,"key":"Regen Potion"},{"floor":36,"key":"Dexterity Potion"},{"floor":44,"key":"EssenceOfSteel"},{"floor":47,"key":"Poison Potion"}],"is_trial":false,"path_per_floor":["M","M","$","?","?","R","M","E","T","R","M","?","R","M","R","B",null,"M","?","M","?","?","E","?","R","T","M","E","$","R","M","R","B",null,"M","M","?","?","M","R","?","?","T","M","$","R","M","M","R","B",null],"character_chosen":"IRONCLAD","items_purchased":["Brimstone","Ghostly Armor","Bandage Up","Bag of Preparation"],"campfire_rested":1,"item_purchase_floors":[3,3,29,45],"current_hp_per_floor":[67,64,64,64,64,64,68,64,64,64,68,68,68,68,68,32,59,39,39,46,36,36,40,40,40,40,33,32,32,32,28,41,27,40,48,52,52,49,49,49,49,49,49,53,53,53,53,57,57,41],"gold":79,"neow_bonus":"TWO_FIFTY_GOLD","is_prod":false,"is_daily":false,"chose_seed":false,"campfire_upgraded":9,"win_rate":0,"timestamp":1550474648,"path_taken":["M","M","$","?","?","R","M","E","T","R","M","?","R","?","R","BOSS","M","?","M","?","?","E","?","R","T","?","E","$","R","M","R","BOSS","M","M","?","?","M","R","?","?","T","M","$","R","M","?","R","BOSS"],"build_version":"2019-01-23","purchased_purges":2,"victory":true,"max_hp_per_floor":[75,75,75,75,68,68,68,68,68,68,68,68,68,68,68,68,68,72,72,72,36,36,40,40,40,40,40,44,44,44,44,44,44,44,48,52,52,49,49,49,49,49,49,53,53,53,53,57,57,57],"card_choices":[{"not_picked":["Havoc","Warcry"],"picked":"Rage","floor":1},{"not_picked":["Dropkick","Rupture"],"picked":"Anger","floor":2},{"not_picked":["Anger","Dual Wield"],"picked":"Sword Boomerang","floor":7},{"not_picked":["Seeing Red","Body Slam"],"picked":"Hemokinesis","floor":8},{"not_picked":["Heavy Blade+1","Wild Strike+1"],"picked":"Flame Barrier","floor":11},{"not_picked":["Entrench","Warcry"],"picked":"Shrug It Off","floor":14},{"not_picked":["Bludgeon+1","Double Tap"],"picked":"Feed+1","floor":16},{"not_picked":["Thunderclap+1","Havoc+1"],"picked":"Dropkick+1","floor":18},{"not_picked":["Armaments","Battle Trance"],"picked":"Anger+1","floor":20},{"not_picked":["Combust","Flex","Infernal Blade"],"picked":"SKIP","floor":23},{"not_picked":["Iron Wave+1","Burning Pact","Body Slam+1"],"picked":"SKIP","floor":27},{"not_picked":["Fire Breathing","Carnage+1"],"picked":"Exhume","floor":28},{"not_picked":["Armaments","Havoc+1"],"picked":"Metallicize+1","floor":31},{"not_picked":["Clothesline+1","Iron Wave+1"],"picked":"Shockwave","floor":32},{"not_picked":["Impervious","Demon Form"],"picked":"Reaper+1","floor":33},{"not_picked":["Headbutt+1","Clash+1","Wild Strike+1"],"picked":"SKIP","floor":35},{"not_picked":["Perfected Strike+1","Armaments","Thunderclap+1"],"picked":"SKIP","floor":36},{"not_picked":["Sever Soul+1","Havoc","Whirlwind+1"],"picked":"SKIP","floor":39},{"not_picked":["Havoc","Brutality","Body Slam+1"],"picked":"SKIP","floor":44},{"not_picked":["Shrug It Off","Iron Wave+1","Body Slam+1"],"picked":"SKIP","floor":47},{"not_picked":["Evolve","Blood for Blood+1"],"picked":"Disarm+1","floor":48}],"player_experience":665335,"relics_obtained":[{"floor":8,"key":"Art of War"},{"floor":9,"key":"Molten Egg 2"},{"floor":23,"key":"Thread and Needle"},{"floor":26,"key":"Bird Faced Urn"},{"floor":28,"key":"Dream Catcher"},{"floor":37,"key":"Du-Vu Doll"},{"floor":43,"key":"War Paint"}],"event_choices":[{"damage_healed":0,"gold_gain":0,"player_choice":"Leave","damage_taken":0,"max_hp_gain":0,"max_hp_loss":0,"event_name":"The Cleric","floor":4,"gold_loss":0},{"damage_healed":0,"gold_gain":0,"player_choice":"Lose Max HP","damage_taken":0,"relics_obtained":["Golden Idol"],"max_hp_gain":0,"max_hp_loss":7,"event_name":"Golden Idol","floor":5,"gold_loss":0},{"damage_healed":0,"gold_gain":0,"player_choice":"Paid Gold","damage_taken":0,"relics_obtained":["Pen Nib"],"max_hp_gain":0,"max_hp_loss":0,"event_name":"WeMeetAgain","floor":12,"gold_loss":51},{"damage_healed":0,"gold_gain":0,"player_choice":"Gave Idol","damage_taken":0,"relics_obtained":["Bloody Idol"],"max_hp_gain":0,"max_hp_loss":0,"event_name":"Forgotten Altar","floor":19,"relics_lost":["Golden Idol"],"gold_loss":0},{"damage_healed":0,"gold_gain":0,"player_choice":"Became a Ghost","damage_taken":0,"max_hp_gain":0,"max_hp_loss":36,"event_name":"Ghosts","floor":21,"gold_loss":0,"cards_obtained":["Ghostly","Ghostly","Ghostly"]},{"damage_healed":0,"gold_gain":0,"player_choice":"Simplicity","damage_taken":0,"max_hp_gain":0,"max_hp_loss":0,"event_name":"Back to Basics","floor":22,"gold_loss":0,"cards_upgraded":["Strike_R","Strike_R","Strike_R","Strike_R","Strike_R","Defend_R","Defend_R","Defend_R","Defend_R"]},{"damage_healed":0,"gold_gain":0,"player_choice":"Obtained Relic","damage_taken":0,"relics_obtained":["Ornamental Fan"],"max_hp_gain":0,"max_hp_loss":0,"event_name":"Addict","floor":24,"gold_loss":85},{"damage_healed":0,"gold_gain":0,"player_choice":"Fight","damage_taken":0,"max_hp_gain":0,"max_hp_loss":0,"event_name":"MindBloom","floor":37,"gold_loss":0},{"damage_healed":0,"gold_gain":0,"player_choice":"Max HP","damage_taken":0,"max_hp_gain":0,"max_hp_loss":3,"event_name":"Winding Halls","floor":38,"gold_loss":0},{"cards_removed":["Strike_R"],"damage_healed":0,"gold_gain":0,"player_choice":"Removed Attack","damage_taken":0,"max_hp_gain":0,"max_hp_loss":0,"event_name":"Falling","floor":41,"gold_loss":0},{"damage_healed":0,"gold_gain":0,"player_choice":"0 cards matched","damage_taken":0,"max_hp_gain":0,"max_hp_loss":0,"event_name":"Match and Keep!","floor":42,"gold_loss":0,"cards_obtained":[]}],"is_beta":false,"boss_relics":[{"not_picked":["Orrery","Fusion Hammer"],"picked":"Runic Cube"},{"not_picked":["Runic Dome","Snecko Eye"],"picked":"Runic Pyramid"}],"items_purged_floors":[3,45],"is_endless":false,"potions_floor_spawned":[8,11,16,23,31,33,36,37,44,47],"ascension_level":19}