{"gold_per_floor":[20,38,51,71,30,30,61,61,136,151,168,168,195,195,195,272,272,282,18,31,131,147,147,179,229,229,229,229,244,244,263,263,337,337,351,451,471,489,213,243,243,271,271,285,285,585,545,545,545,545],"floor_reached":51,"playtime":4186,"items_purged":["Defend_R","Defend_R"],"score":1430,"play_id":"1d72f5ff-e170-4ea2-aa3d-7bd202b7596d","local_time":"20190122232258","is_ascension_mode":true,"campfire_choices":[{"floor":6.0,"key":"DIG"},{"floor":8.0,"key":"DIG"},{"floor":12.0,"key":"DIG"},{"floor":15.0,"key":"REST"},{"floor":23.0,"key":"DIG"},{"floor":27.0,"key":"DIG"},{"floor":30.0,"key":"DIG"},{"floor":32.0,"key":"DIG"},{"floor":41,"key":"DIG"},{"floor":46,"key":"DIG"},{"floor":49,"key":"DIG"}],"neow_cost":"NO_GOLD","seed_source_timestamp":0,"circlet_count":0,"master_deck":["AscendersBane","Strike_R","Defend_R","Defend_R","Bash+1","Armaments","Inflame","Anger","Inflame+1","Shockwave","Demon Form+1","Heavy Blade","Ghostly Armor","Impervious","Whirlwind+1","Fiend Fire+1","Headbutt+1","True Grit","Iron Wave","Iron Wave","Immolate","Shrug It Off","Sword Boomerang+1","Flame Barrier","Reaper","Shrug It Off","Fiend Fire","Ghostly Armor+1","Feel No Pain+1","Metallicize+1","Flash of Steel","Armaments"],"special_seed":0,"relics":["Burning Blood","Shovel","Pocketwatch","Vajra","Centennial Puzzle","Frozen Egg 2","Mummified Hand","Juzu Bracelet","Astrolabe","Membership Card","Prayer Wheel","Singing Bowl","Ancient Tea Set","PreservedInsect","Potion Belt","Paper Frog","Gremlin Horn","Omamori","Fusion Hammer","FossilizedHelix","Bottled Tornado","Red Skull","Blue Candle","Whetstone","Meat on the Bone","Old Coin","Ornamental Fan"],"potions_floor_usage":[38,40,40,42,50,50,50,50,50,50,50,50],"damage_taken":[{"damage":1.0,"enemies":"Cultist","floor":1.0,"turns":4.0},{"damage":1.0,"enemies":"Small Slimes","floor":2.0,"turns":5.0},{"damage":2.0,"enemies":"Jaw Worm","floor":3.0,"turns":4.0},{"damage":20.0,"enemies":"2 Fungi Beasts","floor":4.0,"turns":4.0},{"damage":20.0,"enemies":"3 Sentries","floor":7.0,"turns":7.0},{"damage":7.0,"enemies":"3 Louse","floor":10.0,"turns":4.0},{"damage":6.0,"enemies":"Looter","floor":11.0,"turns":2.0},{"damage":16.0,"enemies":"Gremlin Nob","floor":13.0,"turns":3.0},{"damage":22.0,"enemies":"Hexaghost","floor":16.0,"turns":6.0},{"damage":1.0,"enemies":"Spheric Guardian","floor":18.0,"turns":3.0},{"damage":1.0,"enemies":"3 Byrds","floor":20.0,"turns":4.0},{"damage":13.0,"enemies":"Colosseum Slavers","floor":21.0,"turns":3.0},{"damage":2.0,"enemies":"Colosseum Nobs","floor":21.0,"turns":3.0},{"damage":5.0,"enemies":"Shelled Parasite and Fungi","floor":22.0,"turns":3.0},{"damage":0.0,"enemies":"Gremlin Leader","floor":24.0,"turns":2.0},{"damage":0.0,"enemies":"Cultist and Chosen","floor":29.0,"turns":4.0},{"damage":13.0,"enemies":"Centurion and Healer","floor":31.0,"turns":2.0},{"damage":39.0,"enemies":"Automaton","floor":33.0,"turns":10.0},{"damage":0.0,"enemies":"3 Shapes","floor":35.0,"turns":1.0},{"damage":0.0,"enemies":"Mind Bloom Boss Battle","floor":36.0,"turns":3.0},{"damage":16.0,"enemies":"3 Darklings","floor":37.0,"turns":3.0},{"damage":12,"enemies":"Jaw Worm Horde","floor":38,"turns":3},{"damage":9,"enemies":"Reptomancer","floor":40,"turns":2},{"damage":0,"enemies":"Nemesis","floor":42,"turns":5},{"damage":0,"enemies":"Spire Growth","floor":44,"turns":4},{"damage":24,"enemies":"Awakened One","floor":50,"turns":7}],"seed_played":"-677723042796023147","potions_obtained":[{"floor":2.0,"key":"Swift Potion"},{"floor":7.0,"key":"SteroidPotion"},{"floor":13.0,"key":"Fire Potion"},{"floor":20.0,"key":"FearPotion"},{"floor":21.0,"key":"FearPotion"},{"floor":29.0,"key":"Dexterity Potion"},{"floor":31.0,"key":"BloodPotion"},{"floor":35.0,"key":"FearPotion"},{"floor":36.0,"key":"Explosive Potion"},{"floor":37,"key":"Block Potion"},{"floor":44,"key":"AttackPotion"},{"floor":47,"key":"EntropicBrew"},{"floor":47,"key":"GamblersBrew"}],"is_trial":false,"path_per_floor":["M","M","M","M","$","R","E","R","T","M","M","R","E","?","R","B",null,"M","$","M","?","M","R","E","?","T","R","?","M","R","M","R","B",null,"M","?","M","M","$","E","R","E","T","M","?","R","?","?","R","B",null],"character_chosen":"IRONCLAD","items_purchased":["Shockwave","Membership Card","Iron Wave","Metallicize+1","Bottled Tornado","Regen Potion","Energy Potion"],"campfire_rested":1,"item_purchase_floors":[5,19,19,39,39,39,39],"current_hp_per_floor":[73,75,75,61,61,61,47,47,47,46,46,46,36,13,35,19,61,66,66,71,70,75,75,83,83,83,83,83,83,83,78,78,45,75,85,89,81,75,75,90,90,95,95,99,96,96,96,96,96,83],"gold":545,"neow_bonus":"ONE_RARE_RELIC","is_prod":false,"is_daily":false,"chose_seed":false,"campfire_upgraded":0,"win_rate":0,"timestamp":1548228178,"path_taken":["M","?","M","M","$","R","E","R","T","M","M","R","E","?","R","BOSS","M","$","M","?","M","R","E","?","T","R","?","M","R","M","R","BOSS","M","?","M","M","$","E","R","E","T","M","?","R","?","?","R","BOSS"],"build_version":"2019-01-17v2","purchased_purges":2,"victory":true,"max_hp_per_floor":[75,75,75,75,75,75,75,75,75,75,75,75,75,75,75,75,75,75,75,75,77,81,81,83,83,83,83,83,83,83,85,85,85,85,89,89,91,91,91,93,93,95,95,99,101,101,101,101,101,101],"card_choices":[{"not_picked":["Sword Boomerang","Clash"],"picked":"Armaments","floor":1.0},{"not_picked":["Twin Strike","Body Slam"],"picked":"Inflame","floor":2.0},{"not_picked":["Headbutt","Warcry"],"picked":"Anger","floor":3.0},{"not_picked":["Wild Strike","Headbutt"],"picked":"Inflame","floor":4.0},{"not_picked":["Armaments","Heavy Blade"],"picked":"Demon Form","floor":7.0},{"not_picked":["Clothesline","Entrench"],"picked":"Heavy Blade","floor":10.0},{"not_picked":["Sever Soul","Anger","Second Wind"],"picked":"SKIP","floor":11.0},{"not_picked":["Perfected Strike","Combust+1"],"picked":"Ghostly Armor","floor":13.0},{"not_picked":["Bludgeon","Immolate"],"picked":"Impervious","floor":16.0},{"not_picked":["Armaments","Warcry"],"picked":"True Grit","floor":18.0},{"not_picked":["Wild Strike","Clash"],"picked":"Iron Wave","floor":20.0},{"not_picked":["Whirlwind","Flex","Searing Blow+1"],"picked":"Singing Bowl","floor":21.0},{"not_picked":["Wild Strike","Havoc","Pommel Strike"],"picked":"Singing Bowl","floor":22.0},{"not_picked":["Combust+1","Flex","Clash"],"picked":"Singing Bowl","floor":22.0},{"not_picked":["Clash","Thunderclap+1","Bloodletting"],"picked":"Singing Bowl","floor":24.0},{"not_picked":["Clash","Warcry"],"picked":"Shrug It Off","floor":29.0},{"not_picked":["Twin Strike","Bludgeon"],"picked":"Sword Boomerang","floor":29.0},{"not_picked":["Flex","Iron Wave","Havoc"],"picked":"Singing Bowl","floor":31.0},{"not_picked":["Cleave+1","Clothesline+1"],"picked":"Flame Barrier","floor":31.0},{"not_picked":["Berserk+1","Impervious"],"picked":"Reaper","floor":33.0},{"not_picked":["Headbutt+1","Dropkick","Twin Strike"],"picked":"Singing Bowl","floor":35.0},{"not_picked":["Clash","Dual Wield","Pommel Strike"],"picked":"Singing Bowl","floor":35.0},{"not_picked":["Warcry","Hemokinesis"],"picked":"Shrug It Off","floor":36.0},{"not_picked":["Heavy Blade","Twin Strike","Armaments"],"picked":"Singing Bowl","floor":37},{"not_picked":["Havoc+1","Cleave"],"picked":"Fiend Fire","floor":37},{"not_picked":["Heavy Blade","Iron Wave"],"picked":"Ghostly Armor+1","floor":38},{"not_picked":["Infernal Blade+1","Uppercut"],"picked":"Feel No Pain+1","floor":38},{"not_picked":["Clash","Headbutt","Hemokinesis"],"picked":"Singing Bowl","floor":40},{"not_picked":["Perfected Strike+1","Blood for Blood+1","Heavy Blade"],"picked":"Singing Bowl","floor":42},{"not_picked":["Pommel Strike","Sentinel","Second Wind"],"picked":"Singing Bowl","floor":44},{"not_picked":["Sever Soul","Battle Trance+1","Pommel Strike"],"picked":"Singing Bowl","floor":44},{"not_picked":["Dramatic Entrance","Purity"],"picked":"Flash of Steel","floor":45},{"not_picked":["Madness","Flash of Steel","Impatience"],"picked":"Singing Bowl","floor":45}],"player_experience":499249,"relics_obtained":[{"floor":6.0,"key":"Pocketwatch"},{"floor":7.0,"key":"Vajra"},{"floor":8.0,"key":"Centennial Puzzle"},{"floor":9.0,"key":"Frozen Egg 2"},{"floor":12.0,"key":"Mummified Hand"},{"floor":13.0,"key":"Juzu Bracelet"},{"floor":21.0,"key":"Prayer Wheel"},{"floor":21.0,"key":"Singing Bowl"},{"floor":23.0,"key":"Ancient Tea Set"},{"floor":24.0,"key":"PreservedInsect"},{"floor":26.0,"key":"Potion Belt"},{"floor":27.0,"key":"Paper Frog"},{"floor":30.0,"key":"Gremlin Horn"},{"floor":32.0,"key":"Omamori"},{"floor":36.0,"key":"FossilizedHelix"},{"floor":40,"key":"Red Skull"},{"floor":41,"key":"Blue Candle"},{"floor":42,"key":"Whetstone"},{"floor":43,"key":"Meat on the Bone"},{"floor":46,"key":"Old Coin"},{"floor":49,"key":"Ornamental Fan"}],"event_choices":[{"damage_healed":0.0,"max_hp_gain":0.0,"max_hp_loss":0.0,"gold_gain":0.0,"event_name":"Shining Light","player_choice":"Entered Light","floor":14.0,"gold_loss":0.0,"damage_taken":23.0,"cards_upgraded":["Demon Form","Inflame"]},{"damage_healed":0.0,"max_hp_gain":0.0,"max_hp_loss":0.0,"gold_gain":0.0,"event_name":"Colosseum","player_choice":"Fight","floor":21.0,"gold_loss":0.0,"damage_taken":0.0},{"damage_healed":0.0,"max_hp_gain":0.0,"max_hp_loss":0.0,"gold_gain":0.0,"event_name":"Colosseum","player_choice":"Fought Nobs","floor":21.0,"gold_loss":0.0,"damage_taken":0.0},{"damage_healed":0.0,"max_hp_gain":0.0,"max_hp_loss":0.0,"gold_gain":50.0,"event_name":"Nest","player_choice":"Stole From Cult","floor":25.0,"gold_loss":0.0,"damage_taken":0.0},{"damage_healed":0.0,"max_hp_gain":0.0,"max_hp_loss":0.0,"gold_gain":0.0,"event_name":"The Library","player_choice":"Read","floor":28.0,"gold_loss":0.0,"damage_taken":0.0,"cards_obtained":["Immolate"]},{"damage_healed":0.0,"max_hp_gain":0.0,"max_hp_loss":0.0,"gold_gain":0.0,"event_name":"MindBloom","player_choice":"Fight","floor":36.0,"gold_loss":0.0,"damage_taken":0.0},{"damage_healed":0,"gold_gain":0,"player_choice":"Memory 2","damage_taken":5,"max_hp_gain":0,"max_hp_loss":0,"event_name":"SensoryStone","floor":45,"gold_loss":0},{"damage_healed":0,"gold_gain":0,"player_choice":"Bought 3 Potions","damage_taken":0,"max_hp_gain":0,"max_hp_loss":0,"event_name":"The Woman in Blue","floor":47,"gold_loss":0},{"damage_healed":0,"gold_gain":0,"cards_transformed":["Strike_R"],"player_choice":"Transformed","damage_taken":0,"max_hp_gain":0,"max_hp_loss":0,"event_name":"Transmorgrifier","floor":48,"gold_loss":0,"cards_obtained":["Armaments"]}],"is_beta":false,"boss_relics":[{"not_picked":["White Beast Statue","Runic Pyramid"],"picked":"Astrolabe"},{"not_picked":["Runic Dome","Mark of Pain"],"picked":"Fusion Hammer"}],"items_purged_floors":[19,39],"is_endless":false,"potions_floor_spawned":[2,7,13,20,21,29,31,35,36,37,44],"ascension_level":15}