{"gold_per_floor":[113,123,136,155,167,197,197,101,147,147,158,128],"floor_reached":12,"playtime":1483,"items_purged":[],"score":82,"play_id":"447fa538-1fac-44d8-90d3-f6a4b30239a0","local_time":"20190911203127","is_ascension_mode":false,"campfire_choices":[{"floor":7,"key":"REST"}],"neow_cost":"","seed_source_timestamp":0,"circlet_count":0,"master_deck":["Strike_R","Strike_R","Strike_R","Strike_R","Strike_R","Defend_R","Defend_R","Defend_R","Defend_R","Bash","Headbutt","Body Slam","Clothesline","Demon Form","Rampage","Clothesline","Forethought","Inflame"],"special_seed":0,"relics":["Burning Blood","Charon\u0027s Ashes","Bag of Marbles","Mummified Hand"],"potions_floor_usage":[6],"damage_taken":[{"damage":2.0,"enemies":"Cultist","floor":1.0,"turns":5.0},{"damage":0.0,"enemies":"Small Slimes","floor":2.0,"turns":4.0},{"damage":14.0,"enemies":"Jaw Worm","floor":3.0,"turns":4.0},{"damage":32.0,"enemies":"Exordium Thugs","floor":4.0,"turns":7.0},{"damage":13.0,"enemies":"Blue Slaver","floor":5.0,"turns":4.0},{"damage":43,"enemies":"Lagavulin","floor":6,"turns":7},{"damage":0,"enemies":"3 Louse","floor":11,"turns":3},{"damage":19,"enemies":"Exordium Thugs","floor":12,"turns":2}],"seed_played":"-1036002852585052028","potions_obtained":[{"floor":2.0,"key":"Weak Potion"},{"floor":3.0,"key":"Regen Potion"}],"is_trial":false,"path_per_floor":["M","M","M","M","M","E","R","$","T","?","M","M"],"character_chosen":"IRONCLAD","items_purchased":["Forethought"],"campfire_rested":1,"item_purchase_floors":[8],"current_hp_per_floor":[80,80,72,61,54,17,41,41,41,8,14,0],"gold":128,"neow_bonus":"","is_prod":false,"is_daily":false,"chose_seed":false,"campfire_upgraded":0,"win_rate":0.0,"timestamp":1568259087,"path_taken":["M","M","?","M","M","E","R","$","T","?","M","M"],"build_version":"2019-07-17","purchased_purges":0,"victory":false,"max_hp_per_floor":[80,80,80,80,80,80,80,80,80,80,80,80],"card_choices":[{"not_picked":["Ghostly Armor","Combust"],"picked":"Headbutt","floor":1.0},{"not_picked":["Fire Breathing","Flex"],"picked":"Body Slam","floor":2.0},{"not_picked":["Thunderclap","Body Slam"],"picked":"Clothesline","floor":3.0},{"not_picked":["Clothesline","Headbutt"],"picked":"Demon Form","floor":4.0},{"not_picked":["Iron Wave","True Grit"],"picked":"Rampage","floor":5.0},{"not_picked":["Sever Soul","True Grit"],"picked":"Clothesline","floor":6},{"not_picked":["Second Wind","Ghostly Armor"],"picked":"Inflame","floor":11}],"player_experience":0,"relics_obtained":[{"floor":6,"key":"Charon\u0027s Ashes"},{"floor":9,"key":"Bag of Marbles"}],"event_choices":[{"damage_healed":0,"gold_gain":0,"player_choice":"Success","damage_taken":33,"relics_obtained":["Mummified Hand"],"max_hp_gain":0,"max_hp_loss":0,"event_name":"Scrap Ooze","floor":10,"gold_loss":0}],"is_beta":false,"boss_relics":[],"items_purged_floors":[],"is_endless":false,"potions_floor_spawned":[2,3],"killed_by":"Exordium Thugs","ascension_level":0}