{"gold_per_floor":[211,13,26,26,40,40,52,52,52,78,78,28,28,28,28,123,123,140,124,124,0,0,0,0],"floor_reached":24,"playtime":2010,"items_purged":[],"score":211,"play_id":"c7327917-fec1-4645-a5e4-8297e8b7ad8d","local_time":"20190823214205","is_ascension_mode":true,"campfire_choices":[{"data":"Dualcast","floor":6,"key":"SMITH"},{"data":"Stack","floor":8,"key":"SMITH"},{"data":"White Noise","floor":11,"key":"SMITH"},{"data":"Sweeping Beam","floor":15,"key":"SMITH"},{"floor":23,"key":"REST"}],"neow_cost":"NONE","seed_source_timestamp":144330333267613,"circlet_count":0,"master_deck":["Strike_B","Strike_B","Strike_B","Defend_B","Defend_B","Defend_B","Defend_B","Zap+1","Dualcast+1","Sweeping Beam+1","Darkness","Leap","Stack+1","White Noise+1","Jack Of All Trades","Ball Lightning","Biased Cognition","Streamline","RitualDagger"],"relics":["Cracked Core","ClockworkSouvenir","StoneCalendar","Ginger","Singing Bowl","Sozu"],"potions_floor_usage":[7,10,16],"damage_taken":[{"damage":1,"enemies":"Cultist","floor":1,"turns":4},{"damage":8,"enemies":"Jaw Worm","floor":3,"turns":4},{"damage":5,"enemies":"2 Louse","floor":5,"turns":2},{"damage":0,"enemies":"Looter","floor":7,"turns":2},{"damage":13,"enemies":"3 Sentries","floor":10,"turns":7},{"damage":34,"enemies":"Slime Boss","floor":16,"turns":7},{"damage":26,"enemies":"Shell Parasite","floor":18,"turns":4},{"damage":25,"enemies":"2 Thieves","floor":19,"turns":4},{"damage":37,"enemies":"Gremlin Leader","floor":24,"turns":5}],"seed_played":"-8504886674296514324","potions_obtained":[{"floor":1,"key":"SteroidPotion"},{"floor":3,"key":"Regen Potion"},{"floor":7,"key":"FocusPotion"}],"is_trial":false,"path_per_floor":["M","$","M","?","M","R","M","R","T","E","R","?","T","?","R","B",null,"M","M","?","?","?","R","E"],"character_chosen":"DEFECT","items_purchased":["ClockworkSouvenir"],"campfire_rested":1,"item_purchase_floors":[2],"current_hp_per_floor":[74,74,66,66,61,61,61,61,61,62,62,62,62,62,62,28,75,49,26,20,20,6,30,0],"gold":0,"neow_bonus":"HUNDRED_GOLD","is_prod":false,"is_daily":false,"chose_seed":false,"campfire_upgraded":4,"win_rate":0,"timestamp":1566610925,"path_taken":["M","$","M","?","M","R","?","R","T","E","R","?","?","?","R","BOSS","M","?","?","?","?","R","E"],"build_version":"2019-07-17","purchased_purges":0,"victory":false,"max_hp_per_floor":[75,75,75,75,75,75,75,75,75,75,75,75,75,75,75,75,75,75,77,77,77,82,82,82],"card_choices":[{"not_picked":["Steam Power","Compile Driver"],"picked":"Sweeping Beam","floor":1},{"not_picked":["Barrage","Consume"],"picked":"Darkness","floor":3},{"not_picked":["Rebound","Force Field"],"picked":"Leap","floor":5},{"not_picked":["Compile Driver","Gash"],"picked":"Stack","floor":7},{"not_picked":["Barrage","Stack"],"picked":"White Noise","floor":10},{"not_picked":["Seek","Thunder Strike"],"picked":"Biased Cognition","floor":16},{"not_picked":["Hologram","Stack"],"picked":"Streamline","floor":18},{"not_picked":["Skim","Lockon","Conserve Battery"],"picked":"Singing Bowl","floor":19}],"player_experience":231315,"relics_obtained":[{"floor":9,"key":"StoneCalendar"},{"floor":10,"key":"Ginger"},{"floor":13,"key":"Singing Bowl"}],"event_choices":[{"damage_healed":0,"gold_gain":0,"player_choice":"Upgraded","damage_taken":0,"max_hp_gain":0,"max_hp_loss":0,"event_name":"Upgrade Shrine","floor":4,"gold_loss":0,"cards_upgraded":["Zap"]},{"cards_removed":["Strike_B"],"damage_healed":0,"gold_gain":0,"player_choice":"Card Removal","damage_taken":0,"max_hp_gain":0,"max_hp_loss":0,"event_name":"The Cleric","floor":12,"gold_loss":50},{"damage_healed":0,"gold_gain":0,"player_choice":"2 cards matched","damage_taken":0,"max_hp_gain":0,"max_hp_loss":0,"event_name":"Match and Keep!","floor":14,"gold_loss":0,"cards_obtained":["Jack Of All Trades","Ball Lightning"]},{"damage_healed":0,"gold_gain":0,"player_choice":"Joined the Cult","damage_taken":6,"max_hp_gain":0,"max_hp_loss":0,"event_name":"Nest","floor":20,"gold_loss":0,"cards_obtained":["RitualDagger"]},{"damage_healed":0,"gold_gain":0,"player_choice":"Paid Fearfully","damage_taken":0,"max_hp_gain":0,"max_hp_loss":0,"event_name":"Masked Bandits","floor":21,"gold_loss":124},{"damage_healed":0,"gold_gain":0,"player_choice":"Shed Blood","damage_taken":19,"max_hp_gain":5,"max_hp_loss":0,"event_name":"Forgotten Altar","floor":22,"gold_loss":0}],"is_beta":false,"boss_relics":[{"not_picked":["Tiny House","Runic Dome"],"picked":"Sozu"}],"items_purged_floors":[],"is_endless":false,"potions_floor_spawned":[1,3,7,19],"killed_by":"Gremlin Leader","ascension_level":2}