{"gold_per_floor":[116,134,134,147,158,184,204,236,236,236,186,197,229,242,242,338,388,404,24,24,24,24,58,69,69,69,84,95,109,109,142,142,244,244,257,276,101,111,130,130,158,0,81,81,91,101,131,141,141,141],"floor_reached":51,"playtime":5562,"items_purged":["Strike_B"],"score":1029,"play_id":"a69a58d2-dcaa-40cf-81ad-11697d53f92b","local_time":"20181129011345","is_ascension_mode":true,"campfire_choices":[{"data":"Streamline","floor":10,"key":"SMITH"},{"data":"Genetic Algorithm","floor":15,"key":"SMITH"},{"data":"Glacier","floor":25,"key":"SMITH"},{"floor":30,"key":"REST"},{"floor":32,"key":"REST"},{"data":"Defragment","floor":40,"key":"SMITH"},{"data":"Biased Cognition","floor":44,"key":"SMITH"},{"data":"White Noise","floor":49,"key":"SMITH"}],"neow_cost":"NONE","seed_source_timestamp":30819931255889,"circlet_count":0,"master_deck":["Strike_B","Strike_B+1","Defend_B","Defend_B","Zap","Dualcast","Conserve Battery","White Noise+1","Glacier+1","Melter","Genetic Algorithm+1","Streamline+1","Defragment+1","Hologram","Barrage","Biased Cognition+1","Hologram","Steam","Conserve Battery","White Noise+1","Seek+1","Cold Snap","Ball Lightning","Leap+1","Ball Lightning+1","Compile Driver","Double Energy+1","Ball Lightning+1","Static Discharge","Leap+1","Conserve Battery+1","Force Field+1","Force Field+1","Fusion+1","Electrodynamics"],"relics":["Busted Crown","Letter Opener","Dodecahedron","Mercury Hourglass","Mummified Hand","Tiny House","Runic Capacitor","Happy Flower","Toxic Egg 2","Art of War","Bird Faced Urn","Sundial","Runic Pyramid","Omamori","Red Mask","Cables","Anchor"],"potions_floor_usage":[8,16,16,18,23,23,27,29,29,31,50,50],"damage_taken":[{"damage":2,"enemies":"Jaw Worm","floor":1,"turns":4},{"damage":0,"enemies":"Cultist","floor":2,"turns":4},{"damage":0,"enemies":"Small Slimes","floor":4,"turns":3},{"damage":0,"enemies":"Exordium Thugs","floor":5,"turns":4},{"damage":4,"enemies":"Lagavulin","floor":6,"turns":10},{"damage":0,"enemies":"Blue Slaver","floor":7,"turns":4},{"damage":6,"enemies":"3 Sentries","floor":8,"turns":7},{"damage":0,"enemies":"Large Slime","floor":12,"turns":5},{"damage":0,"enemies":"Lagavulin","floor":13,"turns":6},{"damage":0,"enemies":"2 Fungi Beasts","floor":14,"turns":3},{"damage":21,"enemies":"Hexaghost","floor":16,"turns":10},{"damage":3,"enemies":"3 Byrds","floor":18,"turns":3},{"damage":0,"enemies":"Gremlin Leader","floor":23,"turns":4},{"damage":8,"enemies":"Shell Parasite","floor":24,"turns":4},{"damage":23,"enemies":"Snake Plant","floor":27,"turns":3},{"damage":3,"enemies":"Centurion and Healer","floor":28,"turns":4},{"damage":0,"enemies":"Cultist and Chosen","floor":29,"turns":6},{"damage":24,"enemies":"Slavers","floor":31,"turns":5},{"damage":35,"enemies":"Collector","floor":33,"turns":8},{"damage":8,"enemies":"3 Shapes","floor":35,"turns":4},{"damage":17,"enemies":"3 Darklings","floor":36,"turns":4},{"damage":0,"enemies":"Maw","floor":38,"turns":6},{"damage":0,"enemies":"Spire Growth","floor":39,"turns":5},{"damage":0,"enemies":"Reptomancer","floor":41,"turns":7},{"damage":0,"enemies":"4 Shapes","floor":45,"turns":4},{"damage":0,"enemies":"Maw","floor":46,"turns":6},{"damage":0,"enemies":"Nemesis","floor":47,"turns":7},{"damage":9,"enemies":"Spire Growth","floor":48,"turns":5},{"damage":0,"enemies":"Donu and Deca","floor":50,"turns":8}],"seed_played":"7542207666765521831","potions_obtained":[{"floor":4,"key":"Fire Potion"},{"floor":6,"key":"Block Potion"},{"floor":7,"key":"SkillPotion"},{"floor":12,"key":"Ancient Potion"},{"floor":16,"key":"PowerPotion"},{"floor":17,"key":"FearPotion"},{"floor":18,"key":"Strength Potion"},{"floor":24,"key":"Block Potion"},{"floor":27,"key":"Weak Potion"},{"floor":29,"key":"Explosive Potion"},{"floor":35,"key":"SpeedPotion"},{"floor":45,"key":"PowerPotion"},{"floor":47,"key":"Block Potion"}],"is_trial":false,"path_per_floor":["M","M","?","M","M","E","M","E","T","R","?","M","E","M","R","B",null,"M","$","?","T","?","E","M","R","T","M","M","M","R","E","R","B",null,"M","M","$","M","M","R","E","?","T","R","M","M","E","M","R","B",null],"character_chosen":"DEFECT","items_purchased":["Runic Capacitor","Happy Flower","Conserve Battery","Static Discharge","Leap+1"],"campfire_rested":2,"item_purchase_floors":[19,19,19,37,37],"current_hp_per_floor":[73,73,73,73,73,69,69,63,63,63,63,63,63,63,63,42,80,77,77,62,62,62,62,54,54,54,35,38,42,67,49,74,47,85,85,72,72,82,84,84,85,85,85,85,85,85,85,85,85,85],"gold":141,"neow_bonus":"BOSS_RELIC","is_prod":false,"is_daily":false,"chose_seed":false,"campfire_upgraded":6,"win_rate":0,"timestamp":1543482825,"path_taken":["M","M","?","M","?","E","M","E","T","R","?","M","E","M","R","BOSS","M","$","?","?","?","E","M","R","T","M","M","M","R","E","R","BOSS","M","M","$","M","M","R","E","?","T","R","M","M","E","M","R","BOSS"],"build_version":"2018-11-15","purchased_purges":1,"victory":true,"max_hp_per_floor":[75,75,75,75,75,75,75,75,75,75,75,75,75,75,75,75,80,80,80,85,85,85,85,85,85,85,85,85,85,85,85,85,85,85,85,85,85,85,85,85,85,85,85,85,85,85,85,85,85,85],"card_choices":[{"not_picked":[],"picked":"Conserve Battery","floor":1},{"not_picked":[],"picked":"White Noise","floor":2},{"not_picked":["FTL"],"picked":"SKIP","floor":4},{"not_picked":[],"picked":"Melter","floor":5},{"not_picked":[],"picked":"Genetic Algorithm","floor":6},{"not_picked":[],"picked":"Streamline","floor":7},{"not_picked":[],"picked":"Defragment","floor":8},{"not_picked":["Sweeping Beam"],"picked":"SKIP","floor":12},{"not_picked":[],"picked":"Hologram","floor":13},{"not_picked":[],"picked":"Barrage","floor":14},{"not_picked":[],"picked":"Biased Cognition","floor":16},{"not_picked":[],"picked":"Hologram","floor":17},{"not_picked":[],"picked":"Steam","floor":18},{"not_picked":[],"picked":"Cold Snap","floor":23},{"not_picked":[],"picked":"Ball Lightning","floor":24},{"not_picked":[],"picked":"Leap+1","floor":27},{"not_picked":["Fission+1"],"picked":"SKIP","floor":28},{"not_picked":[],"picked":"Ball Lightning+1","floor":29},{"not_picked":[],"picked":"Compile Driver","floor":31},{"not_picked":[],"picked":"Double Energy+1","floor":35},{"not_picked":[],"picked":"Ball Lightning+1","floor":36},{"not_picked":[],"picked":"Conserve Battery+1","floor":38},{"not_picked":[],"picked":"Force Field+1","floor":39},{"not_picked":["Gash+1"],"picked":"SKIP","floor":41},{"not_picked":[],"picked":"Force Field+1","floor":45},{"not_picked":[],"picked":"Fusion+1","floor":46},{"not_picked":[],"picked":"Electrodynamics","floor":47},{"not_picked":["Turbo+1"],"picked":"SKIP","floor":48}],"player_experience":129193,"relics_obtained":[{"floor":6,"key":"Letter Opener"},{"floor":8,"key":"Dodecahedron"},{"floor":9,"key":"Mercury Hourglass"},{"floor":13,"key":"Mummified Hand"},{"floor":21,"key":"Toxic Egg 2"},{"floor":23,"key":"Art of War"},{"floor":26,"key":"Bird Faced Urn"},{"floor":31,"key":"Sundial"},{"floor":41,"key":"Omamori"},{"floor":43,"key":"Cables"},{"floor":47,"key":"Anchor"}],"event_choices":[{"damage_healed":0,"gold_gain":0,"player_choice":"1 cards matched","damage_taken":0,"max_hp_gain":0,"max_hp_loss":0,"event_name":"Match and Keep!","floor":3,"gold_loss":0,"cards_obtained":["Glacier"]},{"cards_removed":["Defend_B"],"damage_healed":0,"gold_gain":0,"player_choice":"Card Removal","damage_taken":0,"max_hp_gain":0,"max_hp_loss":0,"event_name":"The Cleric","floor":11,"gold_loss":50},{"damage_healed":0,"gold_gain":0,"player_choice":"Shed Blood","damage_taken":20,"max_hp_gain":5,"max_hp_loss":0,"event_name":"Forgotten Altar","floor":20,"gold_loss":0},{"damage_healed":0,"gold_gain":0,"cards_transformed":["Strike_B","Defend_B"],"player_choice":"Became Test Subject","damage_taken":0,"max_hp_gain":0,"max_hp_loss":0,"event_name":"Drug Dealer","floor":22,"gold_loss":0,"cards_obtained":["White Noise","Seek"]},{"damage_healed":0,"gold_gain":0,"player_choice":"Paid","damage_taken":0,"relics_obtained":["Red Mask"],"max_hp_gain":0,"max_hp_loss":0,"event_name":"Tomb of Lord Red Mask","floor":42,"gold_loss":158}],"is_beta":false,"boss_relics":[{"not_picked":["Sozu","Snecko Eye"],"picked":"Tiny House"},{"not_picked":["White Beast Statue","Cursed Key"],"picked":"Runic Pyramid"}],"items_purged_floors":[37],"is_endless":false,"potions_floor_spawned":[4,6,7,12,14,16,18,24,27,29,35,45,47,48],"ascension_level":3}