{"gold_per_floor":[114,126,192,217,230,230,246,266,266,266,298,316,346,346,346,442,442,456,546,72,92,107,107,22,49,101,112,12,90,108,73,73,73],"floor_reached":33,"playtime":852,"items_purged":["Strike_R","Decay"],"score":267,"play_id":"d5f6a4cb-829e-4e0e-b73c-821885481b45","local_time":"20190723075647","is_ascension_mode":false,"campfire_choices":[{"data":"Clothesline","floor":6,"key":"SMITH"},{"data":"Metallicize","floor":10,"key":"SMITH"},{"data":"Perfected Strike","floor":15,"key":"SMITH"},{"data":"Bash","floor":23,"key":"SMITH"},{"data":"Metallicize","floor":32,"key":"SMITH"}],"neow_cost":"NONE","seed_source_timestamp":156760520700202,"circlet_count":0,"master_deck":["Strike_R","Strike_R","Strike_R","Strike_R","Defend_R","Defend_R","Defend_R","Defend_R","Bash+1","Clothesline+1","Sword Boomerang","Perfected Strike+1","Iron Wave","Metallicize+1","Metallicize+1","Bludgeon","Sword Boomerang+1","Dropkick+1","Decay","Reaper","Battle Trance"],"relics":["Burning Blood","NeowsBlessing","Happy Flower","Unceasing Top","Letter Opener","Cursed Key","Kunai","Blood Vial","Darkstone Periapt","StoneCalendar","Centennial Puzzle","Shuriken"],"potions_floor_usage":[2,7,8,11,12,16,16,22,25,25],"damage_taken":[{"damage":0,"enemies":"Jaw Worm","floor":1,"turns":1},{"damage":0,"enemies":"Small Slimes","floor":2,"turns":1},{"damage":0,"enemies":"2 Louse","floor":5,"turns":1},{"damage":9,"enemies":"Blue Slaver","floor":7,"turns":2},{"damage":15,"enemies":"Lots of Slimes","floor":8,"turns":3},{"damage":32,"enemies":"3 Sentries","floor":11,"turns":6},{"damage":33,"enemies":"Gremlin Gang","floor":12,"turns":5},{"damage":10,"enemies":"Hexaghost","floor":16,"turns":11},{"damage":3,"enemies":"Shell Parasite","floor":18,"turns":5},{"damage":1,"enemies":"3 Byrds","floor":21,"turns":6},{"damage":0,"enemies":"Snecko","floor":22,"turns":3},{"damage":28,"enemies":"Slavers","floor":25,"turns":5},{"damage":2,"enemies":"Snake Plant","floor":27,"turns":2},{"damage":13,"enemies":"Sentry and Sphere","floor":30,"turns":5},{"damage":104,"enemies":"Collector","floor":33,"turns":6}],"seed_played":"760858941934693003","potions_obtained":[{"floor":1,"key":"EntropicBrew"},{"floor":7,"key":"SpeedPotion"},{"floor":11,"key":"SkillPotion"},{"floor":12,"key":"GamblersBrew"},{"floor":18,"key":"Poison Potion"},{"floor":21,"key":"SteroidPotion"},{"floor":22,"key":"Strength Potion"}],"is_trial":false,"path_per_floor":["M","M","?","T","M","R","M","M","T","R","E","M","?","?","R","B",null,"M","?","$","M","M","R","?","E","T","M","$","T","M","$","R","B"],"character_chosen":"IRONCLAD","items_purchased":["Kunai","Blood Vial","Battle Trance"],"campfire_rested":0,"item_purchase_floors":[20,20,31],"current_hp_per_floor":[80,80,80,80,80,80,77,68,68,68,42,15,15,15,15,11,80,80,64,64,71,79,79,79,58,64,70,70,76,71,71,71,0],"gold":73,"neow_bonus":"THREE_ENEMY_KILL","is_prod":false,"is_daily":false,"chose_seed":false,"campfire_upgraded":5,"win_rate":0,"timestamp":1563893807,"path_taken":["M","M","?","?","M","R","M","M","T","R","E","M","?","?","R","BOSS","M","?","$","?","?","R","?","E","T","M","$","?","M","$","R","BOSS"],"build_version":"2019-07-17","purchased_purges":2,"victory":false,"max_hp_per_floor":[80,80,80,80,80,80,80,80,80,80,80,80,80,80,80,80,80,80,80,80,80,80,80,80,80,86,86,86,92,92,92,92,92],"card_choices":[{"not_picked":["Rampage","Shrug It Off"],"picked":"Clothesline","floor":1},{"not_picked":["Body Slam","Sentinel"],"picked":"Sword Boomerang","floor":2},{"not_picked":["Havoc","Thunderclap"],"picked":"Perfected Strike","floor":5},{"not_picked":["Sentinel","Havoc"],"picked":"Iron Wave","floor":7},{"not_picked":["Clash","Pummel"],"picked":"Metallicize","floor":8},{"not_picked":["Headbutt","Body Slam","Havoc"],"picked":"SKIP","floor":11},{"not_picked":["Reckless Charge","Uppercut"],"picked":"Metallicize","floor":12},{"not_picked":["Feed","Berserk"],"picked":"Bludgeon","floor":16},{"not_picked":["Clash","Cleave"],"picked":"Sword Boomerang+1","floor":18},{"not_picked":["Searing Blow","Hemokinesis","Anger+1"],"picked":"SKIP","floor":21},{"not_picked":["Clash+1","Body Slam+1"],"picked":"Dropkick+1","floor":22},{"not_picked":["Heavy Blade+1","Spot Weakness","Cleave"],"picked":"SKIP","floor":25},{"not_picked":["Anger","Second Wind+1","True Grit+1"],"picked":"SKIP","floor":27},{"not_picked":["Clothesline+1","Thunderclap+1"],"picked":"Reaper","floor":30}],"player_experience":1090219,"relics_obtained":[{"floor":4,"key":"Happy Flower"},{"floor":9,"key":"Unceasing Top"},{"floor":11,"key":"Letter Opener"},{"floor":25,"key":"StoneCalendar"},{"floor":26,"key":"Centennial Puzzle"},{"floor":29,"key":"Shuriken"}],"event_choices":[{"damage_healed":0,"gold_gain":66,"player_choice":"Gained Gold","damage_taken":0,"max_hp_gain":0,"max_hp_loss":0,"event_name":"Golden Wing","floor":3,"gold_loss":0},{"damage_healed":0,"gold_gain":30,"player_choice":"Searched \u00271\u0027 times","damage_taken":0,"max_hp_gain":0,"max_hp_loss":0,"event_name":"Dead Adventurer","floor":13,"gold_loss":0},{"damage_healed":0,"gold_gain":0,"player_choice":"Ignored","damage_taken":0,"max_hp_gain":0,"max_hp_loss":0,"event_name":"Shining Light","floor":14,"gold_loss":0},{"damage_healed":0,"gold_gain":90,"player_choice":"GOLD ","damage_taken":16,"max_hp_gain":0,"max_hp_loss":0,"event_name":"Knowing Skull","floor":19,"potions_obtained":[],"gold_loss":0,"cards_obtained":[]},{"damage_healed":0,"gold_gain":0,"player_choice":"Obtained Relic","damage_taken":0,"relics_obtained":["Darkstone Periapt"],"max_hp_gain":0,"max_hp_loss":0,"event_name":"Addict","floor":24,"gold_loss":85}],"is_beta":false,"boss_relics":[{"not_picked":["Astrolabe","Coffee Dripper"],"picked":"Cursed Key"}],"items_purged_floors":[20,28],"is_endless":false,"potions_floor_spawned":[1,7,11,12,18,21,22],"killed_by":"Collector","ascension_level":0}