{"gold_per_floor":[110,285,299,319,319,319,355,355,355,371,341,341,355,378,378,503,503,528,544,544,132,156,156,177,177,177,177,177,177,200,221,221,344,344,360,375,391,406,424,424,424,424,424,424,128,128,144,168,168,168],"floor_reached":51,"playtime":8242,"items_purged":["Doubt","Writhe"],"score":753,"play_id":"e6cef350-c5e8-4aa3-a452-78d9e7920c7e","local_time":"20190701225942","is_ascension_mode":false,"campfire_choices":[{"floor":6.0,"key":"REST"},{"floor":8.0,"key":"REST"},{"floor":15.0,"key":"REST"},{"floor":23,"key":"REST"},{"floor":25,"key":"REST"},{"floor":29,"key":"REST"},{"data":"Armaments","floor":32,"key":"SMITH"},{"floor":41,"key":"REST"},{"floor":44,"key":"REST"},{"data":"Double Tap","floor":46,"key":"SMITH"},{"data":"Limit Break","floor":49,"key":"SMITH"}],"neow_cost":"NONE","seed_source_timestamp":0,"circlet_count":0,"master_deck":["Strike_R+1","Strike_R+1","Strike_R+1","Strike_R+1","Strike_R+1","Defend_R+1","Defend_R+1","Defend_R+1","Defend_R+1","Bash","Power Through","Headbutt","Heavy Blade","Impervious","Fire Breathing","Rampage","Clothesline","Armaments+1","Feed","Anger+1","Flex","Pommel Strike+1","Dropkick","Double Tap+1","Uppercut+1","Limit Break+1","Ghostly Armor+1","Dual Wield+1","Perfected Strike","Hemokinesis+1","Flame Barrier"],"special_seed":0,"relics":["Burning Blood","Golden Idol","Shuriken","Ice Cream","Mark of Pain","Pantograph","Mercury Hourglass","Pear","Nunchaku","Lizard Tail","GremlinMask","Mummified Hand","Red Skull"],"potions_floor_usage":[16,37,39,50,50,50],"damage_taken":[{"damage":10.0,"enemies":"Jaw Worm","floor":1.0,"turns":4.0},{"damage":0.0,"enemies":"2 Louse","floor":3.0,"turns":2.0},{"damage":15.0,"enemies":"Small Slimes","floor":4.0,"turns":4.0},{"damage":44.0,"enemies":"Gremlin Nob","floor":7.0,"turns":6.0},{"damage":10.0,"enemies":"Exordium Thugs","floor":10.0,"turns":5.0},{"damage":5.0,"enemies":"Looter","floor":11.0,"turns":4.0},{"damage":21.0,"enemies":"Lots of Slimes","floor":13.0,"turns":5.0},{"damage":15.0,"enemies":"2 Fungi Beasts","floor":14.0,"turns":4.0},{"damage":63,"enemies":"Slime Boss","floor":16,"turns":12},{"damage":25,"enemies":"Spheric Guardian","floor":18,"turns":4},{"damage":26,"enemies":"Shell Parasite","floor":19,"turns":5},{"damage":30,"enemies":"Centurion and Healer","floor":22,"turns":8},{"damage":15,"enemies":"Snake Plant","floor":24,"turns":4},{"damage":18,"enemies":"Shelled Parasite and Fungi","floor":30,"turns":5},{"damage":7,"enemies":"Snecko","floor":31,"turns":5},{"damage":46,"enemies":"Collector","floor":33,"turns":9},{"damage":24,"enemies":"3 Shapes","floor":35,"turns":4},{"damage":6,"enemies":"Orb Walker","floor":36,"turns":2},{"damage":37,"enemies":"Sphere and 2 Shapes","floor":37,"turns":4},{"damage":38,"enemies":"3 Darklings","floor":38,"turns":5},{"damage":20,"enemies":"Transient","floor":39,"turns":5},{"damage":27,"enemies":"4 Shapes","floor":47,"turns":4},{"damage":27,"enemies":"Maw","floor":48,"turns":8},{"damage":146,"enemies":"Awakened One","floor":50,"turns":13}],"seed_played":"-697017573519469635","potions_obtained":[{"floor":1.0,"key":"PowerPotion"},{"floor":13.0,"key":"Energy Potion"},{"floor":14.0,"key":"Explosive Potion"},{"floor":22,"key":"Strength Potion"},{"floor":30,"key":"Block Potion"},{"floor":39,"key":"Poison Potion"}],"is_trial":false,"path_per_floor":["M","?","M","M","?","R","E","R","T","M","M","?","M","M","R","B",null,"M","M","?","$","M","R","M","R","T","T","?","R","M","M","R","B",null,"M","M","M","M","M","?","R","?","T","R","$","R","M","M","R","B",null],"character_chosen":"IRONCLAD","items_purchased":["BloodPotion","Pantograph","Red Skull","Dexterity Potion"],"campfire_rested":8,"item_purchase_floors":[21,21,45,45],"current_hp_per_floor":[84,84,88,79,57,83,45,71,71,67,68,68,53,44,70,13,88,69,49,49,49,28,55,46,73,73,83,83,101,89,88,88,61,101,83,83,60,28,14,41,73,73,73,105,105,105,88,67,67,40],"gold":168,"neow_bonus":"TEN_PERCENT_HP_BONUS","is_prod":false,"is_daily":false,"chose_seed":false,"campfire_upgraded":3,"win_rate":0.0,"timestamp":1562036382,"path_taken":["M","?","M","M","?","R","E","R","T","M","M","?","M","M","R","BOSS","M","M","?","$","M","R","M","R","T","?","?","R","M","?","R","BOSS","M","M","M","M","?","?","R","?","T","R","$","R","M","?","R","BOSS"],"build_version":"2019-07-01","purchased_purges":2,"victory":true,"max_hp_per_floor":[88,88,88,88,88,88,88,88,88,88,88,88,88,88,88,88,88,88,88,88,88,91,91,91,91,91,101,101,101,101,101,101,101,101,101,101,109,109,109,109,109,109,109,109,109,109,113,113,113,113],"card_choices":[{"not_picked":["Armaments","Perfected Strike"],"picked":"Power Through","floor":1.0},{"not_picked":["Clothesline","Sword Boomerang"],"picked":"Headbutt","floor":3.0},{"not_picked":["Warcry","Perfected Strike"],"picked":"Heavy Blade","floor":4.0},{"not_picked":["Flex","Sever Soul"],"picked":"Impervious","floor":7.0},{"not_picked":["Clash","Flex"],"picked":"Fire Breathing","floor":10.0},{"not_picked":["Warcry","Flex"],"picked":"Rampage","floor":11.0},{"not_picked":["Impervious","Twin Strike"],"picked":"Clothesline","floor":13.0},{"not_picked":["Rampage","Cleave"],"picked":"Armaments","floor":14.0},{"not_picked":["Juggernaut","Impervious"],"picked":"Feed","floor":16},{"not_picked":["Iron Wave","Shrug It Off"],"picked":"Anger+1","floor":18},{"not_picked":["Entrench","Rupture"],"picked":"Flex","floor":19},{"not_picked":["Burning Pact","Headbutt"],"picked":"Pommel Strike+1","floor":22},{"not_picked":["Thunderclap","Flex"],"picked":"Dropkick","floor":24},{"not_picked":["Searing Blow","Dual Wield"],"picked":"Double Tap","floor":30},{"not_picked":["Warcry+1","Clothesline"],"picked":"Uppercut+1","floor":31},{"not_picked":["Brutality","Impervious"],"picked":"Limit Break","floor":33},{"not_picked":["Headbutt","Spot Weakness"],"picked":"Ghostly Armor+1","floor":35},{"not_picked":["Rupture+1","Body Slam"],"picked":"Dual Wield+1","floor":36},{"not_picked":["Sever Soul+1","Metallicize"],"picked":"Perfected Strike","floor":37},{"not_picked":["Body Slam","Power Through","Spot Weakness+1"],"picked":"SKIP","floor":38},{"not_picked":["Combust","True Grit+1"],"picked":"Hemokinesis+1","floor":39},{"not_picked":["Iron Wave","Heavy Blade"],"picked":"Flame Barrier","floor":47},{"not_picked":["Twin Strike","Shrug It Off","Armaments"],"picked":"SKIP","floor":48}],"player_experience":32974,"relics_obtained":[{"floor":7.0,"key":"Shuriken"},{"floor":9.0,"key":"Ice Cream"},{"floor":26,"key":"Mercury Hourglass"},{"floor":27,"key":"Pear"},{"floor":43,"key":"Mummified Hand"}],"event_choices":[{"damage_healed":0.0,"max_hp_gain":0.0,"max_hp_loss":0.0,"gold_gain":175.0,"event_name":"Liars Game","player_choice":"AGREE","floor":2.0,"gold_loss":0.0,"damage_taken":0.0,"cards_obtained":["Doubt"]},{"damage_healed":0.0,"max_hp_gain":0.0,"max_hp_loss":0.0,"gold_gain":0.0,"event_name":"Golden Idol","player_choice":"Take Damage","floor":5.0,"gold_loss":0.0,"damage_taken":22.0,"relics_obtained":["Golden Idol"]},{"damage_healed":0.0,"max_hp_gain":0.0,"max_hp_loss":0.0,"gold_gain":0.0,"event_name":"Shining Light","player_choice":"Ignored","floor":12.0,"gold_loss":0.0,"damage_taken":0.0},{"damage_healed":0,"gold_gain":0,"player_choice":"Simplicity","damage_taken":0,"max_hp_gain":0,"max_hp_loss":0,"event_name":"Back to Basics","floor":20,"gold_loss":0,"cards_upgraded":["Strike_R","Strike_R","Strike_R","Strike_R","Strike_R","Defend_R","Defend_R","Defend_R","Defend_R"]},{"damage_healed":0,"gold_gain":0,"player_choice":"Gave Potion","damage_taken":0,"relics_obtained":["Nunchaku"],"max_hp_gain":0,"max_hp_loss":0,"event_name":"WeMeetAgain","floor":28,"gold_loss":0},{"damage_healed":27,"gold_gain":0,"player_choice":"Writhe","damage_taken":0,"max_hp_gain":0,"max_hp_loss":0,"event_name":"Winding Halls","floor":40,"gold_loss":0,"cards_obtained":["Writhe"]},{"damage_healed":0,"gold_gain":0,"player_choice":"Trade","damage_taken":0,"relics_obtained":["GremlinMask"],"max_hp_gain":0,"max_hp_loss":0,"event_name":"FaceTrader","floor":42,"gold_loss":0}],"is_beta":false,"boss_relics":[{"not_picked":["Eternal Feather","Empty Cage"],"picked":"Mark of Pain"},{"not_picked":["Black Star","Runic Cube"],"picked":"Lizard Tail"}],"items_purged_floors":[21,45],"is_endless":false,"potions_floor_spawned":[1,13,14,22,24,30,35,36,39],"ascension_level":0}