{"gold_per_floor":[17,17,27,27,0,0,40,40,64,64,79,1,45,45,45,141,141,160,160,85,104,120,120,143,143,167,167,190,214,214,238,238,337,337,355,255,255,255,274,274,288,288,288,288,413,413,413,74,74,74],"floor_reached":51,"playtime":5249,"items_purged":["Shame","Strike_B"],"score":1221,"play_id":"97050e96-e18d-471f-aa33-38953911a2b8","local_time":"20190407084336","is_ascension_mode":true,"campfire_choices":[{"data":"Defragment","floor":6.0,"key":"SMITH"},{"data":"Static Discharge","floor":8.0,"key":"SMITH"},{"floor":10.0,"key":"REST"},{"data":"Lockon","floor":15.0,"key":"SMITH"},{"data":"Buffer","floor":23,"key":"SMITH"},{"data":"Seek","floor":25,"key":"SMITH"},{"data":"Biased Cognition","floor":30,"key":"SMITH"},{"data":"Defragment","floor":32,"key":"SMITH"},{"data":"Blizzard","floor":40,"key":"SMITH"},{"data":"Core Surge","floor":42,"key":"SMITH"},{"data":"Electrodynamics","floor":46,"key":"SMITH"},{"data":"Storm","floor":49,"key":"SMITH"}],"neow_cost":"NO_GOLD","seed_source_timestamp":0,"circlet_count":0,"master_deck":["AscendersBane","Defend_B","Defend_B","Zap+1","Dualcast+1","Lockon+1","Compile Driver","Defragment+1","Cold Snap","Static Discharge+1","Genetic Algorithm","Buffer+1","Biased Cognition+1","Electrodynamics+1","Coolheaded+1","Glacier","Seek+1","Multi-Cast","Blizzard+1","Defragment+1","Core Surge+1","Blind","PanicButton","Storm+1"],"special_seed":0,"relics":["Cracked Core","Golden Idol","Pocketwatch","Anchor","Juzu Bracelet","Blue Candle","Eternal Feather","War Paint","Vajra","Sozu","Regal Pillow","Gremlin Horn","Gambling Chip","Dodecahedron"],"potions_floor_usage":[22,33,41],"damage_taken":[{"damage":5.0,"enemies":"Small Slimes","floor":1.0,"turns":2.0},{"damage":1.0,"enemies":"Cultist","floor":3.0,"turns":3.0},{"damage":31.0,"enemies":"Gremlin Nob","floor":7.0,"turns":4.0},{"damage":0.0,"enemies":"Jaw Worm","floor":11.0,"turns":3.0},{"damage":0.0,"enemies":"Lagavulin","floor":13.0,"turns":6.0},{"damage":16.0,"enemies":"Slime Boss","floor":16.0,"turns":7.0},{"damage":5.0,"enemies":"Spheric Guardian","floor":18.0,"turns":4.0},{"damage":14.0,"enemies":"Shell Parasite","floor":21.0,"turns":2.0},{"damage":1,"enemies":"3 Cultists","floor":22,"turns":3},{"damage":0,"enemies":"Centurion and Healer","floor":24,"turns":6},{"damage":9,"enemies":"Snake Plant","floor":28,"turns":3},{"damage":12,"enemies":"3 Cultists","floor":29,"turns":3},{"damage":5,"enemies":"Sentry and Sphere","floor":31,"turns":3},{"damage":10,"enemies":"Collector","floor":33,"turns":9},{"damage":19,"enemies":"Orb Walker","floor":35,"turns":3},{"damage":0,"enemies":"3 Shapes","floor":39,"turns":3},{"damage":0,"enemies":"Transient","floor":41,"turns":6},{"damage":0,"enemies":"Mind Bloom Boss Battle","floor":45,"turns":7},{"damage":15,"enemies":"Time Eater","floor":50,"turns":10}],"seed_played":"8217097048178286994","potions_obtained":[{"floor":7.0,"key":"Block Potion"},{"floor":11.0,"key":"PowerPotion"},{"floor":21,"key":"Fire Potion"},{"floor":31,"key":"Poison Potion"},{"floor":33,"key":"FearPotion"}],"is_trial":false,"path_per_floor":["M","?","M","?","?","R","E","R","T","R","M","$","E","T","R","B",null,"M","?","$","M","M","R","M","R","T","?","M","M","R","M","R","B",null,"M","$","?","?","M","R","M","R","T","T","?","R","?","$","R","B",null],"character_chosen":"DEFECT","items_purchased":["Buffer","Dodecahedron","Storm"],"campfire_rested":1,"item_purchase_floors":[12,48,48],"current_hp_per_floor":[59,59,58,58,58,58,27,27,27,46,46,46,46,46,46,30,56,51,51,51,37,36,45,45,57,57,57,48,36,48,43,55,45,59,40,40,40,40,40,52,52,64,64,64,64,64,54,54,64,49],"gold":74,"neow_bonus":"TRANSFORM_TWO_CARDS","is_prod":false,"is_daily":false,"chose_seed":false,"campfire_upgraded":11,"win_rate":0,"timestamp":1554651816,"path_taken":["M","?","?","?","?","R","E","R","T","R","?","$","E","?","R","BOSS","M","?","$","M","M","R","M","R","T","?","M","M","R","M","R","BOSS","M","$","?","?","M","R","M","R","T","?","?","R","?","$","R","BOSS"],"build_version":"2019-01-23","purchased_purges":2,"victory":true,"max_hp_per_floor":[71,71,71,64,64,64,64,64,64,64,64,64,64,64,64,64,64,64,64,64,64,64,64,64,64,64,64,64,64,64,64,64,64,64,64,64,64,64,64,64,64,64,64,64,64,64,64,64,64,64],"card_choices":[{"not_picked":["Cold Snap","Hello World"],"picked":"Defragment","floor":1.0},{"not_picked":["Steam","Stack"],"picked":"Cold Snap","floor":3.0},{"not_picked":["Steam","Gash"],"picked":"Static Discharge","floor":7.0},{"not_picked":["Blizzard","Turbo"],"picked":"Genetic Algorithm","floor":11.0},{"not_picked":["Conserve Battery","Lockon"],"picked":"Biased Cognition","floor":13.0},{"not_picked":["Echo Form","Creative AI"],"picked":"Electrodynamics","floor":16.0},{"not_picked":["Ball Lightning","FTL+1"],"picked":"Coolheaded+1","floor":18.0},{"not_picked":["Sweeping Beam+1","Scrape"],"picked":"Glacier","floor":21},{"not_picked":["Tempest","Reinforced Body","Coolheaded"],"picked":"SKIP","floor":22},{"not_picked":["Steam","Redo"],"picked":"Seek","floor":24},{"not_picked":["Go for the Eyes","Steam","Chaos"],"picked":"SKIP","floor":28},{"not_picked":["Go for the Eyes","Steam","Chaos"],"picked":"SKIP","floor":28},{"not_picked":["Streamline+1","Consume+1"],"picked":"Leap","floor":29},{"not_picked":["Stack+1","Turbo"],"picked":"Defragment","floor":31},{"not_picked":["Thunder Strike","Creative AI"],"picked":"Core Surge","floor":33},{"not_picked":["Sweeping Beam","Double Energy","Recycle"],"picked":"SKIP","floor":35},{"not_picked":["Sunder","FTL+1","Barrage"],"picked":"SKIP","floor":39},{"not_picked":["Sunder","FTL+1","Barrage"],"picked":"SKIP","floor":39},{"not_picked":["Steam","Conserve Battery","Streamline"],"picked":"SKIP","floor":41},{"not_picked":["HandOfGreed","Finesse"],"picked":"Blind","floor":47},{"not_picked":["Deep Breath","Trip"],"picked":"PanicButton","floor":47}],"player_experience":841039,"relics_obtained":[{"floor":7.0,"key":"Pocketwatch"},{"floor":9.0,"key":"Anchor"},{"floor":13.0,"key":"Juzu Bracelet"},{"floor":14.0,"key":"Blue Candle"},{"floor":26,"key":"Vajra"},{"floor":43,"key":"Regal Pillow"},{"floor":44,"key":"Gremlin Horn"},{"floor":45,"key":"Gambling Chip"}],"event_choices":[{"cards_removed":["Strike_B"],"damage_healed":0.0,"max_hp_gain":0.0,"max_hp_loss":0.0,"gold_gain":0.0,"event_name":"Bonfire Elementals","player_choice":"Offered Basic","floor":2.0,"gold_loss":0.0,"damage_taken":0.0},{"damage_healed":0.0,"max_hp_gain":0.0,"max_hp_loss":7.0,"gold_gain":0.0,"event_name":"Golden Idol","player_choice":"Lose Max HP","floor":4.0,"gold_loss":0.0,"damage_taken":0.0,"relics_obtained":["Golden Idol"]},{"damage_healed":0.0,"max_hp_gain":0.0,"max_hp_loss":0.0,"gold_gain":0.0,"event_name":"World of Goop","player_choice":"Left Gold","floor":5.0,"gold_loss":27.0,"damage_taken":0.0},{"damage_healed":0.0,"max_hp_gain":0.0,"max_hp_loss":0.0,"gold_gain":0.0,"event_name":"Addict","player_choice":"Stole Relic","floor":19.0,"gold_loss":0.0,"damage_taken":0.0,"relics_obtained":["War Paint"],"cards_obtained":["Shame"]},{"damage_healed":0,"gold_gain":0,"cards_transformed":["Strike_B","Defend_B"],"player_choice":"Became Test Subject","damage_taken":0,"max_hp_gain":0,"max_hp_loss":0,"event_name":"Drug Dealer","floor":27,"gold_loss":0,"cards_obtained":["Multi-Cast","Blizzard"]},{"damage_healed":0,"gold_gain":0,"player_choice":"Ignored","damage_taken":0,"max_hp_gain":0,"max_hp_loss":0,"event_name":"Tomb of Lord Red Mask","floor":37,"gold_loss":0},{"cards_removed":["Leap"],"damage_healed":0,"gold_gain":0,"player_choice":"Removed Skill","damage_taken":0,"max_hp_gain":0,"max_hp_loss":0,"event_name":"Falling","floor":38,"gold_loss":0},{"damage_healed":0,"gold_gain":0,"player_choice":"Fight","damage_taken":0,"max_hp_gain":0,"max_hp_loss":0,"event_name":"MindBloom","floor":45,"gold_loss":0},{"damage_healed":0,"gold_gain":0,"player_choice":"Memory 3","damage_taken":10,"max_hp_gain":0,"max_hp_loss":0,"event_name":"SensoryStone","floor":47,"gold_loss":0}],"is_beta":false,"boss_relics":[{"not_picked":["Runic Pyramid","Tiny House"],"picked":"Eternal Feather"},{"not_picked":["Nuclear Battery","Empty Cage"],"picked":"Sozu"}],"items_purged_floors":[20,36],"is_endless":false,"potions_floor_spawned":[7,11,21,31,33,35],"ascension_level":19}