{"gold_per_floor":[117,42,58,75,95,95,106,106,106,126,145,164,164,11,11,109,109,128,145,145,159,159],"floor_reached":22,"playtime":895,"items_purged":["Strike_B"],"score":273,"play_id":"d29a3663-3cd2-43cf-9b98-be53c195900c","local_time":"20190914200425","is_ascension_mode":true,"campfire_choices":[{"data":"Zap","floor":6,"key":"SMITH"},{"data":"Dualcast","floor":8,"key":"SMITH"},{"floor":15,"key":"REST"}],"neow_cost":"NONE","seed_source_timestamp":208413672469500,"circlet_count":0,"master_deck":["AscendersBane","Strike_B","Strike_B","Strike_B","Defend_B","Defend_B","Defend_B","Defend_B","Zap+1","Dualcast+1","Go for the Eyes","Self Repair","Loop","Cold Snap","Melter","Buffer+1","Steam","Biased Cognition","Streamline","Force Field"],"special_seed":0,"relics":["Cracked Core","Boot","Membership Card","Snecko Eye"],"potions_floor_usage":[4,5],"damage_taken":[{"damage":1.0,"enemies":"Cultist","floor":1.0,"turns":3.0},{"damage":0.0,"enemies":"Small Slimes","floor":3.0,"turns":3.0},{"damage":4,"enemies":"Jaw Worm","floor":4,"turns":2},{"damage":13,"enemies":"Large Slime","floor":5,"turns":6},{"damage":25,"enemies":"Exordium Thugs","floor":7,"turns":5},{"damage":8,"enemies":"Blue Slaver","floor":10,"turns":3},{"damage":9,"enemies":"Looter","floor":11,"turns":3},{"damage":28,"enemies":"Exordium Thugs","floor":12,"turns":4},{"damage":18,"enemies":"Slime Boss","floor":16,"turns":14},{"damage":19,"enemies":"Chosen","floor":18,"turns":7},{"damage":0,"enemies":"Spheric Guardian","floor":19,"turns":3},{"damage":21,"enemies":"3 Cultists","floor":21,"turns":8},{"damage":0,"enemies":"Centurion and Healer","floor":22,"turns":1}],"seed_played":"2773976644674839216","potions_obtained":[{"floor":0.0,"key":"SkillPotion"},{"floor":0.0,"key":"LiquidBronze"},{"floor":0.0,"key":"AttackPotion"},{"floor":10,"key":"Weak Potion"},{"floor":11,"key":"FearPotion"},{"floor":19,"key":"FocusPotion"}],"is_trial":false,"path_per_floor":["M","$","M","M","M","R","M","R","T","M","M","M","?","$","R","B",null,"M","M","?","M","M"],"character_chosen":"DEFECT","items_purchased":["Membership Card"],"campfire_rested":1,"item_purchase_floors":[14],"current_hp_per_floor":[67,67,67,70,71,71,46,46,46,45,43,22,22,22,44,33,65,53,60,60,46,46],"gold":159,"neow_bonus":"THREE_SMALL_POTIONS","is_prod":false,"is_daily":false,"chose_seed":false,"campfire_upgraded":2,"win_rate":0,"timestamp":1568459065,"path_taken":["M","$","?","M","M","R","M","R","T","M","M","M","?","?","R","BOSS","M","M","?","?","M"],"build_version":"2019-09-12","purchased_purges":1,"victory":false,"max_hp_per_floor":[75,75,75,75,75,75,75,75,75,75,75,75,75,75,75,75,75,75,75,75,75,75],"card_choices":[{"not_picked":["Reprogram","Steam"],"picked":"Go for the Eyes","floor":1.0},{"not_picked":["Turbo","Go for the Eyes"],"picked":"Self Repair","floor":3.0},{"not_picked":["Sweeping Beam","Self Repair"],"picked":"Loop","floor":4},{"not_picked":["Sweeping Beam","Gash"],"picked":"Cold Snap","floor":5},{"not_picked":["Capacitor","Steam","Undo"],"picked":"SKIP","floor":7},{"not_picked":["Darkness","Redo"],"picked":"Melter","floor":10},{"not_picked":["Coolheaded","Rip and Tear"],"picked":"Buffer","floor":11},{"not_picked":["Steam","Barrage","Rip and Tear"],"picked":"SKIP","floor":12},{"not_picked":["Barrage","Rip and Tear"],"picked":"Steam","floor":12},{"not_picked":["Amplify","Rainbow"],"picked":"Biased Cognition","floor":16},{"not_picked":["Coolheaded","Gash"],"picked":"Streamline","floor":18},{"not_picked":["Chaos","Cold Snap","Hologram"],"picked":"SKIP","floor":19},{"not_picked":["Ball Lightning","Reprogram"],"picked":"Force Field","floor":21}],"player_experience":442719,"relics_obtained":[{"floor":9,"key":"Boot"}],"event_choices":[{"damage_healed":0,"gold_gain":0,"player_choice":"Forge","damage_taken":0,"max_hp_gain":0,"max_hp_loss":0,"event_name":"Accursed Blacksmith","floor":13,"gold_loss":0,"cards_upgraded":["Buffer"]},{"damage_healed":0,"gold_gain":0,"player_choice":"Bought 0 Potions","damage_taken":0,"max_hp_gain":0,"max_hp_loss":0,"event_name":"The Woman in Blue","floor":20,"gold_loss":0}],"is_beta":true,"boss_relics":[{"not_picked":["Busted Crown","Sozu"],"picked":"Snecko Eye"}],"items_purged_floors":[2],"is_endless":false,"potions_floor_spawned":[3,10,11,16,18,19],"killed_by":"Centurion and Healer","ascension_level":10}