{"gold_per_floor":[119,119,132,144,42,67,67,67,67,86,103,103,119,14,14,14],"floor_reached":16,"playtime":1319,"items_purged":[],"score":117,"play_id":"ac5d7e13-e680-4d9b-a33f-122e83ae0812","local_time":"20181206185043","is_ascension_mode":true,"campfire_choices":[{"floor":8,"key":"REST"},{"data":"Entrench","floor":12,"key":"SMITH"},{"data":"Body Slam","floor":15,"key":"SMITH"}],"neow_cost":"NONE","seed_source_timestamp":274974410930876,"circlet_count":0,"master_deck":["Strike_R","Strike_R","Strike_R","Strike_R","Defend_R","Defend_R","Bash","Flame Barrier","Entrench+1","Disarm","Intimidate","Metallicize","Body Slam+1","Iron Wave","Ghostly Armor","Shrug It Off"],"relics":["Burning Blood","Pear","Orichalcum","Meat on the Bone"],"potions_floor_usage":[11,13,16],"damage_taken":[{"damage":2,"enemies":"Jaw Worm","floor":1,"turns":4},{"damage":7,"enemies":"Cultist","floor":3,"turns":5},{"damage":0,"enemies":"Small Slimes","floor":4,"turns":3},{"damage":68,"enemies":"Gremlin Nob","floor":6,"turns":7},{"damage":8,"enemies":"Exordium Wildlife","floor":10,"turns":5},{"damage":7,"enemies":"Large Slime","floor":11,"turns":13},{"damage":19,"enemies":"Gremlin Gang","floor":13,"turns":10},{"damage":38,"enemies":"Slime Boss","floor":16,"turns":11}],"seed_played":"5775500608005990894","potions_obtained":[{"floor":4,"key":"SpeedPotion"},{"floor":6,"key":"Weak Potion"},{"floor":10,"key":"EssenceOfSteel"}],"is_trial":false,"path_per_floor":["M","?","M","M","$","E","?","R","T","M","M","R","M","?","R","B"],"character_chosen":"IRONCLAD","items_purchased":["Metallicize","Body Slam"],"campfire_rested":1,"item_purchase_floors":[5,5],"current_hp_per_floor":[80,80,79,80,80,28,21,48,48,46,45,45,32,32,32,0],"gold":14,"neow_bonus":"TRANSFORM_CARD","is_prod":false,"is_daily":false,"chose_seed":false,"campfire_upgraded":2,"win_rate":0,"timestamp":1544151043,"path_taken":["M","?","M","M","?","E","?","R","T","?","M","R","M","?","R","BOSS"],"build_version":"2018-12-06","purchased_purges":0,"victory":false,"max_hp_per_floor":[80,80,80,80,80,90,90,90,90,90,90,90,90,90,90,90],"card_choices":[{"not_picked":["Clothesline","Pummel"],"picked":"Entrench","floor":1},{"not_picked":["Havoc","Wild Strike"],"picked":"Disarm","floor":3},{"not_picked":["Anger","Perfected Strike"],"picked":"Intimidate","floor":4},{"not_picked":["Sword Boomerang","Pommel Strike"],"picked":"Iron Wave","floor":6},{"not_picked":["Whirlwind","Anger"],"picked":"Ghostly Armor","floor":10},{"not_picked":["Wild Strike","Twin Strike","Clothesline"],"picked":"SKIP","floor":11},{"not_picked":["Burning Pact","Rupture"],"picked":"Shrug It Off","floor":13}],"player_experience":173043,"relics_obtained":[{"floor":6,"key":"Pear"},{"floor":9,"key":"Orichalcum"}],"event_choices":[{"cards_removed":["Defend_R"],"damage_healed":0,"gold_gain":0,"player_choice":"Purged","damage_taken":0,"max_hp_gain":0,"max_hp_loss":0,"event_name":"Purifier","floor":2,"gold_loss":0},{"cards_removed":["Defend_R"],"damage_healed":0,"gold_gain":0,"player_choice":"Card Removal","damage_taken":7,"max_hp_gain":0,"max_hp_loss":0,"event_name":"Golden Wing","floor":7,"gold_loss":0},{"damage_healed":0,"gold_gain":0,"player_choice":"Paid Gold","damage_taken":0,"relics_obtained":["Meat on the Bone"],"max_hp_gain":0,"max_hp_loss":0,"event_name":"WeMeetAgain","floor":14,"gold_loss":105}],"is_beta":false,"boss_relics":[],"items_purged_floors":[],"is_endless":false,"potions_floor_spawned":[4,6,10],"killed_by":"Slime Boss","ascension_level":3}