{"gold_per_floor":[115,190,205,205,225,225,245,274,274,274,294,294,304,335,335,409,409,419,344,355,198,198],"floor_reached":22,"playtime":850,"items_purged":["Strike_R","Strike_R"],"score":392,"play_id":"93795c36-5d19-41b8-a864-17574f87eee9","local_time":"20190912081643","is_ascension_mode":true,"campfire_choices":[{"data":"Clothesline","floor":6,"key":"SMITH"},{"data":"Bash","floor":10,"key":"SMITH"},{"data":"Wild Strike","floor":12,"key":"SMITH"},{"data":"Anger","floor":15,"key":"SMITH"}],"neow_cost":"NONE","seed_source_timestamp":483990712100,"circlet_count":0,"master_deck":["AscendersBane","Strike_R","Strike_R","Strike_R","Defend_R","Defend_R","Defend_R","Defend_R","Bash+1","Wild Strike+1","Pummel","Clothesline+1","Metallicize","Power Through","Anger+1","Feel No Pain","Exhume","Dark Embrace","Power Through"],"relics":["Burning Blood","Art of War","Bag of Marbles","Regal Pillow","Blue Candle","Fusion Hammer"],"potions_floor_usage":[8,8,13,16,16,22],"damage_taken":[{"damage":1,"enemies":"Small Slimes","floor":1,"turns":4},{"damage":1,"enemies":"Cultist","floor":3,"turns":4},{"damage":9,"enemies":"Jaw Worm","floor":5,"turns":4},{"damage":5,"enemies":"Blue Slaver","floor":7,"turns":5},{"damage":38,"enemies":"Lagavulin","floor":8,"turns":9},{"damage":11,"enemies":"Exordium Thugs","floor":11,"turns":3},{"damage":9,"enemies":"2 Fungi Beasts","floor":13,"turns":2},{"damage":6,"enemies":"3 Sentries","floor":14,"turns":10},{"damage":36,"enemies":"Hexaghost","floor":16,"turns":8},{"damage":25,"enemies":"2 Thieves","floor":18,"turns":5},{"damage":24,"enemies":"Shell Parasite","floor":20,"turns":5},{"damage":35,"enemies":"Cultist and Chosen","floor":22,"turns":7}],"seed_played":"807871218548888316","potions_obtained":[{"floor":4,"key":"BloodPotion"},{"floor":4,"key":"SpeedPotion"},{"floor":5,"key":"Explosive Potion"},{"floor":8,"key":"Fire Potion"},{"floor":11,"key":"BloodPotion"},{"floor":13,"key":"AttackPotion"},{"floor":18,"key":"SpeedPotion"},{"floor":20,"key":"Block Potion"}],"is_trial":false,"path_per_floor":["M","?","M","?","M","R","M","E","T","R","M","R","M","E","R","B",null,"M","$","M","$","M"],"character_chosen":"IRONCLAD","items_purchased":["PowerPotion"],"campfire_rested":0,"item_purchase_floors":[21],"current_hp_per_floor":[73,62,67,67,64,64,65,51,51,51,46,46,61,61,61,31,64,45,45,27,27,0],"gold":198,"neow_bonus":"RANDOM_COMMON_RELIC","is_prod":false,"is_daily":false,"chose_seed":false,"campfire_upgraded":4,"win_rate":0,"timestamp":1568301403,"path_taken":["M","?","M","?","M","R","?","E","T","R","M","R","M","E","R","BOSS","M","$","M","$","M"],"build_version":"2019-07-17","purchased_purges":2,"victory":false,"max_hp_per_floor":[75,75,75,75,75,75,75,75,75,75,75,75,75,75,75,75,75,75,75,75,75,75],"card_choices":[{"not_picked":["Thunderclap","Flex"],"picked":"Wild Strike","floor":1},{"not_picked":["Searing Blow","Thunderclap"],"picked":"Pummel","floor":3},{"not_picked":["Wild Strike","Hemokinesis"],"picked":"Clothesline","floor":5},{"not_picked":["Warcry","Havoc"],"picked":"Metallicize","floor":7},{"not_picked":["Clothesline","Entrench"],"picked":"Power Through","floor":8},{"not_picked":["Bloodletting","Perfected Strike"],"picked":"Anger","floor":11},{"not_picked":["Body Slam","Cleave"],"picked":"Feel No Pain","floor":13},{"not_picked":["Sword Boomerang","Ghostly Armor"],"picked":"Exhume","floor":14},{"not_picked":["Limit Break","Bludgeon"],"picked":"Dark Embrace","floor":16},{"not_picked":["Heavy Blade","Combust","True Grit"],"picked":"SKIP","floor":18},{"not_picked":["Clothesline","Hemokinesis"],"picked":"Power Through","floor":20}],"player_experience":693106,"relics_obtained":[{"floor":8,"key":"Bag of Marbles"},{"floor":9,"key":"Regal Pillow"},{"floor":14,"key":"Blue Candle"}],"event_choices":[{"damage_healed":0,"gold_gain":75,"player_choice":"Gather Gold","damage_taken":11,"max_hp_gain":0,"max_hp_loss":0,"event_name":"World of Goop","floor":2,"gold_loss":0},{"damage_healed":0,"gold_gain":0,"player_choice":"Got Potions","damage_taken":0,"max_hp_gain":0,"max_hp_loss":0,"event_name":"Lab","floor":4,"gold_loss":0}],"is_beta":false,"boss_relics":[{"not_picked":["Calling Bell","White Beast Statue"],"picked":"Fusion Hammer"}],"items_purged_floors":[19,21],"is_endless":false,"potions_floor_spawned":[5,8,11,13,18,20],"killed_by":"Cultist and Chosen","ascension_level":20}