{"gold_per_floor":[114,129,129,129,304,304,334,334,359,374,389,404,194,209,209,309,309,324,26,41,141,141,141,156,156,181,196,211,226,256,271,271,371,371,386,386,401,416,516,546,546,561,586,601,601,616,616,291,291,291],"floor_reached":51,"playtime":3125,"items_purged":["Doubt"],"score":828,"play_id":"f062e627-8a5b-4291-b4d4-4bc887d2de95","local_time":"20181110134732","daily_mods":["SealedDeck","Uncertain Future","Night Terrors"],"is_ascension_mode":false,"campfire_choices":[{"data":"Steam Power","floor":6,"key":"SMITH"},{"data":"Recycle","floor":8,"key":"SMITH"},{"floor":15,"key":"REST"},{"data":"Coolheaded","floor":23,"key":"SMITH"},{"data":"Gash","floor":25,"key":"SMITH"},{"floor":32,"key":"REST"},{"floor":41,"key":"REST"},{"floor":47,"key":"REST"},{"data":"Gash","floor":49,"key":"SMITH"}],"neow_cost":"","seed_source_timestamp":0,"circlet_count":0,"master_deck":["Compile Driver","Turbo+1","Hologram+1","Recycle+1","Coolheaded+1","Steam Power+1","Cold Snap","Gash+1","Gash+1","All For One","Echo Form","Gash+1","Gash"],"special_seed":17845,"relics":["Cracked Core","Blood Vial","Dream Catcher","Philosopher\u0027s Stone","Bottled Flame","StoneCalendar","Gremlin Horn","War Paint","Dodecahedron","Eternal Feather","Gambling Chip","Potion Belt","Centennial Puzzle","DataDisk"],"potions_floor_usage":[12,21,21,31,33,38,38,46],"damage_taken":[{"damage":0,"enemies":"Small Slimes","floor":1,"turns":2},{"damage":4,"enemies":"Jaw Worm","floor":2,"turns":2},{"damage":7,"enemies":"3 Sentries","floor":7,"turns":5},{"damage":4,"enemies":"2 Louse","floor":10,"turns":2},{"damage":3,"enemies":"Lots of Slimes","floor":11,"turns":2},{"damage":9,"enemies":"Exordium Wildlife","floor":12,"turns":3},{"damage":0,"enemies":"Looter","floor":14,"turns":1},{"damage":25,"enemies":"Hexaghost","floor":16,"turns":4},{"damage":0,"enemies":"2 Thieves","floor":18,"turns":1},{"damage":12,"enemies":"Chosen","floor":20,"turns":2},{"damage":0,"enemies":"Colosseum Slavers","floor":21,"turns":1},{"damage":12,"enemies":"Colosseum Nobs","floor":21,"turns":3},{"damage":0,"enemies":"Sentry and Sphere","floor":24,"turns":2},{"damage":0,"enemies":"Centurion and Healer","floor":27,"turns":2},{"damage":0,"enemies":"Shelled Parasite and Fungi","floor":28,"turns":1},{"damage":0,"enemies":"3 Cultists","floor":29,"turns":2},{"damage":27,"enemies":"Slavers","floor":30,"turns":2},{"damage":0,"enemies":"Centurion and Healer","floor":31,"turns":2},{"damage":0,"enemies":"Automaton","floor":33,"turns":2},{"damage":1,"enemies":"3 Darklings","floor":35,"turns":2},{"damage":20,"enemies":"3 Shapes","floor":37,"turns":5},{"damage":9,"enemies":"3 Darklings","floor":38,"turns":2},{"damage":0,"enemies":"Mind Bloom Boss Battle","floor":39,"turns":2},{"damage":0,"enemies":"Reptomancer","floor":40,"turns":1},{"damage":0,"enemies":"Jaw Worm Horde","floor":42,"turns":1},{"damage":16,"enemies":"Spire Growth","floor":44,"turns":2},{"damage":7,"enemies":"Sphere and 2 Shapes","floor":46,"turns":2},{"damage":2,"enemies":"Donu and Deca","floor":50,"turns":2}],"seed_played":"720756091651424505","potions_obtained":[{"floor":2,"key":"Weak Potion"},{"floor":10,"key":"Poison Potion"},{"floor":12,"key":"Strength Potion"},{"floor":14,"key":"SteroidPotion"},{"floor":27,"key":"Dexterity Potion"},{"floor":28,"key":"Fire Potion"},{"floor":30,"key":"FearPotion"},{"floor":35,"key":"Ancient Potion"},{"floor":37,"key":"Dexterity Potion"},{"floor":44,"key":"FearPotion"}],"is_trial":false,"path_per_floor":["M","M","$","?","?","R","E","R","T","M","M","M","$","M","R","B",null,"M","$","M","?","?","R","M","R","T","M","M","M","E","M","R","B",null,"M","?","M","M","?","E","R","M","T","M","?","M","R","$","R","B",null],"character_chosen":"DEFECT","items_purchased":["All For One","Gash","Bottled Flame","DataDisk","GamblersBrew","Strength Potion","Block Potion"],"campfire_rested":4,"item_purchase_floors":[13,19,19,48,48,48,48],"current_hp_per_floor":[75,71,71,71,71,71,64,64,64,62,61,54,54,56,70,45,70,70,70,58,50,50,50,52,52,52,54,56,58,33,35,65,65,65,64,64,45,38,40,42,60,60,60,44,44,39,55,55,55,53],"gold":291,"neow_bonus":"","is_prod":false,"is_daily":true,"chose_seed":false,"campfire_upgraded":5,"win_rate":0,"timestamp":1541875652,"path_taken":["M","M","$","?","?","R","E","R","T","M","M","M","?","M","R","BOSS","M","$","M","?","?","R","M","R","T","M","M","M","E","?","R","BOSS","M","?","M","M","?","E","R","M","T","M","?","M","R","$","R","BOSS"],"build_version":"2018-11-08","purchased_purges":1,"victory":true,"max_hp_per_floor":[75,75,75,75,75,75,75,75,75,75,75,75,75,75,70,70,70,70,70,70,70,70,70,70,70,70,70,70,70,70,70,65,65,65,65,65,65,65,65,65,60,60,60,60,60,60,55,55,55,55],"card_choices":[{"not_picked":["Beam Cell","Leap","Sweeping Beam"],"picked":"SKIP","floor":1},{"not_picked":["BootSequence","Steam","Auto Shields"],"picked":"SKIP","floor":2},{"not_picked":["Barrage","Streamline","Rainbow"],"picked":"SKIP","floor":7},{"not_picked":["Sweeping Beam","Beam Cell","Stack"],"picked":"SKIP","floor":10},{"not_picked":["Multi-Cast","Beam Cell","Consume"],"picked":"SKIP","floor":11},{"not_picked":["Cold Snap","Turbo","Steam"],"picked":"SKIP","floor":12},{"not_picked":["Stack","Steam","Cold Snap"],"picked":"SKIP","floor":14},{"not_picked":["Thunder Strike","Fission"],"picked":"Echo Form","floor":16},{"not_picked":["Barrage","Steam Power","Turbo+1"],"picked":"SKIP","floor":18},{"not_picked":["Beam Cell+1","Ball Lightning+1","Loop"],"picked":"SKIP","floor":20},{"not_picked":["Beam Cell+1","Ball Lightning+1","Loop"],"picked":"SKIP","floor":20},{"not_picked":["Steam+1","Ball Lightning","Fusion"],"picked":"SKIP","floor":24},{"not_picked":["Go for the Eyes+1","Chaos","Rip and Tear+1"],"picked":"SKIP","floor":27},{"not_picked":["Echo Form","Tempest","Fusion"],"picked":"SKIP","floor":28},{"not_picked":["Compile Driver","Stack"],"picked":"Gash","floor":29},{"not_picked":["Stack","Ball Lightning+1","Glacier+1"],"picked":"SKIP","floor":30},{"not_picked":["Beam Cell+1","Doom and Gloom","Tempest"],"picked":"SKIP","floor":31},{"not_picked":["Conserve Battery+1","Sweeping Beam","Redo+1"],"picked":"SKIP","floor":35},{"not_picked":["Conserve Battery+1","Streamline","Beam Cell"],"picked":"SKIP","floor":37},{"not_picked":["Genetic Algorithm","Defragment","Steam"],"picked":"SKIP","floor":38},{"not_picked":["Barrage+1","Coolheaded+1","Stack"],"picked":"SKIP","floor":40},{"not_picked":["Steam+1","Rebound+1","White Noise"],"picked":"SKIP","floor":42},{"not_picked":["Rebound","Glacier","Compile Driver+1"],"picked":"SKIP","floor":44},{"not_picked":["Static Discharge+1","Sweeping Beam","Chill"],"picked":"SKIP","floor":46}],"player_experience":116819,"relics_obtained":[{"floor":7,"key":"Blood Vial"},{"floor":9,"key":"Dream Catcher"},{"floor":21,"key":"StoneCalendar"},{"floor":21,"key":"Gremlin Horn"},{"floor":26,"key":"War Paint"},{"floor":30,"key":"Dodecahedron"},{"floor":39,"key":"Gambling Chip"},{"floor":40,"key":"Potion Belt"},{"floor":43,"key":"Centennial Puzzle"}],"event_choices":[{"damage_healed":0,"gold_gain":0,"player_choice":"Grow","damage_taken":0,"max_hp_gain":0,"max_hp_loss":0,"event_name":"Living Wall","floor":4,"gold_loss":0,"cards_upgraded":["Gash"]},{"damage_healed":0,"gold_gain":175,"player_choice":"AGREE","damage_taken":0,"max_hp_gain":0,"max_hp_loss":0,"event_name":"Liars Game","floor":5,"gold_loss":0,"cards_obtained":["Doubt"]},{"damage_healed":0,"gold_gain":0,"player_choice":"Fight","damage_taken":0,"max_hp_gain":0,"max_hp_loss":0,"event_name":"Colosseum","floor":21,"gold_loss":0},{"damage_healed":0,"gold_gain":0,"player_choice":"Fought Nobs","damage_taken":0,"max_hp_gain":0,"max_hp_loss":0,"event_name":"Colosseum","floor":21,"gold_loss":0},{"cards_removed":["Ball Lightning"],"damage_healed":0,"gold_gain":0,"player_choice":"Purged","damage_taken":0,"max_hp_gain":0,"max_hp_loss":0,"event_name":"Purifier","floor":22,"gold_loss":0},{"damage_healed":0,"gold_gain":0,"player_choice":"Ignored","damage_taken":0,"max_hp_gain":0,"max_hp_loss":0,"event_name":"Tomb of Lord Red Mask","floor":36,"gold_loss":0},{"damage_healed":0,"gold_gain":0,"player_choice":"Fight","damage_taken":0,"max_hp_gain":0,"max_hp_loss":0,"event_name":"MindBloom","floor":39,"gold_loss":0},{"damage_healed":0,"gold_gain":0,"player_choice":"Memory 1","damage_taken":0,"max_hp_gain":0,"max_hp_loss":0,"event_name":"SensoryStone","floor":45,"gold_loss":0}],"is_beta":false,"boss_relics":[{"not_picked":["Tiny House","Pandora\u0027s Box"],"picked":"Philosopher\u0027s Stone"},{"not_picked":["Velvet Choker","Snecko Eye"],"picked":"Eternal Feather"}],"items_purged_floors":[13],"is_endless":false,"potions_floor_spawned":[2,10,12,14,20,21,27,28,30,35,37,44],"ascension_level":0}