{"gold_per_floor":[116,133,133,159,96,108,139,151,189,217,243,282,342,384,396,485,497,522,547,559,57,57,57,86,86,111,138,138,149,51,67,67,139,189,201,41,41,41,0,0],"floor_reached":40,"playtime":1345,"items_purged":["Strike_R"],"score":914,"play_id":"710b2265-f007-4d30-88f3-ab7673c7ec67","local_time":"20190913120743","is_ascension_mode":true,"campfire_choices":[{"data":"Bash","floor":6,"key":"SMITH"},{"data":"Inflame","floor":8,"key":"SMITH"},{"data":"Uppercut","floor":15,"key":"SMITH"},{"floor":23,"key":"REST"},{"floor":25,"key":"REST"},{"floor":32,"key":"RECALL"}],"neow_cost":"NONE","seed_source_timestamp":100251473483900,"circlet_count":0,"master_deck":["AscendersBane","Strike_R+1","Strike_R+1","Strike_R+1","Defend_R+1","Defend_R+1","Defend_R+1","Defend_R+1","Bash+1","Reckless Charge","Inflame+1","Power Through+1","Sword Boomerang","Anger","Uppercut+1","Barricade","Offering","Immolate","Rage","Flame Barrier","Battle Trance","Feel No Pain","Feel No Pain","Battle Trance","Shrug It Off","Rage+1","Second Wind","PanicButton","Battle Trance","Impervious","True Grit"],"relics":["Burning Blood","NeowsBlessing","MawBank","Dream Catcher","Orichalcum","Juzu Bracelet","War Paint","Fusion Hammer","Pantograph","Paper Frog","Pen Nib","Omamori","Shuriken","Tiny House","Oddly Smooth Stone","Molten Egg 2","Red Mask"],"potions_floor_usage":[14,16,33,33,40],"damage_taken":[{"damage":0,"enemies":"Small Slimes","floor":1,"turns":1},{"damage":0,"enemies":"Jaw Worm","floor":2,"turns":1},{"damage":0,"enemies":"2 Louse","floor":4,"turns":1},{"damage":11,"enemies":"Blue Slaver","floor":7,"turns":4},{"damage":8,"enemies":"Large Slime","floor":10,"turns":6},{"damage":0,"enemies":"Exordium Wildlife","floor":11,"turns":2},{"damage":15,"enemies":"Lagavulin","floor":12,"turns":5},{"damage":2,"enemies":"Gremlin Nob","floor":14,"turns":3},{"damage":14,"enemies":"Hexaghost","floor":16,"turns":9},{"damage":29,"enemies":"3 Byrds","floor":18,"turns":5},{"damage":12,"enemies":"Spheric Guardian","floor":19,"turns":5},{"damage":6,"enemies":"Gremlin Leader","floor":24,"turns":7},{"damage":12,"enemies":"Book of Stabbing","floor":27,"turns":5},{"damage":8,"enemies":"Chosen and Byrds","floor":29,"turns":11},{"damage":6,"enemies":"Cultist and Chosen","floor":31,"turns":7},{"damage":53,"enemies":"Collector","floor":33,"turns":13},{"damage":14,"enemies":"3 Shapes","floor":35,"turns":7},{"damage":70,"enemies":"Giant Head","floor":40,"turns":9}],"seed_played":"-95674319350474108","potions_obtained":[{"floor":2,"key":"PowerPotion"},{"floor":4,"key":"Block Potion"},{"floor":16,"key":"SteroidPotion"},{"floor":19,"key":"SneckoOil"},{"floor":34,"key":"Strength Potion"}],"is_trial":false,"path_per_floor":["M","M","?","M","?","R","M","R","T","M","M","E","T","E","R","B",null,"M","M","?","$","?","R","E","R","T","E","T","M","$","M","R","B",null,"M","$","?","?","?","E"],"character_chosen":"IRONCLAD","items_purchased":["Battle Trance","Feel No Pain","Pantograph","PanicButton","Oddly Smooth Stone"],"campfire_rested":2,"item_purchase_floors":[21,21,21,30,36],"current_hp_per_floor":[74,75,64,70,70,70,65,65,65,63,69,60,60,64,64,56,70,47,41,41,41,41,63,63,75,75,69,69,67,67,67,67,28,68,60,60,60,60,60,0],"gold":0,"neow_bonus":"THREE_ENEMY_KILL","is_prod":false,"is_daily":false,"chose_seed":false,"campfire_upgraded":3,"win_rate":0,"timestamp":1568401663,"path_taken":["M","M","?","M","?","R","M","R","T","M","M","E","?","E","R","BOSS","M","M","?","$","?","R","E","R","T","E","?","M","$","M","R","BOSS","M","$","?","?","?","E"],"build_version":"2019-07-17","purchased_purges":1,"victory":false,"max_hp_per_floor":[75,75,75,75,75,75,75,75,75,75,75,75,75,75,75,75,75,75,75,75,75,75,75,75,75,75,75,75,75,75,75,75,75,80,80,80,80,80,80,80],"card_choices":[{"not_picked":["Havoc","Hemokinesis"],"picked":"Reckless Charge","floor":1},{"not_picked":["Flex","Headbutt"],"picked":"Inflame","floor":2},{"not_picked":["Wild Strike","Perfected Strike"],"picked":"Power Through","floor":4},{"not_picked":["Cleave","Entrench"],"picked":"Sword Boomerang","floor":7},{"not_picked":["Thunderclap","Perfected Strike"],"picked":"Anger","floor":10},{"not_picked":["Havoc","Clash"],"picked":"Uppercut","floor":11},{"not_picked":["Carnage","Headbutt"],"picked":"Barricade","floor":12},{"not_picked":["Cleave","Metallicize"],"picked":"Offering","floor":14},{"not_picked":["Brutality","Double Tap"],"picked":"Immolate","floor":16},{"not_picked":["Corruption+1","Infernal Blade"],"picked":"Rage","floor":18},{"not_picked":["Cleave","Sword Boomerang"],"picked":"Flame Barrier","floor":19},{"not_picked":["Disarm","Sever Soul"],"picked":"Feel No Pain","floor":23},{"not_picked":["Body Slam","Wild Strike"],"picked":"Battle Trance","floor":24},{"not_picked":["Body Slam","Wild Strike"],"picked":"Shrug It Off","floor":25},{"not_picked":["Disarm","Feed"],"picked":"Rage","floor":27},{"not_picked":["Rupture","Clash"],"picked":"Second Wind","floor":29},{"not_picked":["Perfected Strike","Havoc"],"picked":"Battle Trance","floor":31},{"not_picked":["Double Tap","Barricade"],"picked":"Impervious","floor":33},{"not_picked":["Flame Barrier","Iron Wave"],"picked":"True Grit","floor":34},{"not_picked":["Headbutt","Rampage+1","Blood for Blood"],"picked":"SKIP","floor":35}],"player_experience":738740,"relics_obtained":[{"floor":9,"key":"Dream Catcher"},{"floor":12,"key":"Orichalcum"},{"floor":13,"key":"Juzu Bracelet"},{"floor":14,"key":"War Paint"},{"floor":24,"key":"Paper Frog"},{"floor":26,"key":"Pen Nib"},{"floor":27,"key":"Omamori"},{"floor":28,"key":"Shuriken"},{"floor":38,"key":"Molten Egg 2"}],"event_choices":[{"damage_healed":0,"gold_gain":0,"player_choice":"Success","damage_taken":11,"relics_obtained":["MawBank"],"max_hp_gain":0,"max_hp_loss":0,"event_name":"Scrap Ooze","floor":3,"gold_loss":0},{"cards_removed":["Strike_R"],"damage_healed":0,"gold_gain":0,"player_choice":"Card Removal","damage_taken":0,"max_hp_gain":0,"max_hp_loss":0,"event_name":"The Cleric","floor":5,"gold_loss":75},{"damage_healed":0,"gold_gain":0,"player_choice":"Ignored","damage_taken":0,"max_hp_gain":0,"max_hp_loss":0,"event_name":"Ghosts","floor":20,"gold_loss":0},{"damage_healed":0,"gold_gain":0,"player_choice":"Simplicity","damage_taken":0,"max_hp_gain":0,"max_hp_loss":0,"event_name":"Back to Basics","floor":22,"gold_loss":0,"cards_upgraded":["Strike_R","Strike_R","Strike_R","Defend_R","Defend_R","Defend_R"]},{"damage_healed":0,"gold_gain":0,"player_choice":"Ignored","damage_taken":0,"max_hp_gain":0,"max_hp_loss":0,"event_name":"Mysterious Sphere","floor":37,"gold_loss":0},{"damage_healed":0,"gold_gain":0,"player_choice":"Relic","damage_taken":0,"max_hp_gain":0,"max_hp_loss":0,"event_name":"Wheel of Change","floor":38,"gold_loss":0},{"damage_healed":0,"gold_gain":0,"player_choice":"Paid","damage_taken":0,"relics_obtained":["Red Mask"],"max_hp_gain":0,"max_hp_loss":0,"event_name":"Tomb of Lord Red Mask","floor":39,"gold_loss":41}],"is_beta":false,"boss_relics":[{"not_picked":["Astrolabe","Lizard Tail"],"picked":"Fusion Hammer"},{"not_picked":["White Beast Statue","Velvet Choker"],"picked":"Tiny House"}],"items_purged_floors":[21],"is_endless":false,"potions_floor_spawned":[2,4,10,16,19,31],"killed_by":"Giant Head","ascension_level":20}