{"gold_per_floor":[110,125,125,137,137,137,148,148,148,18,18,18,32,66,66,157,157,175,175,175,43,62,62,96,146,172,188,188,206,233,245,245,245],"floor_reached":33,"playtime":1648,"items_purged":["Defend_B"],"score":620,"play_id":"bc575a1c-f3db-400d-8ec2-493796dd8b93","local_time":"20190308230555","is_ascension_mode":true,"campfire_choices":[{"data":"Zap","floor":6,"key":"SMITH"},{"data":"Genetic Algorithm","floor":12,"key":"SMITH"},{"floor":15,"key":"REST"},{"data":"Go for the Eyes","floor":23,"key":"SMITH"},{"floor":28,"key":"REST"},{"floor":32,"key":"REST"}],"neow_cost":"NONE","seed_source_timestamp":188770800733684,"circlet_count":0,"master_deck":["AscendersBane","Strike_B","Strike_B","Strike_B","Defend_B","Defend_B","Defend_B","Zap+1","Dualcast+1","Ball Lightning","Beam Cell+1","Electrodynamics","Genetic Algorithm+1","Biased Cognition","Gash","Ball Lightning","Steam+1","Core Surge","Go for the Eyes+1","Coolheaded","Scrape","Glacier","Leap"],"relics":["Cracked Core","Pen Nib","Bloody Idol","Bronze Scales","Singing Bowl","Black Star","War Paint","DataDisk","Smiling Mask","Vajra","Cables"],"potions_floor_usage":[7,14,18,24,29,29,33],"damage_taken":[{"damage":1,"enemies":"Cultist","floor":1,"turns":3},{"damage":9,"enemies":"Small Slimes","floor":2,"turns":3},{"damage":0,"enemies":"2 Louse","floor":4,"turns":1},{"damage":8,"enemies":"Blue Slaver","floor":7,"turns":3},{"damage":0,"enemies":"Large Slime","floor":13,"turns":3},{"damage":26,"enemies":"Lagavulin","floor":14,"turns":5},{"damage":0,"enemies":"Slime Boss","floor":16,"turns":5},{"damage":26,"enemies":"Shell Parasite","floor":18,"turns":4},{"damage":1,"enemies":"3 Byrds","floor":22,"turns":2},{"damage":16,"enemies":"Book of Stabbing","floor":24,"turns":4},{"damage":22,"enemies":"Snake Plant","floor":27,"turns":3},{"damage":5,"enemies":"Snecko","floor":29,"turns":4},{"damage":30,"enemies":"Slavers","floor":30,"turns":2},{"damage":11,"enemies":"Centurion and Healer","floor":31,"turns":5},{"damage":50,"enemies":"Collector","floor":33,"turns":6}],"seed_played":"4019982868182422475","potions_obtained":[{"floor":1,"key":"Energy Potion"},{"floor":7,"key":"Dexterity Potion"},{"floor":16,"key":"Poison Potion"},{"floor":22,"key":"FocusPotion"},{"floor":24,"key":"Ancient Potion"},{"floor":27,"key":"Regen Potion"},{"floor":31,"key":"Strength Potion"}],"is_trial":false,"path_per_floor":["M","M","?","M","?","R","M","?","T","$","?","R","M","E","R","B",null,"M","?","?","$","M","R","E","?","T","M","R","M","E","M","R","B"],"character_chosen":"DEFECT","items_purchased":["Biased Cognition","Gash","Coolheaded"],"campfire_rested":3,"item_purchase_floors":[10,10,21],"current_hp_per_floor":[63,54,54,54,54,54,46,46,46,46,46,46,46,20,39,39,58,34,34,34,34,40,40,29,34,39,22,42,56,33,27,48,0],"gold":245,"neow_bonus":"RANDOM_COMMON_RELIC","is_prod":false,"is_daily":false,"chose_seed":false,"campfire_upgraded":3,"win_rate":0,"timestamp":1552115155,"path_taken":["M","?","?","M","?","R","M","?","T","?","?","R","?","E","R","BOSS","M","?","?","$","?","R","E","?","T","M","R","M","E","M","R","BOSS"],"build_version":"2019-01-23","purchased_purges":1,"victory":false,"max_hp_per_floor":[71,71,71,71,71,71,71,64,64,64,64,64,64,64,64,64,64,66,66,66,66,68,68,68,68,68,68,68,70,72,72,72,72],"card_choices":[{"not_picked":["Capacitor","Conserve Battery"],"picked":"Ball Lightning","floor":1},{"not_picked":["Stack","Aggregate"],"picked":"Beam Cell","floor":2},{"not_picked":["Cold Snap","Heatsinks"],"picked":"Electrodynamics","floor":4},{"not_picked":["Sweeping Beam","Gash"],"picked":"Genetic Algorithm","floor":7},{"not_picked":["Sweeping Beam","Heatsinks"],"picked":"Ball Lightning","floor":13},{"not_picked":["Stack","Storm"],"picked":"Steam","floor":14},{"not_picked":["Biased Cognition","Reboot"],"picked":"Core Surge","floor":16},{"not_picked":["Streamline","Stack","White Noise"],"picked":"Singing Bowl","floor":18},{"not_picked":["Turbo","Steam","Beam Cell"],"picked":"Singing Bowl","floor":22},{"not_picked":["Streamline","Reinforced Body"],"picked":"Scrape","floor":24},{"not_picked":["Ball Lightning+1","Gash"],"picked":"Glacier","floor":27},{"not_picked":["Aggregate","Multi-Cast","Scrape"],"picked":"Singing Bowl","floor":29},{"not_picked":["Consume","Blizzard","Lockon"],"picked":"Singing Bowl","floor":30},{"not_picked":["Coolheaded","Compile Driver"],"picked":"Leap","floor":31}],"player_experience":759680,"relics_obtained":[{"floor":9,"key":"Bronze Scales"},{"floor":14,"key":"Singing Bowl"},{"floor":24,"key":"War Paint"},{"floor":24,"key":"DataDisk"},{"floor":26,"key":"Smiling Mask"},{"floor":30,"key":"Vajra"},{"floor":30,"key":"Cables"}],"event_choices":[{"damage_healed":0,"gold_gain":0,"player_choice":"Grow","damage_taken":0,"max_hp_gain":0,"max_hp_loss":0,"event_name":"Living Wall","floor":3,"gold_loss":0,"cards_upgraded":["Beam Cell"]},{"damage_healed":0,"gold_gain":0,"player_choice":"Ignored","damage_taken":0,"max_hp_gain":0,"max_hp_loss":0,"event_name":"Liars Game","floor":5,"gold_loss":0},{"damage_healed":0,"gold_gain":0,"player_choice":"Lose Max HP","damage_taken":0,"relics_obtained":["Golden Idol"],"max_hp_gain":0,"max_hp_loss":7,"event_name":"Golden Idol","floor":8,"gold_loss":0},{"damage_healed":0,"gold_gain":0,"player_choice":"Leave","damage_taken":0,"max_hp_gain":0,"max_hp_loss":0,"event_name":"The Cleric","floor":11,"gold_loss":0},{"damage_healed":0,"gold_gain":0,"player_choice":"Gave Idol","damage_taken":0,"relics_obtained":["Bloody Idol"],"max_hp_gain":0,"max_hp_loss":0,"event_name":"Forgotten Altar","floor":19,"relics_lost":["Golden Idol"],"gold_loss":0},{"damage_healed":0,"gold_gain":0,"cards_transformed":["Strike_B"],"player_choice":"Transformed","damage_taken":0,"max_hp_gain":0,"max_hp_loss":0,"event_name":"Transmorgrifier","floor":20,"gold_loss":0,"cards_obtained":["Go for the Eyes"]},{"damage_healed":0,"gold_gain":50,"player_choice":"Stole From Cult","damage_taken":0,"max_hp_gain":0,"max_hp_loss":0,"event_name":"Nest","floor":25,"gold_loss":0}],"is_beta":false,"boss_relics":[{"not_picked":["Empty Cage","Calling Bell"],"picked":"Black Star"}],"items_purged_floors":[21],"is_endless":false,"potions_floor_spawned":[1,7,16,22,24,27,31],"killed_by":"Collector","ascension_level":17}