{"gold_per_floor":[111,125,137,137,150,150,175,140,140,140,173,173,173,184,184,282,282,298,298,314,324,340,340,340],"floor_reached":24,"playtime":2029,"items_purged":[],"score":208,"play_id":"36cf56a9-997d-4f5b-b581-fdbdaedb2344","local_time":"20190107225914","is_ascension_mode":false,"campfire_choices":[{"data":"Redo","floor":6,"key":"SMITH"},{"floor":10,"key":"RECALL"},{"data":"Consume","floor":15,"key":"SMITH"},{"data":"Chaos","floor":23,"key":"SMITH"}],"neow_cost":"NONE","seed_source_timestamp":400066516576823,"circlet_count":0,"master_deck":["Strike_B","Strike_B","Strike_B","Strike_B","Defend_B","Defend_B","Defend_B","Defend_B","Zap","Dualcast","Conserve Battery","Redo+1","Compile Driver","Cold Snap","White Noise+1","Go for the Eyes","Consume+1","Biased Cognition","Ball Lightning","Chaos+1"],"relics":["FrozenCore","Pantograph","Gremlin Horn","StoneCalendar"],"potions_floor_usage":[18,20,24,24],"damage_taken":[{"damage":2,"enemies":"2 Louse","floor":1,"turns":2},{"damage":0,"enemies":"Small Slimes","floor":2,"turns":2},{"damage":0,"enemies":"Cultist","floor":3,"turns":3},{"damage":8,"enemies":"Looter","floor":5,"turns":3},{"damage":16,"enemies":"Gremlin Nob","floor":7,"turns":5},{"damage":24,"enemies":"Lagavulin","floor":11,"turns":6},{"damage":0,"enemies":"Exordium Wildlife","floor":14,"turns":2},{"damage":21,"enemies":"Hexaghost","floor":16,"turns":8},{"damage":0,"enemies":"Chosen","floor":18,"turns":5},{"damage":12,"enemies":"3 Byrds","floor":20,"turns":4},{"damage":0,"enemies":"Sentry and Sphere","floor":21,"turns":7},{"damage":11,"enemies":"Centurion and Healer","floor":22,"turns":6},{"damage":58,"enemies":"Slavers","floor":24,"turns":6}],"seed_played":"3476222160733951657","potions_obtained":[{"floor":3,"key":"Explosive Potion"},{"floor":14,"key":"Weak Potion"},{"floor":16,"key":"LiquidBronze"},{"floor":20,"key":"Energy Potion"},{"floor":22,"key":"Ancient Potion"}],"is_trial":false,"path_per_floor":["M","M","M","?","M","R","E","?","T","R","E","?","?","M","R","B",null,"M","?","M","M","M","R","E"],"character_chosen":"DEFECT","items_purchased":[],"campfire_rested":0,"item_purchase_floors":[],"current_hp_per_floor":[73,73,73,73,65,65,49,67,67,67,43,43,40,40,40,44,75,75,75,63,63,52,52,0],"gold":340,"neow_bonus":"THREE_CARDS","is_prod":false,"is_daily":false,"chose_seed":false,"campfire_upgraded":3,"win_rate":0,"timestamp":1546930754,"path_taken":["M","M","M","?","M","R","E","?","T","R","E","?","?","M","R","BOSS","M","?","M","M","M","R","E"],"build_version":"2019-01-03v4","purchased_purges":0,"victory":false,"max_hp_per_floor":[75,75,75,75,75,75,75,75,75,75,75,75,75,75,75,75,75,75,75,75,75,75,75,75],"card_choices":[{"not_picked":["Heatsinks","Rip and Tear"],"picked":"Conserve Battery","floor":0},{"not_picked":["Scrape","Go for the Eyes"],"picked":"Redo","floor":1},{"not_picked":["Hologram","Conserve Battery"],"picked":"Compile Driver","floor":2},{"not_picked":["Reprogram","Barrage"],"picked":"Cold Snap","floor":3},{"not_picked":["Hologram","FTL"],"picked":"White Noise","floor":5},{"not_picked":["Hologram","Hello World","Force Field"],"picked":"SKIP","floor":7},{"not_picked":["Melter","Auto Shields"],"picked":"Go for the Eyes","floor":11},{"not_picked":["Redo","Blizzard"],"picked":"Consume","floor":14},{"not_picked":["Machine Learning","Buffer"],"picked":"Biased Cognition","floor":16},{"not_picked":["Barrage","Sweeping Beam"],"picked":"Ball Lightning","floor":18},{"not_picked":["Force Field+1","Undo"],"picked":"Chaos","floor":20},{"not_picked":["Turbo+1","Auto Shields","Stack+1"],"picked":"SKIP","floor":21},{"not_picked":["Streamline","Compile Driver","Sweeping Beam"],"picked":"SKIP","floor":22}],"player_experience":395950,"relics_obtained":[{"floor":7,"key":"Pantograph"},{"floor":11,"key":"Gremlin Horn"}],"event_choices":[{"damage_healed":0,"gold_gain":0,"player_choice":"Ignored","damage_taken":0,"max_hp_gain":0,"max_hp_loss":0,"event_name":"Liars Game","floor":4,"gold_loss":0},{"damage_healed":18,"gold_gain":0,"player_choice":"Healed","damage_taken":0,"max_hp_gain":0,"max_hp_loss":0,"event_name":"The Cleric","floor":8,"gold_loss":35},{"damage_healed":0,"gold_gain":0,"player_choice":"Grow","damage_taken":0,"max_hp_gain":0,"max_hp_loss":0,"event_name":"Living Wall","floor":12,"gold_loss":0,"cards_upgraded":["White Noise"]},{"damage_healed":0,"gold_gain":0,"player_choice":"Success","damage_taken":3,"relics_obtained":["StoneCalendar"],"max_hp_gain":0,"max_hp_loss":0,"event_name":"Scrap Ooze","floor":13,"gold_loss":0},{"damage_healed":0,"gold_gain":0,"player_choice":"Ignored","damage_taken":0,"max_hp_gain":0,"max_hp_loss":0,"event_name":"Cursed Tome","floor":19,"gold_loss":0}],"is_beta":false,"boss_relics":[{"not_picked":["Snecko Eye","Orrery"],"picked":"FrozenCore"}],"items_purged_floors":[],"is_endless":false,"potions_floor_spawned":[3,14,16,20,22],"killed_by":"Slavers","ascension_level":0}