{"gold_per_floor":[112,125,43,43,54,54,65,65,91,106,31,65,65,80,80,185,185,198,210,210,210,225,225,253,308,308,308,308,339,339,358,358,460,460,473,19,36,53,73,73,173,173,173,208,208],"floor_reached":45,"playtime":4767,"items_purged":["Pain"],"score":508,"play_id":"fc8aa9ac-11c6-4793-8e97-c8a0076d2fd6","local_time":"20190727221129","is_ascension_mode":false,"campfire_choices":[{"data":"Footwork","floor":6,"key":"SMITH"},{"floor":8,"key":"REST"},{"floor":13,"key":"REST"},{"data":"Neutralize","floor":15,"key":"SMITH"},{"floor":23,"key":"REST"},{"floor":27,"key":"REST"},{"floor":30,"key":"REST"},{"floor":32,"key":"REST"},{"floor":40,"key":"REST"},{"floor":42,"key":"REST"}],"neow_cost":"NONE","seed_source_timestamp":5359918948848,"circlet_count":0,"master_deck":["Strike_G","Strike_G","Strike_G","Strike_G","Defend_G","Defend_G","Defend_G","Defend_G","Defend_G","Survivor","Neutralize+1","Dash","Footwork+1","Blade Dance","Underhanded Strike","Endless Agony","Sucker Punch","Dagger Throw","A Thousand Cuts","Dagger Spray","Slice","Necronomicurse","Eviscerate","Outmaneuver","Strike_G","Prepared","Poisoned Stab","Glass Knife","Riddle With Holes+1","Blind","Dodge and Roll","Acrobatics+1"],"relics":["Busted Crown","WarpedTongs","Blood Vial","Oddly Smooth Stone","Philosopher\u0027s Stone","MutagenicStrength","Necronomicon","Ice Cream","Tiny Chest","Dodecahedron","Tough Bandages","WristBlade","Mango","Turnip","Darkstone Periapt","Omamori"],"potions_floor_usage":[12,16,16,22,24,31,31,38,38,39,44],"damage_taken":[{"damage":0,"enemies":"Cultist","floor":1,"turns":4},{"damage":0,"enemies":"2 Louse","floor":2,"turns":4},{"damage":15,"enemies":"Jaw Worm","floor":5,"turns":4},{"damage":4,"enemies":"2 Fungi Beasts","floor":7,"turns":4},{"damage":2,"enemies":"Blue Slaver","floor":10,"turns":4},{"damage":23,"enemies":"Gremlin Nob","floor":12,"turns":5},{"damage":4,"enemies":"Large Slime","floor":14,"turns":5},{"damage":24,"enemies":"Hexaghost","floor":16,"turns":10},{"damage":33,"enemies":"2 Thieves","floor":18,"turns":4},{"damage":0,"enemies":"3 Byrds","floor":19,"turns":4},{"damage":5,"enemies":"Centurion and Healer","floor":22,"turns":3},{"damage":11,"enemies":"Book of Stabbing","floor":24,"turns":5},{"damage":36,"enemies":"Slavers","floor":29,"turns":5},{"damage":0,"enemies":"3 Cultists","floor":31,"turns":4},{"damage":22,"enemies":"Collector","floor":33,"turns":9},{"damage":19,"enemies":"3 Darklings","floor":35,"turns":4},{"damage":13,"enemies":"3 Shapes","floor":37,"turns":3},{"damage":0,"enemies":"Spire Growth","floor":38,"turns":2},{"damage":17,"enemies":"3 Darklings","floor":39,"turns":4},{"damage":47,"enemies":"Mind Bloom Boss Battle","floor":41,"turns":5},{"damage":49,"enemies":"Reptomancer","floor":44,"turns":7},{"damage":12,"enemies":"Writhing Mass","floor":45,"turns":1}],"seed_played":"5969721380190074049","potions_obtained":[{"floor":1,"key":"SteroidPotion"},{"floor":2,"key":"GhostInAJar"},{"floor":7,"key":"EssenceOfSteel"},{"floor":12,"key":"Poison Potion"},{"floor":19,"key":"LiquidBronze"},{"floor":29,"key":"Dexterity Potion"},{"floor":31,"key":"Fruit Juice"},{"floor":35,"key":"Fire Potion"},{"floor":37,"key":"Ancient Potion"},{"floor":41,"key":"Weak Potion"},{"floor":44,"key":"Energy Potion"}],"is_trial":false,"path_per_floor":["M","M","$","?","M","R","M","R","T","M","$","E","R","M","R","B",null,"M","M","?","?","M","R","E","T","T","R","?","E","R","M","R","B",null,"M","$","M","M","M","R","?","R","T","E","M"],"character_chosen":"THE_SILENT","items_purchased":["Footwork","Mango","Block Potion","Blind"],"campfire_rested":8,"item_purchase_floors":[3,36,36,36],"current_hp_per_floor":[70,70,70,70,55,55,51,70,70,68,68,47,68,66,66,44,70,37,39,39,23,20,41,32,32,32,53,53,19,40,47,69,49,75,56,70,59,61,46,72,27,53,53,6,0],"gold":208,"neow_bonus":"BOSS_RELIC","is_prod":false,"is_daily":false,"chose_seed":false,"campfire_upgraded":2,"win_rate":0.0,"timestamp":1564279889,"path_taken":["M","?","$","?","M","R","M","R","T","M","$","E","R","M","R","BOSS","M","?","?","?","M","R","E","?","T","R","?","E","R","M","R","BOSS","M","?","M","?","M","R","?","R","T","E","M"],"build_version":"2019-07-17","purchased_purges":1,"victory":false,"max_hp_per_floor":[70,70,70,70,70,70,70,70,70,70,70,70,70,70,70,70,70,70,70,70,70,70,70,70,70,70,70,70,70,70,75,75,75,75,75,89,89,89,89,89,89,89,89,89,89],"card_choices":[{"not_picked":["Finisher"],"picked":"SKIP","floor":1},{"not_picked":[],"picked":"Dash","floor":2},{"not_picked":[],"picked":"Blade Dance","floor":5},{"not_picked":[],"picked":"Underhanded Strike","floor":7},{"not_picked":[],"picked":"Endless Agony","floor":10},{"not_picked":[],"picked":"Sucker Punch","floor":12},{"not_picked":[],"picked":"Dagger Throw","floor":14},{"not_picked":[],"picked":"A Thousand Cuts","floor":16},{"not_picked":[],"picked":"Dagger Spray","floor":18},{"not_picked":[],"picked":"Slice","floor":19},{"not_picked":[],"picked":"Eviscerate","floor":22},{"not_picked":[],"picked":"Outmaneuver","floor":24},{"not_picked":[],"picked":"Prepared","floor":29},{"not_picked":[],"picked":"Poisoned Stab","floor":31},{"not_picked":[],"picked":"Glass Knife","floor":33},{"not_picked":[],"picked":"Riddle With Holes+1","floor":35},{"not_picked":["Deflect"],"picked":"SKIP","floor":37},{"not_picked":["Eviscerate"],"picked":"SKIP","floor":38},{"not_picked":["Outmaneuver"],"picked":"SKIP","floor":39},{"not_picked":[],"picked":"Dodge and Roll","floor":41},{"not_picked":[],"picked":"Acrobatics+1","floor":44}],"player_experience":163211,"relics_obtained":[{"floor":9,"key":"Blood Vial"},{"floor":12,"key":"Oddly Smooth Stone"},{"floor":21,"key":"Necronomicon"},{"floor":24,"key":"Ice Cream"},{"floor":25,"key":"Tiny Chest"},{"floor":26,"key":"Dodecahedron"},{"floor":29,"key":"Tough Bandages"},{"floor":41,"key":"Turnip"},{"floor":43,"key":"Darkstone Periapt"},{"floor":44,"key":"Omamori"}],"event_choices":[{"damage_healed":0,"gold_gain":0,"player_choice":"Rummage","damage_taken":0,"relics_obtained":["WarpedTongs"],"max_hp_gain":0,"max_hp_loss":0,"event_name":"Accursed Blacksmith","floor":4,"gold_loss":0,"cards_obtained":["Pain"]},{"damage_healed":0,"gold_gain":0,"player_choice":"Inject Mutagens","damage_taken":0,"relics_obtained":["MutagenicStrength"],"max_hp_gain":0,"max_hp_loss":0,"event_name":"Drug Dealer","floor":20,"gold_loss":0},{"damage_healed":0,"gold_gain":0,"player_choice":"Obtained Book","damage_taken":16,"max_hp_gain":0,"max_hp_loss":0,"event_name":"Cursed Tome","floor":21,"gold_loss":0},{"cards_removed":["Strike_G"],"damage_healed":0,"gold_gain":0,"player_choice":"Took Card","damage_taken":0,"max_hp_gain":0,"max_hp_loss":0,"event_name":"NoteForYourself","floor":28,"gold_loss":0,"cards_obtained":["Strike_G"]},{"damage_healed":0,"gold_gain":0,"player_choice":"Fight","damage_taken":0,"max_hp_gain":0,"max_hp_loss":0,"event_name":"MindBloom","floor":41,"gold_loss":0}],"is_beta":false,"boss_relics":[{"not_picked":["HoveringKite","Runic Dome"],"picked":"Philosopher\u0027s Stone"},{"not_picked":["Sozu","Empty Cage"],"picked":"WristBlade"}],"items_purged_floors":[11],"is_endless":false,"potions_floor_spawned":[1,2,7,12,19,29,31,35,37,41,44],"killed_by":"Writhing Mass","ascension_level":0}