{"gold_per_floor":[13,33,33,33,33,63,63,83,110,144,144,155,155,35,35,130,130,147,131,131,131,11,41,41,61,61,80,80,94,94,114,114,215,215,231,306,316,333,14,48,48,62,110,12,28,28,42,42,42,42],"floor_reached":50,"playtime":5220,"items_purged":["Writhe","Strike_B"],"score":629,"play_id":"3d5a2ff4-cf02-4ede-8196-4de976fa5b3a","local_time":"20190210235614","is_ascension_mode":false,"campfire_choices":[{"data":"Defragment","floor":7,"key":"SMITH"},{"data":"Loop","floor":11,"key":"SMITH"},{"data":"Buffer","floor":13,"key":"SMITH"},{"data":"Chrysalis","floor":15,"key":"SMITH"},{"data":"Defragment","floor":24,"key":"SMITH"},{"floor":28,"key":"RECALL"},{"data":"Biased Cognition","floor":30,"key":"SMITH"},{"data":"Steam","floor":32,"key":"SMITH"},{"data":"Buffer","floor":41,"key":"SMITH"},{"data":"Redo","floor":46,"key":"SMITH"},{"floor":49,"key":"REST"}],"neow_cost":"NO_GOLD","seed_source_timestamp":403566511827188,"circlet_count":0,"master_deck":["Strike_B","Strike_B","Defend_B","Defend_B","Defend_B","Defend_B","Zap","Dualcast","Chrysalis+1","Defragment+1","Doom and Gloom","Leap","Loop+1","Buffer+1","Self Repair","Cold Snap","Biased Cognition+1","Defragment+1","Reboot","Sweeping Beam","Steam+1","Darkness+1","Double Energy+1","Auto Shields+1","Leap","Core Surge","Double Energy+1","Loop+1","Consume","Capacitor","Core Surge","Buffer+1","Redo+1","Auto Shields+1","Leap+1","Reinforced Body"],"special_seed":0,"relics":["Cracked Core","Bag of Preparation","Lantern","Smiling Mask","Runic Pyramid","Blood Vial","Sundial","Nuclear Battery","DollysMirror","Emotion Chip","Omamori"],"potions_floor_usage":[10,10,19,21,23,25,33,40,42],"damage_taken":[{"damage":1,"enemies":"Cultist","floor":1,"turns":3},{"damage":5,"enemies":"Small Slimes","floor":2,"turns":3},{"damage":20,"enemies":"Lagavulin","floor":6,"turns":8},{"damage":3,"enemies":"Jaw Worm","floor":8,"turns":3},{"damage":8,"enemies":"3 Sentries","floor":10,"turns":7},{"damage":0,"enemies":"2 Fungi Beasts","floor":12,"turns":2},{"damage":0,"enemies":"The Guardian","floor":16,"turns":8},{"damage":0,"enemies":"Chosen","floor":18,"turns":5},{"damage":12,"enemies":"2 Thieves","floor":19,"turns":4},{"damage":0,"enemies":"Sentry and Sphere","floor":21,"turns":3},{"damage":22,"enemies":"Gremlin Leader","floor":23,"turns":8},{"damage":26,"enemies":"Snake Plant","floor":25,"turns":6},{"damage":0,"enemies":"Centurion and Healer","floor":27,"turns":6},{"damage":23,"enemies":"Shelled Parasite and Fungi","floor":29,"turns":6},{"damage":0,"enemies":"Chosen and Byrds","floor":31,"turns":6},{"damage":12,"enemies":"Automaton","floor":33,"turns":7},{"damage":0,"enemies":"3 Shapes","floor":35,"turns":6},{"damage":19,"enemies":"3 Darklings","floor":37,"turns":8},{"damage":30,"enemies":"Jaw Worm Horde","floor":38,"turns":7},{"damage":0,"enemies":"Giant Head","floor":40,"turns":9},{"damage":11,"enemies":"4 Shapes","floor":42,"turns":5},{"damage":33,"enemies":"3 Darklings","floor":45,"turns":6},{"damage":0,"enemies":"Maw","floor":47,"turns":6},{"damage":74,"enemies":"Awakened One","floor":50,"turns":6}],"seed_played":"2194714504960116081","potions_obtained":[{"floor":2,"key":"LiquidBronze"},{"floor":6,"key":"SmokeBomb"},{"floor":8,"key":"EssenceOfSteel"},{"floor":10,"key":"Weak Potion"},{"floor":18,"key":"Dexterity Potion"},{"floor":23,"key":"Regen Potion"},{"floor":25,"key":"FocusPotion"},{"floor":33,"key":"Strength Potion"},{"floor":38,"key":"Fire Potion"}],"is_trial":false,"path_per_floor":["M","M","?","$","?","E","R","M","T","E","R","M","R","$","R","B",null,"M","M","?","M","$","E","R","M","T","M","R","M","R","M","R","B",null,"M","?","M","M","$","E","R","M","T","$","M","R","M","?","R","B"],"character_chosen":"DEFECT","items_purchased":["Self Repair","Cold Snap","Sweeping Beam","Steam","Consume","Capacitor","DollysMirror","Redo"],"campfire_rested":1,"item_purchase_floors":[14,14,22,22,39,39,39,44],"current_hp_per_floor":[74,69,69,69,85,65,65,62,62,54,54,54,54,54,54,61,85,85,80,80,85,85,70,70,68,68,77,77,56,56,58,58,55,85,85,77,67,46,46,55,55,53,53,53,29,29,38,38,63,0],"gold":42,"neow_bonus":"RANDOM_COLORLESS_2","is_prod":false,"is_daily":false,"chose_seed":false,"campfire_upgraded":9,"win_rate":0,"timestamp":1549871774,"path_taken":["M","?","?","?","?","E","R","M","T","E","R","M","R","$","R","BOSS","M","?","?","M","$","E","R","M","T","M","R","M","R","M","R","BOSS","M","?","?","M","$","E","R","M","T","?","M","R","M","?","R","BOSS"],"build_version":"2019-01-23","purchased_purges":2,"victory":false,"max_hp_per_floor":[75,75,75,75,85,85,85,85,85,85,85,85,85,85,85,85,85,85,85,85,85,85,85,85,85,85,85,85,85,85,85,85,85,85,85,85,85,85,85,85,85,85,85,85,85,85,85,85,85,85],"card_choices":[{"not_picked":["Steam","Cold Snap"],"picked":"Defragment","floor":1},{"not_picked":["Barrage","Stack","Beam Cell"],"picked":"SKIP","floor":2},{"not_picked":["Coolheaded","Steam"],"picked":"Doom and Gloom","floor":6},{"not_picked":["Chaos","Scrape"],"picked":"Leap","floor":8},{"not_picked":["Streamline","Beam Cell"],"picked":"Loop","floor":10},{"not_picked":["Barrage","Streamline"],"picked":"Buffer","floor":12},{"not_picked":["Rainbow","All For One"],"picked":"Biased Cognition","floor":16},{"not_picked":["Chaos","Gash"],"picked":"Defragment","floor":18},{"not_picked":["Go for the Eyes","Hologram"],"picked":"Reboot","floor":19},{"not_picked":["Coolheaded","Reinforced Body+1"],"picked":"Darkness+1","floor":23},{"not_picked":["Steam","Go for the Eyes+1"],"picked":"Double Energy+1","floor":25},{"not_picked":["Aggregate","Recycle+1"],"picked":"Auto Shields+1","floor":27},{"not_picked":["Gash","Beam Cell+1","Doom and Gloom"],"picked":"SKIP","floor":29},{"not_picked":["Darkness","Chaos"],"picked":"Leap","floor":31},{"not_picked":["Multi-Cast","Creative AI"],"picked":"Core Surge","floor":33},{"not_picked":["Gash","Chaos"],"picked":"Double Energy+1","floor":35},{"not_picked":["Go for the Eyes","Steam Power","Stack"],"picked":"SKIP","floor":37},{"not_picked":["Go for the Eyes","Steam Power","Stack"],"picked":"SKIP","floor":37},{"not_picked":["Turbo","Redo"],"picked":"Loop+1","floor":38},{"not_picked":["Fission","Auto Shields+1"],"picked":"Buffer","floor":40},{"not_picked":["Rebound","Hologram","Go for the Eyes"],"picked":"SKIP","floor":42},{"not_picked":["Ball Lightning","Conserve Battery"],"picked":"Auto Shields+1","floor":45},{"not_picked":["Conserve Battery","Beam Cell"],"picked":"Leap+1","floor":47}],"player_experience":580038,"relics_obtained":[{"floor":6,"key":"Bag of Preparation"},{"floor":9,"key":"Lantern"},{"floor":10,"key":"Smiling Mask"},{"floor":23,"key":"Sundial"},{"floor":40,"key":"Emotion Chip"},{"floor":43,"key":"Omamori"}],"event_choices":[{"cards_removed":["Strike_B"],"damage_healed":0,"gold_gain":0,"player_choice":"Purged","damage_taken":0,"max_hp_gain":0,"max_hp_loss":0,"event_name":"Purifier","floor":3,"gold_loss":0},{"cards_removed":["Metamorphosis"],"damage_healed":6,"gold_gain":0,"player_choice":"Offered Rare","damage_taken":0,"max_hp_gain":10,"max_hp_loss":0,"event_name":"Bonfire Elementals","floor":5,"gold_loss":0},{"damage_healed":0,"gold_gain":0,"player_choice":"Opened","damage_taken":0,"relics_obtained":["Blood Vial"],"max_hp_gain":0,"max_hp_loss":0,"event_name":"The Mausoleum","floor":20,"gold_loss":0,"cards_obtained":["Writhe"]},{"damage_healed":0,"gold_gain":75,"player_choice":"Touch","damage_taken":8,"max_hp_gain":0,"max_hp_loss":0,"event_name":"FaceTrader","floor":36,"gold_loss":0},{"damage_healed":0,"gold_gain":0,"player_choice":"1 cards matched","damage_taken":0,"max_hp_gain":0,"max_hp_loss":0,"event_name":"Match and Keep!","floor":48,"gold_loss":0,"cards_obtained":["Reinforced Body"]}],"is_beta":false,"boss_relics":[{"not_picked":["Black Star","Cursed Key"],"picked":"Runic Pyramid"},{"not_picked":["Calling Bell","Runic Dome"],"picked":"Nuclear Battery"}],"items_purged_floors":[22,44],"is_endless":false,"potions_floor_spawned":[2,6,8,10,18,23,25,33,38],"killed_by":"Awakened One","ascension_level":0}