{"gold_per_floor":[117,136,211,225,245,275,275,275,275,292,321,43,56,75,75,178,178,197,209,227,241,253,253,288,305,374,374,404,26,52,62,62,161,161,176,190,190,200,75,75,75,106,106,131,149,183,183,215,215,215],"floor_reached":51,"playtime":4844,"items_purged":["Defend_R","Strike_R","Shame"],"score":1017,"play_id":"8e59455d-e2ea-41a1-b72d-afc13d2c34ba","local_time":"20181210154937","is_ascension_mode":true,"campfire_choices":[{"data":"Anger","floor":7,"key":"SMITH"},{"floor":15,"key":"REST"},{"data":"Flame Barrier","floor":27,"key":"SMITH"},{"data":"Offering","floor":32,"key":"SMITH"},{"data":"Demon Form","floor":40,"key":"SMITH"},{"floor":47,"key":"REST"},{"floor":49,"key":"REST"}],"neow_cost":"NONE","seed_source_timestamp":71098746308710,"circlet_count":0,"master_deck":["Strike_R","Strike_R","Strike_R+1","Strike_R","Defend_R","Defend_R","Defend_R","Bash+1","Headbutt+1","Anger+1","Headbutt","Offering+1","Dropkick","Shrug It Off","Shrug It Off","Inflame","Trip","Iron Wave+1","Pommel Strike","Feed","Pommel Strike","Iron Wave+1","Spot Weakness+1","Iron Wave+1","Flame Barrier+1","Dropkick","Seeing Red","Thunderclap+1","Demon Form+1","Exhume","Decay","Thunderclap+1","Seeing Red+1","Shrug It Off+1","Pain","Shame","Pummel+1","Rampage+1","Heavy Blade+1","Flex+1"],"relics":["Burning Blood","Pantograph","Blue Candle","Centennial Puzzle","Cursed Key","Omamori","Molten Egg 2","Sundial","Bag of Marbles","Bottled Lightning","Calling Bell","Juzu Bracelet","Ornamental Fan","Pocketwatch","WarpedTongs","Dream Catcher","Question Card","Boot","Frozen Egg 2","Ancient Tea Set"],"potions_floor_usage":[6,10,14,16,16,21,22,24,28,33,33,42,44,48],"damage_taken":[{"damage":1,"enemies":"Small Slimes","floor":1,"turns":3},{"damage":2,"enemies":"Jaw Worm","floor":2,"turns":3},{"damage":1,"enemies":"Cultist","floor":4,"turns":3},{"damage":9,"enemies":"Red Slaver","floor":5,"turns":3},{"damage":8,"enemies":"Gremlin Nob","floor":6,"turns":3},{"damage":8,"enemies":"Exordium Thugs","floor":10,"turns":2},{"damage":40,"enemies":"3 Sentries","floor":11,"turns":11},{"damage":6,"enemies":"3 Louse","floor":13,"turns":3},{"damage":16,"enemies":"Gremlin Gang","floor":14,"turns":4},{"damage":27,"enemies":"The Guardian","floor":16,"turns":8},{"damage":8,"enemies":"3 Byrds","floor":18,"turns":4},{"damage":10,"enemies":"Shell Parasite","floor":19,"turns":4},{"damage":17,"enemies":"Shelled Parasite and Fungi","floor":20,"turns":4},{"damage":6,"enemies":"Centurion and Healer","floor":21,"turns":2},{"damage":8,"enemies":"Cultist and Chosen","floor":22,"turns":4},{"damage":25,"enemies":"Gremlin Leader","floor":24,"turns":4},{"damage":6,"enemies":"Snecko","floor":25,"turns":3},{"damage":11,"enemies":"Book of Stabbing","floor":28,"turns":3},{"damage":9,"enemies":"Slavers","floor":30,"turns":3},{"damage":6,"enemies":"3 Cultists","floor":31,"turns":2},{"damage":49,"enemies":"Automaton","floor":33,"turns":7},{"damage":21,"enemies":"Orb Walker","floor":35,"turns":3},{"damage":20,"enemies":"3 Darklings","floor":36,"turns":4},{"damage":7,"enemies":"4 Shapes","floor":38,"turns":3},{"damage":15,"enemies":"Giant Head","floor":42,"turns":4},{"damage":17,"enemies":"Reptomancer","floor":44,"turns":4},{"damage":4,"enemies":"Writhing Mass","floor":45,"turns":4},{"damage":45,"enemies":"Nemesis","floor":46,"turns":5},{"damage":9,"enemies":"Giant Head","floor":48,"turns":4},{"damage":29,"enemies":"Time Eater","floor":50,"turns":5}],"seed_played":"-7234075825923066312","potions_obtained":[{"floor":2,"key":"Fire Potion"},{"floor":6,"key":"Explosive Potion"},{"floor":11,"key":"FearPotion"},{"floor":13,"key":"BloodPotion"},{"floor":14,"key":"Swift Potion"},{"floor":16,"key":"Weak Potion"},{"floor":20,"key":"Fire Potion"},{"floor":21,"key":"Swift Potion"},{"floor":22,"key":"Weak Potion"},{"floor":30,"key":"Poison Potion"},{"floor":31,"key":"Explosive Potion"},{"floor":35,"key":"Ancient Potion"},{"floor":38,"key":"Block Potion"},{"floor":46,"key":"Ancient Potion"},{"floor":48,"key":"Fire Potion"}],"is_trial":false,"path_per_floor":["M","M","?","M","M","E","R","?","T","M","E","$","M","M","R","B",null,"M","M","M","M","M","?","E","M","T","R","E","$","E","M","R","B",null,"M","M","?","M","$","R","?","E","T","E","M","E","R","E","R","B",null],"character_chosen":"IRONCLAD","items_purchased":["Shrug It Off","Inflame","Trip","Seeing Red","Bag of Marbles","FairyPotion"],"campfire_rested":3,"item_purchase_floors":[12,12,12,29,29,29],"current_hp_per_floor":[80,80,69,74,71,69,69,53,53,51,17,17,17,15,39,43,80,81,80,69,72,73,73,54,57,57,57,52,52,49,49,49,31,95,80,66,66,65,65,65,65,56,56,45,51,15,45,42,72,74],"gold":215,"neow_bonus":"UPGRADE_CARD","is_prod":false,"is_daily":false,"chose_seed":false,"campfire_upgraded":4,"win_rate":0,"timestamp":1544485777,"path_taken":["M","M","?","M","M","E","R","?","T","M","E","?","?","M","R","BOSS","M","M","M","M","M","?","E","M","T","R","E","?","E","M","R","BOSS","M","M","?","M","$","R","?","E","T","E","M","E","R","E","R","BOSS"],"build_version":"2018-12-06","purchased_purges":3,"victory":true,"max_hp_per_floor":[80,80,80,80,80,80,80,80,80,80,80,80,80,80,80,80,80,83,86,86,89,92,92,92,95,95,95,95,95,95,95,95,95,95,95,95,95,95,95,95,95,95,95,95,99,102,102,102,102,102],"card_choices":[{"not_picked":["Corruption","Sword Boomerang"],"picked":"Headbutt","floor":1},{"not_picked":["True Grit","Searing Blow"],"picked":"Anger","floor":2},{"not_picked":["Perfected Strike","Blood for Blood"],"picked":"Headbutt","floor":4},{"not_picked":["Clash","Entrench"],"picked":"Offering","floor":5},{"not_picked":["Clothesline","Warcry"],"picked":"Dropkick","floor":6},{"not_picked":["Second Wind","Flame Barrier"],"picked":"Shrug It Off","floor":10},{"not_picked":["Wild Strike","Fiend Fire","Sentinel"],"picked":"SKIP","floor":11},{"not_picked":["Flex","Havoc"],"picked":"Iron Wave","floor":13},{"not_picked":["Wild Strike","Sword Boomerang"],"picked":"Pommel Strike","floor":14},{"not_picked":["Juggernaut","Fiend Fire"],"picked":"Feed","floor":16},{"not_picked":["Flex","Clash"],"picked":"Pommel Strike","floor":18},{"not_picked":["Clothesline","Carnage+1","True Grit"],"picked":"SKIP","floor":19},{"not_picked":["Headbutt+1","Heavy Blade"],"picked":"Iron Wave+1","floor":20},{"not_picked":["Shrug It Off+1","True Grit+1"],"picked":"Spot Weakness+1","floor":21},{"not_picked":["Armaments","Pummel"],"picked":"Iron Wave+1","floor":22},{"not_picked":["Infernal Blade","Armaments"],"picked":"Flame Barrier","floor":24},{"not_picked":["Feel No Pain","Heavy Blade+1"],"picked":"Dropkick","floor":25},{"not_picked":["Clash+1","Clothesline+1","Cleave+1"],"picked":"SKIP","floor":28},{"not_picked":["Blood for Blood+1","Shockwave"],"picked":"Thunderclap+1","floor":30},{"not_picked":["Hemokinesis+1","Headbutt+1"],"picked":"Demon Form","floor":31},{"not_picked":["Dark Embrace","Barricade"],"picked":"Exhume","floor":33},{"not_picked":["Clothesline+1","Twin Strike+1"],"picked":"Thunderclap+1","floor":35},{"not_picked":["Clash+1","Warcry"],"picked":"Seeing Red+1","floor":36},{"not_picked":["Barricade","Body Slam+1"],"picked":"Shrug It Off+1","floor":38},{"not_picked":["Clothesline+1","Sever Soul+1","Entrench"],"picked":"SKIP","floor":42},{"not_picked":["Headbutt+1","Corruption+1","Sever Soul+1"],"picked":"Pummel+1","floor":44},{"not_picked":["Dark Embrace","Blood for Blood+1","Wild Strike+1","Armaments+1"],"picked":"SKIP","floor":45},{"not_picked":["Wild Strike+1","Sever Soul+1","Thunderclap+1"],"picked":"Rampage+1","floor":46},{"not_picked":["Perfected Strike+1","Sentinel+1","Iron Wave+1"],"picked":"Heavy Blade+1","floor":47},{"not_picked":["Battle Trance","Body Slam+1","Double Tap","Corruption+1"],"picked":"SKIP","floor":48},{"not_picked":["True Grit","Body Slam+1","Pommel Strike+1"],"picked":"Flex+1","floor":49}],"player_experience":196984,"relics_obtained":[{"floor":6,"key":"Pantograph"},{"floor":9,"key":"Blue Candle"},{"floor":11,"key":"Centennial Puzzle"},{"floor":24,"key":"Omamori"},{"floor":26,"key":"Molten Egg 2"},{"floor":28,"key":"Sundial"},{"floor":30,"key":"Bottled Lightning"},{"floor":34,"key":"Juzu Bracelet"},{"floor":34,"key":"Ornamental Fan"},{"floor":34,"key":"Pocketwatch"},{"floor":42,"key":"Dream Catcher"},{"floor":43,"key":"Question Card"},{"floor":44,"key":"Boot"},{"floor":46,"key":"Frozen Egg 2"},{"floor":48,"key":"Ancient Tea Set"}],"event_choices":[{"damage_healed":0,"gold_gain":75,"player_choice":"Gather Gold","damage_taken":11,"max_hp_gain":0,"max_hp_loss":0,"event_name":"World of Goop","floor":3,"gold_loss":0},{"damage_healed":0,"gold_gain":0,"player_choice":"Entered Light","damage_taken":16,"max_hp_gain":0,"max_hp_loss":0,"event_name":"Shining Light","floor":8,"gold_loss":0,"cards_upgraded":["Strike_R","Headbutt"]},{"damage_healed":0,"gold_gain":0,"player_choice":"Upgraded","damage_taken":0,"max_hp_gain":0,"max_hp_loss":0,"event_name":"Upgrade Shrine","floor":23,"gold_loss":0,"cards_upgraded":["Iron Wave"]},{"damage_healed":0,"gold_gain":0,"player_choice":"Ignored","damage_taken":0,"max_hp_gain":0,"max_hp_loss":0,"event_name":"Tomb of Lord Red Mask","floor":37,"gold_loss":0},{"damage_healed":0,"gold_gain":0,"player_choice":"Rummage","damage_taken":0,"relics_obtained":["WarpedTongs"],"max_hp_gain":0,"max_hp_loss":0,"event_name":"Accursed Blacksmith","floor":41,"gold_loss":0,"cards_obtained":["Pain"]}],"is_beta":false,"boss_relics":[{"not_picked":["Black Star","Lizard Tail"],"picked":"Cursed Key"},{"not_picked":["Fusion Hammer","Pandora\u0027s Box"],"picked":"Calling Bell"}],"items_purged_floors":[12,29,39],"is_endless":false,"potions_floor_spawned":[2,6,11,13,14,16,20,21,22,30,31,35,38,46,48],"ascension_level":3}