{"gold_per_floor":[119,79,92,110,121,121,148,148,228,228,228,228,242,257,257,329,329,344,359,359,369,381,409,409,425,425,425,460,460,480,493,493,572,572,582,582,600,610,253,253,278,293,293,293,293,293,25,25,25,25],"floor_reached":50,"playtime":3977,"items_purged":["Strike_R"],"score":907,"play_id":"6bef9c4b-3feb-4e65-808e-67c5f0b2f7fd","local_time":"20190124130444","is_ascension_mode":true,"campfire_choices":[{"data":"Bash","floor":6,"key":"SMITH"},{"data":"Cleave","floor":10,"key":"SMITH"},{"data":"Inflame","floor":12,"key":"SMITH"},{"data":"Metallicize","floor":15,"key":"SMITH"},{"floor":24,"key":"REST"},{"floor":29,"key":"REST"},{"floor":32,"key":"REST"},{"floor":40,"key":"REST"},{"floor":49,"key":"REST"}],"neow_cost":"PERCENT_DAMAGE","seed_source_timestamp":334176406052732,"circlet_count":0,"master_deck":["AscendersBane","Strike_R","Strike_R","Defend_R","Defend_R","Defend_R","Bash+1","Clash","Shrug It Off","Clash","Cleave+1","Clash","Inflame+1","Metallicize+1","Double Tap","Uppercut","Carnage","Burning Pact+1","Ghostly Armor","Metallicize","Juggernaut","Bash","Shrug It Off","Ghostly Armor","Seeing Red+1","Reaper","Clothesline","Good Instincts","Sadistic Nature","Infernal Blade+1","Shrug It Off+1","Carnage"],"relics":["Burning Blood","Odd Mushroom","Mercury Hourglass","Question Card","Fusion Hammer","Dodecahedron","Gremlin Horn","Charon\u0027s Ashes","Velvet Choker","Paper Frog","Art of War","Toxic Egg 2","Anchor"],"potions_floor_usage":[16,18,23,23,28,31,33,37,41,50],"damage_taken":[{"damage":0,"enemies":"Cultist","floor":1,"turns":2},{"damage":11,"enemies":"Small Slimes","floor":3,"turns":3},{"damage":2,"enemies":"Jaw Worm","floor":4,"turns":3},{"damage":0,"enemies":"Large Slime","floor":5,"turns":4},{"damage":22,"enemies":"The Mushroom Lair","floor":7,"turns":4},{"damage":18,"enemies":"Exordium Thugs","floor":13,"turns":3},{"damage":0,"enemies":"Gremlin Gang","floor":14,"turns":2},{"damage":6,"enemies":"Slime Boss","floor":16,"turns":8},{"damage":11,"enemies":"2 Thieves","floor":18,"turns":2},{"damage":7,"enemies":"Spheric Guardian","floor":19,"turns":3},{"damage":5,"enemies":"Snake Plant","floor":21,"turns":3},{"damage":3,"enemies":"Snecko","floor":22,"turns":4},{"damage":45,"enemies":"Slavers","floor":23,"turns":6},{"damage":14,"enemies":"Chosen and Byrds","floor":25,"turns":5},{"damage":20,"enemies":"Gremlin Leader","floor":28,"turns":5},{"damage":10,"enemies":"Centurion and Healer","floor":30,"turns":3},{"damage":7,"enemies":"Cultist and Chosen","floor":31,"turns":6},{"damage":55,"enemies":"Automaton","floor":33,"turns":10},{"damage":17,"enemies":"3 Darklings","floor":35,"turns":5},{"damage":8,"enemies":"3 Shapes","floor":37,"turns":4},{"damage":23,"enemies":"Transient","floor":38,"turns":5},{"damage":69,"enemies":"Reptomancer","floor":41,"turns":6},{"damage":5,"enemies":"4 Shapes","floor":42,"turns":5},{"damage":43,"enemies":"Donu and Deca","floor":50,"turns":5}],"seed_played":"3587484817033789222","potions_obtained":[{"floor":5,"key":"FearPotion"},{"floor":13,"key":"FearPotion"},{"floor":16,"key":"Explosive Potion"},{"floor":20,"key":"SkillPotion"},{"floor":20,"key":"Ancient Potion"},{"floor":25,"key":"Dexterity Potion"},{"floor":30,"key":"Regen Potion"},{"floor":31,"key":"BloodPotion"},{"floor":33,"key":"Fire Potion"},{"floor":35,"key":"Regen Potion"},{"floor":42,"key":"GamblersBrew"}],"is_trial":false,"path_per_floor":["M","?","M","M","M","R","?","T","T","R","?","R","M","M","R","B",null,"M","M","?","M","M","E","R","M","T","?","E","R","M","M","R","B",null,"M","?","M","M","$","R","E","M","T","?","?","?","$","?","R","B"],"character_chosen":"IRONCLAD","items_purchased":["Paper Frog","Shrug It Off+1","Anchor","Carnage"],"campfire_rested":5,"item_purchase_floors":[39,47,47,47],"current_hp_per_floor":[56,56,51,55,61,61,45,45,45,45,45,45,33,39,39,39,66,61,60,60,61,64,25,47,39,39,39,25,47,43,57,75,33,65,75,70,68,51,51,73,19,20,20,20,20,20,20,20,41,0],"gold":25,"neow_bonus":"TRANSFORM_TWO_CARDS","is_prod":false,"is_daily":false,"chose_seed":false,"campfire_upgraded":4,"win_rate":0,"timestamp":1548363884,"path_taken":["M","?","M","M","M","R","?","?","T","R","?","R","M","M","R","BOSS","M","M","?","M","?","E","R","M","T","?","E","R","?","M","R","BOSS","M","?","M","M","$","R","E","M","T","?","?","?","$","?","R","BOSS"],"build_version":"2019-01-17v2","purchased_purges":1,"victory":false,"max_hp_per_floor":[75,75,75,75,75,75,75,75,75,75,75,75,75,75,75,75,75,75,75,75,75,75,75,75,75,75,75,75,75,75,75,75,75,75,75,75,75,75,75,75,75,75,75,75,75,75,75,71,71,71],"card_choices":[{"not_picked":["Clothesline","Sentinel"],"picked":"Shrug It Off","floor":1},{"not_picked":["Body Slam","Thunderclap"],"picked":"Clash","floor":3},{"not_picked":["Perfected Strike","Havoc"],"picked":"Cleave","floor":4},{"not_picked":["Burning Pact","Heavy Blade","Searing Blow"],"picked":"SKIP","floor":5},{"not_picked":["Dual Wield","Power Through"],"picked":"Clash","floor":7},{"not_picked":["Shrug It Off","Body Slam","Combust"],"picked":"Metallicize","floor":13},{"not_picked":["Twin Strike","Anger","Havoc","Heavy Blade"],"picked":"SKIP","floor":14},{"not_picked":["Juggernaut","Impervious","Demon Form"],"picked":"Double Tap","floor":16},{"not_picked":["Warcry","Rampage","Wild Strike"],"picked":"Uppercut","floor":18},{"not_picked":["Wild Strike","Perfected Strike","Sword Boomerang","Twin Strike"],"picked":"SKIP","floor":19},{"not_picked":["Pommel Strike","Sword Boomerang","Inflame"],"picked":"Carnage","floor":21},{"not_picked":["Pummel","Juggernaut","Thunderclap"],"picked":"Burning Pact+1","floor":22},{"not_picked":["Disarm","Intimidate","Anger"],"picked":"Ghostly Armor","floor":23},{"not_picked":["Rampage","Body Slam","Havoc"],"picked":"Metallicize","floor":25},{"not_picked":["Metallicize","Carnage","Heavy Blade+1"],"picked":"Shrug It Off","floor":28},{"not_picked":["Anger","Blood for Blood+1","Sword Boomerang"],"picked":"Ghostly Armor","floor":30},{"not_picked":["Spot Weakness","Havoc+1","Dropkick"],"picked":"Seeing Red+1","floor":31},{"not_picked":["Demon Form","Bludgeon","Dark Embrace"],"picked":"Reaper","floor":33},{"not_picked":["Wild Strike","Thunderclap+1","Battle Trance"],"picked":"Clothesline","floor":35},{"not_picked":["Blind","Panacea","Flash of Steel"],"picked":"Good Instincts","floor":36},{"not_picked":["Metamorphosis","Trip","Blind"],"picked":"Sadistic Nature","floor":36},{"not_picked":["Pommel Strike","Dual Wield","Sword Boomerang+1","Warcry+1"],"picked":"SKIP","floor":37},{"not_picked":["Clash+1","Power Through+1","Cleave","Rage"],"picked":"SKIP","floor":38},{"not_picked":["Intimidate+1","Rage","Bloodletting"],"picked":"Infernal Blade+1","floor":41},{"not_picked":["Spot Weakness","Disarm+1","Thunderclap+1","Battle Trance"],"picked":"SKIP","floor":42}],"player_experience":510986,"relics_obtained":[{"floor":7,"key":"Odd Mushroom"},{"floor":8,"key":"Mercury Hourglass"},{"floor":9,"key":"Question Card"},{"floor":23,"key":"Dodecahedron"},{"floor":26,"key":"Gremlin Horn"},{"floor":28,"key":"Charon\u0027s Ashes"},{"floor":41,"key":"Art of War"},{"floor":43,"key":"Toxic Egg 2"}],"event_choices":[{"damage_healed":0,"gold_gain":0,"player_choice":"Left Gold","damage_taken":0,"max_hp_gain":0,"max_hp_loss":0,"event_name":"World of Goop","floor":2,"gold_loss":40},{"damage_healed":0,"gold_gain":0,"player_choice":"Fought Mushrooms","damage_taken":0,"max_hp_gain":0,"max_hp_loss":0,"event_name":"Mushrooms","floor":7,"gold_loss":0},{"damage_healed":0,"gold_gain":0,"cards_transformed":["Strike_R"],"player_choice":"Change","damage_taken":0,"max_hp_gain":0,"max_hp_loss":0,"event_name":"Living Wall","floor":11,"gold_loss":0,"cards_obtained":["Inflame"]},{"damage_healed":0,"gold_gain":0,"player_choice":"Got Potions","damage_taken":0,"max_hp_gain":0,"max_hp_loss":0,"event_name":"Lab","floor":20,"gold_loss":0},{"damage_healed":0,"gold_gain":0,"player_choice":"2 cards matched","damage_taken":0,"max_hp_gain":0,"max_hp_loss":0,"event_name":"Match and Keep!","floor":27,"gold_loss":0,"cards_obtained":["Juggernaut","Bash"]},{"damage_healed":0,"gold_gain":0,"player_choice":"2 cards matched","damage_taken":0,"max_hp_gain":0,"max_hp_loss":0,"event_name":"Match and Keep!","floor":27,"gold_loss":0,"cards_obtained":["Juggernaut","Bash"]},{"damage_healed":0,"gold_gain":0,"player_choice":"Memory 2","damage_taken":5,"max_hp_gain":0,"max_hp_loss":0,"event_name":"SensoryStone","floor":36,"gold_loss":0},{"damage_healed":0,"gold_gain":0,"player_choice":"Ignored","damage_taken":0,"max_hp_gain":0,"max_hp_loss":0,"event_name":"Mysterious Sphere","floor":44,"gold_loss":0},{"damage_healed":0,"gold_gain":0,"player_choice":"Ignored","damage_taken":0,"max_hp_gain":0,"max_hp_loss":0,"event_name":"Tomb of Lord Red Mask","floor":45,"gold_loss":0},{"cards_removed":["Dropkick"],"damage_healed":0,"gold_gain":0,"player_choice":"Removed Attack","damage_taken":0,"max_hp_gain":0,"max_hp_loss":0,"event_name":"Falling","floor":46,"gold_loss":0},{"damage_healed":0,"gold_gain":0,"player_choice":"Max HP","damage_taken":0,"max_hp_gain":0,"max_hp_loss":4,"event_name":"Winding Halls","floor":48,"gold_loss":0}],"is_beta":false,"boss_relics":[{"not_picked":["Lizard Tail","Coffee Dripper"],"picked":"Fusion Hammer"},{"not_picked":["Cursed Key","Astrolabe"],"picked":"Velvet Choker"}],"items_purged_floors":[39],"is_endless":false,"potions_floor_spawned":[5,13,16,21,25,30,31,33,35,42],"killed_by":"Donu and Deca","ascension_level":16}