{"gold_per_floor":[110,110,75,1,19,49,8,39,39,66,66,66,80,98,98,203,203,216,14,14,26,38,64,64,83,107,107,137,137,237,237,237,337,337,347,373,387,95,0,0,27,42,42,42,42,42,91,107,107,107],"floor_reached":50,"playtime":7213,"items_purged":["Strike_B"],"score":625,"play_id":"d2742f92-9011-42ae-844b-bc2ee017dedc","local_time":"20190808232853","is_ascension_mode":true,"campfire_choices":[{"floor":11,"key":"REST"},{"data":"Defragment","floor":15,"key":"SMITH"},{"floor":24,"key":"REST"},{"floor":27,"key":"REST"},{"floor":32,"key":"REST"},{"data":"Chill","floor":40,"key":"SMITH"},{"floor":49,"key":"REST"}],"neow_cost":"NONE","seed_source_timestamp":27754604558492,"circlet_count":0,"master_deck":["Strike_B","Strike_B","Strike_B","Defend_B","Defend_B","Defend_B","Defend_B","Zap+1","Dualcast","Reinforced Body+1","Sweeping Beam","BootSequence","Defragment+1","White Noise","Lockon+1","Cold Snap+1","Go for the Eyes+1","Rebound+1","Amplify","Chill+1","Ball Lightning+1","Gash+1","Steam Power+1","Beam Cell+1","Streamline+1","Barrage+1","Defragment+1","Double Energy+1","Amplify+1","Self Repair+1","Redo+1","Doom and Gloom+1","Static Discharge+1","Turbo+1","Doubt","Madness+1","Madness+1","Fusion+1"],"relics":["Cracked Core","Oddly Smooth Stone","PreservedInsect","Molten Egg 2","Shuriken","Smiling Mask","Dream Catcher","Inserter","Bronze Scales","Bottled Flame","Pen Nib","Meat on the Bone","Calipers","Toxic Egg 2","Sozu","Juzu Bracelet","Bottled Lightning","Red Mask","Anchor","Pear","Mango"],"potions_floor_usage":[6,8,16,22,23,28,37],"damage_taken":[{"damage":0,"enemies":"2 Louse","floor":1,"turns":3},{"damage":5,"enemies":"Jaw Worm","floor":5,"turns":4},{"damage":15,"enemies":"Lagavulin","floor":6,"turns":7},{"damage":8,"enemies":"Gremlin Nob","floor":8,"turns":3},{"damage":6,"enemies":"Lagavulin","floor":10,"turns":5},{"damage":0,"enemies":"Cultist","floor":13,"turns":4},{"damage":0,"enemies":"2 Fungi Beasts","floor":14,"turns":2},{"damage":24,"enemies":"Hexaghost","floor":16,"turns":8},{"damage":2,"enemies":"Spheric Guardian","floor":18,"turns":6},{"damage":0,"enemies":"3 Byrds","floor":21,"turns":3},{"damage":3,"enemies":"Cultist and Chosen","floor":22,"turns":6},{"damage":22,"enemies":"Book of Stabbing","floor":23,"turns":5},{"damage":4,"enemies":"Centurion and Healer","floor":25,"turns":5},{"damage":28,"enemies":"Slavers","floor":28,"turns":4},{"damage":21,"enemies":"Colosseum Slavers","floor":30,"turns":2},{"damage":5,"enemies":"Colosseum Nobs","floor":30,"turns":3},{"damage":28,"enemies":"Automaton","floor":33,"turns":8},{"damage":0,"enemies":"3 Shapes","floor":35,"turns":4},{"damage":6,"enemies":"3 Darklings","floor":37,"turns":5},{"damage":57,"enemies":"Reptomancer","floor":41,"turns":4},{"damage":12,"enemies":"Transient","floor":42,"turns":5},{"damage":24,"enemies":"2 Orb Walkers","floor":47,"turns":4},{"damage":66,"enemies":"4 Shapes","floor":48,"turns":5},{"damage":70,"enemies":"Donu and Deca","floor":50,"turns":5}],"seed_played":"6142954685198701383","potions_obtained":[{"floor":1,"key":"Explosive Potion"},{"floor":8,"key":"PowerPotion"},{"floor":13,"key":"Poison Potion"},{"floor":16,"key":"Fire Potion"},{"floor":21,"key":"Energy Potion"},{"floor":25,"key":"Block Potion"},{"floor":30,"key":"Block Potion"}],"is_trial":false,"path_per_floor":["M","?","?","$","M","E","$","E","T","E","R","?","M","M","R","B",null,"M","$","?","M","M","E","R","M","T","R","E","?","?","?","R","B",null,"M","T","M","$","?","R","E","M","T","?","?","?","?","M","R","B"],"character_chosen":"DEFECT","items_purchased":["Sweeping Beam","Fire Potion","White Noise","Bronze Scales","Bottled Lightning","Doom and Gloom+1"],"campfire_rested":5,"item_purchase_floors":[4,4,7,19,38,38],"current_hp_per_floor":[75,60,75,75,70,55,55,47,47,41,63,63,63,63,63,39,75,73,73,59,59,56,34,58,54,54,78,50,50,48,48,72,44,80,80,80,80,80,80,80,35,35,45,45,90,79,69,25,56,0],"gold":107,"neow_bonus":"RANDOM_COMMON_RELIC","is_prod":false,"is_daily":false,"chose_seed":false,"campfire_upgraded":2,"win_rate":0,"timestamp":1565321333,"path_taken":["M","?","?","$","M","E","?","E","T","E","R","?","?","M","R","BOSS","M","$","?","M","M","E","R","M","T","R","E","?","?","?","R","BOSS","M","?","M","$","?","R","E","M","T","?","?","?","?","M","R","BOSS"],"build_version":"2019-07-17","purchased_purges":1,"victory":false,"max_hp_per_floor":[75,75,75,75,75,75,75,75,75,75,75,75,75,75,75,75,75,75,75,80,80,80,80,80,80,80,80,80,80,80,80,80,80,80,80,80,80,80,80,80,80,80,90,90,90,90,104,104,104,104],"card_choices":[{"not_picked":["Blizzard","Turbo"],"picked":"Reinforced Body","floor":1},{"not_picked":["Ball Lightning","Beam Cell"],"picked":"BootSequence","floor":5},{"not_picked":["Beam Cell","Meteor Strike"],"picked":"Defragment","floor":6},{"not_picked":["Barrage","Go for the Eyes"],"picked":"Lockon","floor":8},{"not_picked":["Skim","Leap"],"picked":"Cold Snap+1","floor":10},{"not_picked":["Turbo","Scrape+1"],"picked":"Go for the Eyes+1","floor":13},{"not_picked":["Go for the Eyes+1","Leap"],"picked":"Rebound+1","floor":14},{"not_picked":["Echo Form","Reboot"],"picked":"Amplify","floor":16},{"not_picked":["Double Energy","Steam"],"picked":"Recycle+1","floor":18},{"not_picked":["Self Repair","Rebound+1"],"picked":"Chill","floor":21},{"not_picked":["Hologram+1","Aggregate","Turbo"],"picked":"SKIP","floor":22},{"not_picked":["FTL+1","Barrage+1"],"picked":"Ball Lightning+1","floor":23},{"not_picked":["Blizzard+1","Go for the Eyes+1"],"picked":"Gash+1","floor":24},{"not_picked":["Rebound+1","Undo+1"],"picked":"Steam Power+1","floor":25},{"not_picked":["Blizzard+1","Sweeping Beam+1"],"picked":"Beam Cell+1","floor":28},{"not_picked":["Fission","Gash+1"],"picked":"Barrage+1","floor":30},{"not_picked":["Defragment","Streamline+1"],"picked":"Double Energy+1","floor":32},{"not_picked":["All For One+1","Fission+1"],"picked":"Amplify+1","floor":33},{"not_picked":["Stack+1","Leap+1"],"picked":"Self Repair+1","floor":35},{"not_picked":["Coolheaded+1","Go for the Eyes+1"],"picked":"Redo+1","floor":37},{"not_picked":["Undo+1","Doom and Gloom+1"],"picked":"Static Discharge+1","floor":41},{"not_picked":["Stack+1","Hologram+1"],"picked":"Turbo+1","floor":42},{"not_picked":["Storm","Capacitor","Streamline+1"],"picked":"SKIP","floor":48},{"not_picked":["Skim+1","Go for the Eyes+1"],"picked":"Fusion+1","floor":49}],"player_experience":152198,"relics_obtained":[{"floor":6,"key":"PreservedInsect"},{"floor":8,"key":"Molten Egg 2"},{"floor":9,"key":"Shuriken"},{"floor":10,"key":"Smiling Mask"},{"floor":23,"key":"Bottled Flame"},{"floor":26,"key":"Pen Nib"},{"floor":28,"key":"Meat on the Bone"},{"floor":30,"key":"Calipers"},{"floor":30,"key":"Toxic Egg 2"},{"floor":36,"key":"Juzu Bracelet"},{"floor":41,"key":"Anchor"},{"floor":43,"key":"Pear"},{"floor":47,"key":"Mango"}],"event_choices":[{"damage_healed":0,"gold_gain":0,"player_choice":"Entered Light","damage_taken":15,"max_hp_gain":0,"max_hp_loss":0,"event_name":"Shining Light","floor":2,"gold_loss":0,"cards_upgraded":["Reinforced Body","Zap"]},{"damage_healed":18,"gold_gain":0,"player_choice":"Healed","damage_taken":0,"max_hp_gain":0,"max_hp_loss":0,"event_name":"The Cleric","floor":3,"gold_loss":35},{"damage_healed":0,"gold_gain":0,"player_choice":"Gave Potion","damage_taken":0,"relics_obtained":["Dream Catcher"],"max_hp_gain":0,"max_hp_loss":0,"event_name":"WeMeetAgain","floor":12,"gold_loss":0},{"damage_healed":0,"gold_gain":0,"player_choice":"Shed Blood","damage_taken":19,"max_hp_gain":5,"max_hp_loss":0,"event_name":"Forgotten Altar","floor":20,"gold_loss":0},{"damage_healed":0,"gold_gain":0,"player_choice":"Read","damage_taken":0,"max_hp_gain":0,"max_hp_loss":0,"event_name":"The Library","floor":29,"gold_loss":0,"cards_obtained":["Streamline"]},{"damage_healed":0,"gold_gain":0,"player_choice":"Fight","damage_taken":0,"max_hp_gain":0,"max_hp_loss":0,"event_name":"Colosseum","floor":30,"gold_loss":0},{"damage_healed":0,"gold_gain":0,"player_choice":"Fought Nobs","damage_taken":0,"max_hp_gain":0,"max_hp_loss":0,"event_name":"Colosseum","floor":30,"gold_loss":0},{"damage_healed":0,"gold_gain":0,"player_choice":"Copied","damage_taken":0,"max_hp_gain":0,"max_hp_loss":0,"event_name":"Duplicator","floor":31,"gold_loss":0,"cards_obtained":["Defragment"]},{"damage_healed":0,"gold_gain":0,"player_choice":"Paid","damage_taken":0,"relics_obtained":["Red Mask"],"max_hp_gain":0,"max_hp_loss":0,"event_name":"Tomb of Lord Red Mask","floor":39,"gold_loss":95},{"cards_removed":["Recycle"],"damage_healed":0,"gold_gain":0,"player_choice":"Removed Skill","damage_taken":0,"max_hp_gain":0,"max_hp_loss":0,"event_name":"Falling","floor":44,"gold_loss":0},{"damage_healed":45,"gold_gain":0,"player_choice":"Heal","damage_taken":0,"max_hp_gain":0,"max_hp_loss":0,"event_name":"MindBloom","floor":45,"gold_loss":0,"cards_obtained":["Doubt"]},{"damage_healed":0,"gold_gain":0,"player_choice":"Embrace Madness","damage_taken":11,"max_hp_gain":0,"max_hp_loss":0,"event_name":"Winding Halls","floor":46,"gold_loss":0,"cards_obtained":["Madness","Madness"]},{"damage_healed":0,"gold_gain":0,"player_choice":"Fight","damage_taken":0,"max_hp_gain":0,"max_hp_loss":0,"event_name":"Mysterious Sphere","floor":47,"gold_loss":0}],"is_beta":false,"boss_relics":[{"not_picked":["Calling Bell","Runic Dome"],"picked":"Inserter"},{"not_picked":["Eternal Feather","Runic Pyramid"],"picked":"Sozu"}],"items_purged_floors":[19],"is_endless":false,"potions_floor_spawned":[1,8,13,16,21,25,30,37,47,48],"killed_by":"Donu and Deca","ascension_level":1}