{"gold_per_floor":[119,132,132,132,7,50,50,91,91,107,107,107,143,164,164,260,260,280,20,33,33,51,51,51,51,51,51,51,1,1,42,42,138,138,158,158,174,192,76,119,119,139,139,174,186,213,42,78,78,78],"floor_reached":51,"playtime":3876,"items_purged":["Regret","Injury","Writhe","Decay"],"score":1575,"play_id":"7a6e53ff-fd33-4a9c-b3c7-cd05ee19b73f","local_time":"20190406195448","is_ascension_mode":true,"campfire_choices":[{"data":"White Noise","floor":7,"key":"SMITH"},{"data":"Doom and Gloom","floor":12,"key":"SMITH"},{"floor":15,"key":"REST"},{"data":"Defragment","floor":23,"key":"SMITH"},{"data":"Genetic Algorithm","floor":25,"key":"SMITH"},{"data":"Echo Form","floor":27,"key":"SMITH"},{"data":"Electrodynamics","floor":32,"key":"SMITH"},{"data":"Seek","floor":41,"key":"SMITH"},{"data":"Defragment","floor":45,"key":"SMITH"},{"data":"Panacea","floor":49,"key":"SMITH"}],"neow_cost":"NONE","seed_source_timestamp":335367531904974,"circlet_count":0,"master_deck":["AscendersBane","Strike_B","Strike_B","Strike_B","Defend_B","Defend_B","Defend_B","Defend_B","Zap","Dualcast","White Noise+1","BootSequence+1","Cold Snap","Electrodynamics+1","Doom and Gloom+1","Conserve Battery+1","Genetic Algorithm+1","Self Repair","Echo Form+1","Coolheaded+1","Defragment+1","Self Repair","Biased Cognition","Turbo+1","Clumsy","Seek+1","Defragment+1","Panacea+1","Leap+1"],"relics":["Cracked Core","NeowsBlessing","Dodecahedron","Golden Idol","Calipers","Darkstone Periapt","Cables","War Paint","Cursed Key","Membership Card","Question Card","Incense Burner","PreservedInsect","Runic Pyramid","Orichalcum","MawBank","DataDisk","Pen Nib"],"potions_floor_usage":[8,13,16,21,22,31,38,42,46,50,50],"damage_taken":[{"damage":0,"enemies":"Cultist","floor":1,"turns":1},{"damage":0,"enemies":"Small Slimes","floor":2,"turns":1},{"damage":0,"enemies":"3 Sentries","floor":6,"turns":2},{"damage":20,"enemies":"Lagavulin","floor":8,"turns":5},{"damage":0,"enemies":"Jaw Worm","floor":10,"turns":3},{"damage":36,"enemies":"Gremlin Nob","floor":13,"turns":6},{"damage":0,"enemies":"3 Louse","floor":14,"turns":1},{"damage":15,"enemies":"Slime Boss","floor":16,"turns":6},{"damage":9,"enemies":"2 Thieves","floor":18,"turns":3},{"damage":0,"enemies":"3 Byrds","floor":20,"turns":2},{"damage":4,"enemies":"Snecko","floor":22,"turns":4},{"damage":31,"enemies":"Book of Stabbing","floor":31,"turns":6},{"damage":38,"enemies":"Automaton","floor":33,"turns":7},{"damage":15,"enemies":"3 Darklings","floor":35,"turns":2},{"damage":0,"enemies":"3 Shapes","floor":37,"turns":4},{"damage":3,"enemies":"Writhing Mass","floor":38,"turns":5},{"damage":0,"enemies":"Reptomancer","floor":40,"turns":4},{"damage":33,"enemies":"4 Shapes","floor":42,"turns":3},{"damage":2,"enemies":"Spire Growth","floor":44,"turns":5},{"damage":11,"enemies":"Jaw Worm Horde","floor":46,"turns":4},{"damage":5,"enemies":"Nemesis","floor":48,"turns":7},{"damage":0,"enemies":"Donu and Deca","floor":50,"turns":8}],"seed_played":"2183485290012276045","potions_obtained":[{"floor":1,"key":"GamblersBrew"},{"floor":2,"key":"SpeedPotion"},{"floor":14,"key":"SteroidPotion"},{"floor":20,"key":"Regen Potion"},{"floor":21,"key":"Fruit Juice"},{"floor":21,"key":"SneckoOil"},{"floor":33,"key":"AttackPotion"},{"floor":40,"key":"Dexterity Potion"},{"floor":42,"key":"SpeedPotion"},{"floor":46,"key":"SteroidPotion"}],"is_trial":false,"path_per_floor":["M","M","?","?","$","E","R","E","T","M","?","R","E","M","R","B",null,"M","$","M","?","M","R","$","R","T","R","?","$","?","E","R","B",null,"M","?","M","M","$","E","R","M","T","M","R","M","$","E","R","B",null],"character_chosen":"DEFECT","items_purchased":["Cold Snap","Membership Card","Defragment","Panacea","DataDisk","Explosive Potion"],"campfire_rested":1,"item_purchase_floors":[5,19,19,39,47,47],"current_hp_per_floor":[64,64,64,64,64,64,64,44,44,44,37,37,1,1,20,12,51,49,49,56,61,64,64,64,64,70,70,70,70,76,66,66,42,71,70,76,87,87,87,87,87,61,67,79,79,75,75,93,93,93],"gold":78,"neow_bonus":"THREE_ENEMY_KILL","is_prod":false,"is_daily":false,"chose_seed":false,"campfire_upgraded":9,"win_rate":0,"timestamp":1554594888,"path_taken":["M","?","?","?","$","E","R","E","T","M","?","R","E","M","R","BOSS","M","$","M","?","M","R","?","R","T","R","?","$","?","E","R","BOSS","M","?","M","?","?","E","R","M","T","M","R","M","$","E","R","BOSS"],"build_version":"2019-01-23","purchased_purges":4,"victory":true,"max_hp_per_floor":[71,71,71,64,64,64,64,64,64,64,64,64,64,64,64,64,64,64,64,64,69,69,69,69,69,75,75,75,75,81,81,81,81,81,81,87,87,87,87,87,87,87,93,93,93,93,93,93,93,93],"card_choices":[{"not_picked":["Coolheaded","Melter"],"picked":"White Noise","floor":1},{"not_picked":["Go for the Eyes","Steam"],"picked":"BootSequence","floor":2},{"not_picked":["Beam Cell","Static Discharge"],"picked":"Electrodynamics","floor":6},{"not_picked":["Chaos","Genetic Algorithm"],"picked":"Doom and Gloom","floor":8},{"not_picked":["Hologram","Streamline"],"picked":"Conserve Battery","floor":10},{"not_picked":["Cold Snap","Creative AI"],"picked":"Genetic Algorithm","floor":13},{"not_picked":["Leap","Turbo"],"picked":"Self Repair","floor":14},{"not_picked":["Electrodynamics","Fission"],"picked":"Echo Form","floor":16},{"not_picked":["Redo","Rebound+1"],"picked":"Coolheaded+1","floor":18},{"not_picked":["Aggregate","Melter","Storm"],"picked":"SKIP","floor":20},{"not_picked":["Cold Snap","Sunder","Reprogram"],"picked":"SKIP","floor":22},{"not_picked":["Redo","Go for the Eyes","Blizzard"],"picked":"Self Repair","floor":31},{"not_picked":["Multi-Cast","Echo Form","Fission"],"picked":"Biased Cognition","floor":33},{"not_picked":["Capacitor+1","Streamline","Barrage"],"picked":"Turbo+1","floor":35},{"not_picked":["Leap","Compile Driver","Steam"],"picked":"Seek","floor":37},{"not_picked":["Undo+1","Turbo","Leap"],"picked":"Defragment","floor":38},{"not_picked":["Static Discharge","Aggregate","Genetic Algorithm"],"picked":"Leap+1","floor":40},{"not_picked":["Leap","Beam Cell+1","Hologram","Loop"],"picked":"SKIP","floor":42},{"not_picked":["Leap","Beam Cell+1","Hologram","Loop"],"picked":"SKIP","floor":42},{"not_picked":["Turbo","Sweeping Beam","Redo","Streamline+1"],"picked":"SKIP","floor":44},{"not_picked":["Steam+1","Loop","Hologram","Gash+1"],"picked":"SKIP","floor":46},{"not_picked":["Biased Cognition","Conserve Battery","Loop","Doom and Gloom+1"],"picked":"SKIP","floor":48}],"player_experience":827050,"relics_obtained":[{"floor":6,"key":"Calipers"},{"floor":8,"key":"Darkstone Periapt"},{"floor":9,"key":"Cables"},{"floor":13,"key":"War Paint"},{"floor":26,"key":"Question Card"},{"floor":31,"key":"PreservedInsect"},{"floor":40,"key":"Orichalcum"},{"floor":43,"key":"MawBank"},{"floor":48,"key":"Pen Nib"}],"event_choices":[{"damage_healed":0,"gold_gain":0,"player_choice":"Box","damage_taken":0,"relics_obtained":["Dodecahedron"],"max_hp_gain":0,"max_hp_loss":0,"event_name":"Big Fish","floor":3,"gold_loss":0,"cards_obtained":["Regret"]},{"damage_healed":0,"gold_gain":0,"player_choice":"Lose Max HP","damage_taken":0,"relics_obtained":["Golden Idol"],"max_hp_gain":0,"max_hp_loss":7,"event_name":"Golden Idol","floor":4,"gold_loss":0},{"cards_removed":["Strike_B"],"damage_healed":0,"gold_gain":0,"player_choice":"Card Removal","damage_taken":7,"max_hp_gain":0,"max_hp_loss":0,"event_name":"Golden Wing","floor":11,"gold_loss":0},{"damage_healed":0,"gold_gain":0,"player_choice":"Got Potions","damage_taken":0,"max_hp_gain":0,"max_hp_loss":0,"event_name":"Lab","floor":21,"gold_loss":0},{"damage_healed":0,"gold_gain":0,"player_choice":"Ignored","damage_taken":0,"max_hp_gain":0,"max_hp_loss":0,"event_name":"Vampires","floor":28,"gold_loss":0},{"damage_healed":0,"gold_gain":0,"player_choice":"Opened","damage_taken":0,"relics_obtained":["Incense Burner"],"max_hp_gain":0,"max_hp_loss":0,"event_name":"The Mausoleum","floor":30,"gold_loss":0,"cards_obtained":["Writhe"]},{"damage_healed":0,"gold_gain":0,"player_choice":"1 cards matched","damage_taken":0,"max_hp_gain":0,"max_hp_loss":0,"event_name":"Match and Keep!","floor":36,"gold_loss":0,"cards_obtained":["Clumsy"]}],"is_beta":false,"boss_relics":[{"not_picked":["Philosopher\u0027s Stone","Coffee Dripper"],"picked":"Cursed Key"},{"not_picked":["Fusion Hammer","Orrery"],"picked":"Runic Pyramid"}],"items_purged_floors":[5,29,39,47],"is_endless":false,"potions_floor_spawned":[1,2,14,20,33,40,42,46],"ascension_level":18}