{"gold_per_floor":[113,113,123,52,52,52,68,85,85,102,118,138,138,167,167,241,241,255,105,119,132,10,10,10,43,68,68,82,132,163,182,182,182],"floor_reached":33,"playtime":2116,"items_purged":["Strike_R"],"score":506,"play_id":"6b1c501e-6784-431c-b31d-b53d4877e5f9","local_time":"20190120184404","is_ascension_mode":true,"campfire_choices":[{"data":"Anger","floor":6,"key":"SMITH"},{"data":"Rage","floor":13,"key":"SMITH"},{"data":"Pommel Strike","floor":15,"key":"SMITH"},{"data":"Clothesline","floor":23,"key":"SMITH"},{"data":"Spot Weakness","floor":27,"key":"SMITH"},{"data":"Ghostly","floor":32,"key":"SMITH"}],"neow_cost":"NONE","seed_source_timestamp":206811930157160,"circlet_count":0,"master_deck":["AscendersBane","Strike_R","Strike_R","Strike_R","Defend_R","Defend_R","Defend_R","Defend_R","Bash","Cleave","Anger+1","Uppercut+1","Rage+1","Clothesline+1","Evolve","Headbutt","Pommel Strike+1","Offering","Ghostly Armor","Spot Weakness+1","Reaper","Sword Boomerang","Ghostly","Ghostly","Ghostly+1","Reaper","Rage","Flex+1"],"relics":["Burning Blood","NeowsBlessing","Letter Opener","Torii","Sozu","Darkstone Periapt","Blood Vial","Smiling Mask"],"potions_floor_usage":[14,30],"damage_taken":[{"damage":0,"enemies":"Jaw Worm","floor":1,"turns":1},{"damage":0,"enemies":"Cultist","floor":3,"turns":1},{"damage":0,"enemies":"2 Louse","floor":7,"turns":1},{"damage":0,"enemies":"Lots of Slimes","floor":8,"turns":3},{"damage":1,"enemies":"2 Fungi Beasts","floor":10,"turns":3},{"damage":18,"enemies":"Exordium Thugs","floor":11,"turns":5},{"damage":15,"enemies":"Gremlin Gang","floor":12,"turns":5},{"damage":15,"enemies":"Lagavulin","floor":14,"turns":4},{"damage":32,"enemies":"The Guardian","floor":16,"turns":12},{"damage":8,"enemies":"3 Byrds","floor":18,"turns":4},{"damage":7,"enemies":"Spheric Guardian","floor":20,"turns":4},{"damage":6,"enemies":"Centurion and Healer","floor":21,"turns":5},{"damage":29,"enemies":"Slavers","floor":25,"turns":4},{"damage":2,"enemies":"Chosen and Byrds","floor":28,"turns":4},{"damage":12,"enemies":"Book of Stabbing","floor":30,"turns":6},{"damage":7,"enemies":"Snake Plant","floor":31,"turns":4},{"damage":38,"enemies":"Collector","floor":33,"turns":3}],"seed_played":"6629835060120023599","potions_obtained":[{"floor":7,"key":"BloodPotion"},{"floor":8,"key":"SkillPotion"},{"floor":11,"key":"Fire Potion"}],"is_trial":false,"path_per_floor":["M","?","M","$","?","R","M","M","T","M","M","M","R","E","R","B",null,"M","$","M","M","$","R","?","E","T","R","M","?","E","M","R","B"],"character_chosen":"IRONCLAD","items_purchased":["Uppercut","Ghostly Armor","Reaper","Sword Boomerang"],"campfire_rested":0,"item_purchase_floors":[4,19,22,22],"current_hp_per_floor":[74,74,75,75,75,75,75,75,75,75,63,54,54,45,45,19,61,59,59,58,58,58,58,37,28,28,28,37,37,37,36,36,0],"gold":182,"neow_bonus":"THREE_ENEMY_KILL","is_prod":false,"is_daily":false,"chose_seed":false,"campfire_upgraded":6,"win_rate":0,"timestamp":1548038644,"path_taken":["M","?","?","$","?","R","M","M","T","M","?","M","R","E","R","BOSS","M","$","M","M","?","R","?","E","T","R","?","?","E","M","R","BOSS"],"build_version":"2019-01-17v2","purchased_purges":1,"victory":false,"max_hp_per_floor":[75,75,75,75,75,75,75,75,75,75,75,75,75,75,75,75,75,75,75,75,75,75,75,37,37,37,37,37,37,37,37,37,37],"card_choices":[{"not_picked":["Armaments","Dual Wield"],"picked":"Cleave","floor":1},{"not_picked":["Iron Wave","Seeing Red"],"picked":"Anger","floor":3},{"not_picked":["Anger","Havoc"],"picked":"Rage","floor":7},{"not_picked":["Perfected Strike","Pummel"],"picked":"Clothesline","floor":8},{"not_picked":["Cleave","Reckless Charge"],"picked":"Evolve","floor":10},{"not_picked":["Searing Blow","Body Slam"],"picked":"Headbutt","floor":11},{"not_picked":["Twin Strike","Perfected Strike","Clothesline"],"picked":"SKIP","floor":12},{"not_picked":["Brutality","Iron Wave"],"picked":"Pommel Strike","floor":14},{"not_picked":["Exhume","Juggernaut"],"picked":"Offering","floor":16},{"not_picked":["Clothesline","Thunderclap","Havoc"],"picked":"SKIP","floor":18},{"not_picked":["Headbutt","Wild Strike"],"picked":"Spot Weakness","floor":20},{"not_picked":["Pommel Strike","Blood for Blood","Feel No Pain"],"picked":"SKIP","floor":21},{"not_picked":["Sword Boomerang","Reckless Charge"],"picked":"Reaper","floor":25},{"not_picked":["Havoc+1","Feel No Pain","Heavy Blade"],"picked":"SKIP","floor":28},{"not_picked":["Havoc","Shockwave"],"picked":"Rage","floor":30},{"not_picked":["Sentinel","True Grit"],"picked":"Flex+1","floor":31}],"player_experience":497133,"relics_obtained":[{"floor":9,"key":"Letter Opener"},{"floor":14,"key":"Torii"},{"floor":25,"key":"Darkstone Periapt"},{"floor":26,"key":"Blood Vial"},{"floor":30,"key":"Smiling Mask"}],"event_choices":[{"cards_removed":["Strike_R"],"damage_healed":0,"gold_gain":0,"player_choice":"Purged","damage_taken":0,"max_hp_gain":0,"max_hp_loss":0,"event_name":"Purifier","floor":2,"gold_loss":0},{"damage_healed":0,"gold_gain":0,"player_choice":"Forge","damage_taken":0,"max_hp_gain":0,"max_hp_loss":0,"event_name":"Accursed Blacksmith","floor":5,"gold_loss":0,"cards_upgraded":["Uppercut"]},{"damage_healed":0,"gold_gain":0,"player_choice":"Became a Ghost","damage_taken":0,"max_hp_gain":0,"max_hp_loss":38,"event_name":"Ghosts","floor":24,"gold_loss":0,"cards_obtained":["Ghostly","Ghostly","Ghostly"]},{"damage_healed":0,"gold_gain":100,"player_choice":"Bet on Murderer","damage_taken":0,"max_hp_gain":0,"max_hp_loss":0,"event_name":"The Joust","floor":29,"gold_loss":50}],"is_beta":false,"boss_relics":[{"not_picked":["Snecko Eye","Lizard Tail"],"picked":"Sozu"}],"items_purged_floors":[19],"is_endless":false,"potions_floor_spawned":[7,8,11,12,20,25,30],"killed_by":"Collector","ascension_level":15}