{"gold_per_floor":[116,129,143,75,85,102,121,141,141,141,154,171,26,51,51,148,148,161,17,33,33,45,79,90,106,106,106,119,119,137,154,154,255,305,317,329,203,203],"floor_reached":38,"playtime":6898,"items_purged":["Bullet Time+1"],"score":483,"play_id":"f0c206b7-a1ac-46be-be8f-23fe81f8a49f","local_time":"20190913181438","is_ascension_mode":false,"campfire_choices":[{"floor":15.0,"key":"REST"},{"floor":27.0,"key":"REST"},{"floor":29.0,"key":"REST"},{"floor":32.0,"key":"REST"}],"neow_cost":"NONE","seed_source_timestamp":0,"circlet_count":0,"master_deck":["Strike_G","Strike_G","Strike_G","Strike_G","Strike_G","Defend_G","Defend_G","Defend_G","Defend_G","Defend_G","Survivor","Neutralize","Poisoned Stab","Backflip","Noxious Fumes","Sucker Punch","Terror","Flying Knee","Escape Plan","Finisher+1","All Out Attack","Flying Knee","Die Die Die","Finisher","Deadly Poison+1","Die Die Die","Infinite Blades+1","Doppelganger","Skewer","Crippling Poison","Sucker Punch","Dagger Spray","Slice+1","Malaise","Underhanded Strike","Underhanded Strike+1","Skewer","Dodge and Roll"],"special_seed":0,"relics":["Ring of the Snake","Gremlin Horn","TheAbacus","TungstenRod","Fusion Hammer","Regal Pillow","Boot","Bottled Lightning","Tiny House"],"potions_floor_usage":[],"damage_taken":[{"damage":2.0,"enemies":"Cultist","floor":1.0,"turns":4.0},{"damage":2.0,"enemies":"Small Slimes","floor":2.0,"turns":4.0},{"damage":3.0,"enemies":"2 Louse","floor":3.0,"turns":3.0},{"damage":11.0,"enemies":"Large Slime","floor":5.0,"turns":8.0},{"damage":9.0,"enemies":"Gremlin Gang","floor":6.0,"turns":5.0},{"damage":12.0,"enemies":"Blue Slaver","floor":7.0,"turns":5.0},{"damage":9.0,"enemies":"Exordium Wildlife","floor":8.0,"turns":4.0},{"damage":0.0,"enemies":"Looter","floor":11.0,"turns":3.0},{"damage":10.0,"enemies":"Blue Slaver","floor":12.0,"turns":5.0},{"damage":0.0,"enemies":"3 Sentries","floor":14.0,"turns":5.0},{"damage":11.0,"enemies":"Hexaghost","floor":16.0,"turns":9.0},{"damage":12.0,"enemies":"Spheric Guardian","floor":18.0,"turns":4.0},{"damage":1.0,"enemies":"Chosen","floor":20.0,"turns":3.0},{"damage":4.0,"enemies":"Centurion and Healer","floor":22.0,"turns":5.0},{"damage":0.0,"enemies":"Gremlin Leader","floor":23.0,"turns":4.0},{"damage":26.0,"enemies":"Cultist and Chosen","floor":24.0,"turns":5.0},{"damage":26.0,"enemies":"Snake Plant","floor":25.0,"turns":5.0},{"damage":13.0,"enemies":"Centurion and Healer","floor":28.0,"turns":5.0},{"damage":7.0,"enemies":"Sentry and Sphere","floor":30.0,"turns":3.0},{"damage":12.0,"enemies":"Snake Plant","floor":31.0,"turns":3.0},{"damage":75.0,"enemies":"Champ","floor":33.0,"turns":12.0},{"damage":25,"enemies":"3 Shapes","floor":35,"turns":2},{"damage":12,"enemies":"Orb Walker","floor":36,"turns":4},{"damage":45,"enemies":"Writhing Mass","floor":38,"turns":4}],"seed_played":"2772023305314902955","potions_obtained":[{"floor":2.0,"key":"GhostInAJar"},{"floor":5.0,"key":"Swift Potion"},{"floor":6.0,"key":"SteroidPotion"},{"floor":11.0,"key":"SpeedPotion"},{"floor":12.0,"key":"Block Potion"},{"floor":22.0,"key":"Dexterity Potion"},{"floor":24.0,"key":"Regen Potion"},{"floor":31.0,"key":"FearPotion"},{"floor":33.0,"key":"SpeedPotion"},{"floor":34,"key":"SneckoOil"}],"is_trial":false,"path_per_floor":["M","M","M","$","M","M","M","M","T","?","M","M","$","E","R","B",null,"M","$","M","?","M","E","M","M","T","R","M","R","M","M","R","B",null,"M","M","$","M"],"character_chosen":"THE_SILENT","items_purchased":["Noxious Fumes","TheAbacus","Regal Pillow","Dodge and Roll"],"campfire_rested":4,"item_purchase_floors":[4,13,19,37],"current_hp_per_floor":[75,73,70,70,59,50,38,29,29,29,29,19,19,19,42,31,77,65,65,64,64,60,60,34,22,22,60,47,77,70,58,77,2,82,57,45,45,0],"gold":203,"neow_bonus":"TEN_PERCENT_HP_BONUS","is_prod":false,"is_daily":false,"chose_seed":false,"campfire_upgraded":0,"win_rate":0.0,"timestamp":1568362478,"path_taken":["M","M","?","$","M","M","M","M","T","?","M","?","$","E","R","BOSS","M","$","M","?","M","E","M","M","T","R","M","R","M","M","R","BOSS","M","?","$","M"],"build_version":"2019-09-11v2","purchased_purges":1,"victory":false,"max_hp_per_floor":[77,77,77,77,77,77,77,77,77,77,77,77,77,77,77,77,77,77,77,77,77,77,77,77,77,77,77,77,77,77,77,77,77,82,82,82,82,82],"card_choices":[{"not_picked":["Slice","Blade Dance"],"picked":"Poisoned Stab","floor":1.0},{"not_picked":["PiercingWail","Flechettes"],"picked":"Bullet Time","floor":2.0},{"not_picked":["Endless Agony","Blade Dance"],"picked":"Backflip","floor":3.0},{"not_picked":["Calculated Gamble","Blade Dance"],"picked":"Sucker Punch","floor":5.0},{"not_picked":["Heel Hook","Leg Sweep"],"picked":"Terror","floor":6.0},{"not_picked":["Dagger Throw","Prepared"],"picked":"Flying Knee","floor":7.0},{"not_picked":["Backflip","Deadly Poison"],"picked":"Escape Plan","floor":8.0},{"not_picked":["Wraith Form v2","Underhanded Strike"],"picked":"Finisher","floor":11.0},{"not_picked":["Footwork","Flying Knee"],"picked":"All Out Attack","floor":12.0},{"not_picked":["Reflex","Sucker Punch"],"picked":"Flying Knee","floor":14.0},{"not_picked":["Venomology","Envenom"],"picked":"Die Die Die","floor":16.0},{"not_picked":["Backflip+1","Eviscerate"],"picked":"Finisher","floor":18.0},{"not_picked":["Footwork","Deflect"],"picked":"Deadly Poison+1","floor":20.0},{"not_picked":["Dodge and Roll","Calculated Gamble"],"picked":"Infinite Blades+1","floor":22.0},{"not_picked":["Slice","Expertise"],"picked":"Doppelganger","floor":23.0},{"not_picked":["Flechettes","Dagger Throw"],"picked":"Skewer","floor":24.0},{"not_picked":["Dagger Spray","Quick Slash"],"picked":"Crippling Poison","floor":25.0},{"not_picked":["Reflex+1","Well Laid Plans"],"picked":"Sucker Punch","floor":28.0},{"not_picked":["Acrobatics+1","Deadly Poison+1"],"picked":"Dagger Spray","floor":30.0},{"not_picked":["Backflip","Dagger Throw"],"picked":"Slice+1","floor":31.0},{"not_picked":["Venomology","Night Terror"],"picked":"Malaise","floor":33.0},{"not_picked":["Quick Slash","Distraction"],"picked":"Underhanded Strike","floor":34},{"not_picked":["Flying Knee+1","Dagger Throw"],"picked":"Underhanded Strike+1","floor":35},{"not_picked":["Prepared","Deadly Poison+1"],"picked":"Skewer","floor":36}],"player_experience":4262,"relics_obtained":[{"floor":9.0,"key":"Gremlin Horn"},{"floor":14.0,"key":"TungstenRod"},{"floor":23.0,"key":"Boot"},{"floor":26.0,"key":"Bottled Lightning"}],"event_choices":[{"damage_healed":0.0,"max_hp_gain":0.0,"max_hp_loss":0.0,"gold_gain":0.0,"event_name":"Upgrade Shrine","player_choice":"Upgraded","floor":10.0,"gold_loss":0.0,"damage_taken":0.0,"cards_upgraded":["Bullet Time"]},{"damage_healed":0.0,"max_hp_gain":0.0,"max_hp_loss":0.0,"gold_gain":0.0,"event_name":"Duplicator","player_choice":"Copied","floor":21.0,"gold_loss":0.0,"damage_taken":0.0,"cards_obtained":["Die Die Die"]}],"is_beta":true,"boss_relics":[{"not_picked":["Cursed Key","Coffee Dripper"],"picked":"Fusion Hammer"},{"not_picked":["Velvet Choker","Astrolabe"],"picked":"Tiny House"}],"items_purged_floors":[37],"is_endless":false,"potions_floor_spawned":[2,5,6,11,12,22,24,31,33],"killed_by":"Writhing Mass","ascension_level":0}