{"gold_per_floor":[118,43,55,230,248,313,313,313,366,441,459,459,459,478,478,578,578,578,578,578,578,578,578,578,578,578,578,578,578,126,126,126,126,126,126,1,1,1,1,1,1,1,1,1,1,1,1,1,1,1],"floor_reached":51,"playtime":5331,"items_purged":["Strike_B","Doubt","Writhe"],"score":747,"play_id":"9fb6f2c4-117d-41bb-8084-4956ee9dd340","local_time":"20181108191436","is_ascension_mode":true,"campfire_choices":[{"data":"Dualcast","floor":7,"key":"SMITH"},{"floor":12,"key":"REST"},{"floor":15,"key":"REST"},{"data":"Buffer","floor":23,"key":"SMITH"},{"data":"RitualDagger","floor":25,"key":"SMITH"},{"floor":32,"key":"REST"},{"floor":40,"key":"REST"},{"floor":45,"key":"REST"},{"floor":49,"key":"REST"}],"neow_cost":"NONE","seed_source_timestamp":800597799379584,"circlet_count":0,"master_deck":["Strike_B+1","Strike_B+1","Defend_B","Defend_B","Defend_B","Zap","Dualcast+1","Steam","White Noise","Leap","Conserve Battery","Machine Learning","Gash","Buffer+1","Sunder+1","Conserve Battery+1","RitualDagger+1","Defragment","Echo Form","Coolheaded","Magnetism","Defragment","Steam","Electrodynamics","Cold Snap+1","Barrage","Parasite","Chill+1","Glacier+1","Tempest+1"],"relics":["Cracked Core","NeowsBlessing","Tiny Chest","Strawberry","Ectoplasm","Red Mask","Cables","Thread and Needle","Fusion Hammer","Oddly Smooth Stone","Lantern","Unceasing Top"],"potions_floor_usage":[14,16,20,29,29,31,46],"damage_taken":[{"damage":0,"enemies":"2 Louse","floor":1,"turns":1},{"damage":0,"enemies":"Small Slimes","floor":3,"turns":1},{"damage":0,"enemies":"Cultist","floor":5,"turns":1},{"damage":27,"enemies":"Lagavulin","floor":6,"turns":8},{"damage":0,"enemies":"Large Slime","floor":11,"turns":7},{"damage":15,"enemies":"3 Louse","floor":14,"turns":3},{"damage":8,"enemies":"The Guardian","floor":16,"turns":12},{"damage":13,"enemies":"Spheric Guardian","floor":18,"turns":5},{"damage":0,"enemies":"Masked Bandits","floor":20,"turns":2},{"damage":9,"enemies":"Chosen","floor":21,"turns":5},{"damage":24,"enemies":"Centurion and Healer","floor":22,"turns":10},{"damage":12,"enemies":"Snake Plant","floor":28,"turns":6},{"damage":0,"enemies":"Chosen and Byrds","floor":29,"turns":6},{"damage":0,"enemies":"3 Cultists","floor":31,"turns":6},{"damage":0,"enemies":"Collector","floor":33,"turns":14},{"damage":0,"enemies":"3 Darklings","floor":35,"turns":4},{"damage":3,"enemies":"Orb Walker","floor":38,"turns":4},{"damage":29,"enemies":"Writhing Mass","floor":39,"turns":5},{"damage":0,"enemies":"4 Shapes","floor":41,"turns":5},{"damage":55,"enemies":"Nemesis","floor":42,"turns":9},{"damage":0,"enemies":"Jaw Worm Horde","floor":44,"turns":5},{"damage":0,"enemies":"Transient","floor":46,"turns":5},{"damage":10,"enemies":"Time Eater","floor":50,"turns":12}],"seed_played":"8681391759012813909","potions_obtained":[{"floor":3,"key":"Swift Potion"},{"floor":14,"key":"FocusPotion"},{"floor":16,"key":"PowerPotion"},{"floor":20,"key":"SpeedPotion"},{"floor":22,"key":"Explosive Potion"},{"floor":28,"key":"EssenceOfSteel"},{"floor":35,"key":"FearPotion"},{"floor":44,"key":"Weak Potion"}],"is_trial":false,"path_per_floor":["M","$","M","?","M","E","R","?","T","?","M","R","?","M","R","B",null,"M","?","?","M","M","R","?","R","T","?","M","M","$","M","R","B",null,"M","$","?","M","M","R","M","E","T","M","R","M","?","$","R","B",null],"character_chosen":"DEFECT","items_purchased":["Coolheaded","Magnetism","Defragment","Steam"],"campfire_rested":6,"item_purchase_floors":[30,30,30,30],"current_hp_per_floor":[75,75,75,75,75,48,48,33,40,32,32,56,49,34,58,50,82,69,53,53,44,20,20,14,14,14,14,2,2,2,2,28,28,87,87,87,87,84,55,81,81,26,26,26,52,52,52,52,78,68],"gold":1,"neow_bonus":"THREE_ENEMY_KILL","is_prod":false,"is_daily":false,"chose_seed":false,"campfire_upgraded":3,"win_rate":0,"timestamp":1541722476,"path_taken":["M","$","M","?","M","E","R","?","T","?","?","R","?","M","R","BOSS","M","?","?","M","M","R","?","R","T","?","M","M","$","M","R","BOSS","M","$","?","M","M","R","?","E","T","M","R","M","?","$","R","BOSS"],"build_version":"2018-11-01","purchased_purges":3,"victory":true,"max_hp_per_floor":[75,75,75,75,75,75,75,75,82,82,82,82,82,82,82,82,82,82,87,87,87,87,87,87,87,87,87,87,87,87,87,87,87,87,87,87,87,87,87,87,87,87,87,87,87,87,87,87,87,87],"card_choices":[{"not_picked":["Redo","Hologram"],"picked":"Steam","floor":1},{"not_picked":["Sweeping Beam","Chaos"],"picked":"White Noise","floor":3},{"not_picked":["Streamline","Compile Driver"],"picked":"Leap","floor":5},{"not_picked":["Consume","Go for the Eyes"],"picked":"Conserve Battery","floor":6},{"not_picked":["Gash","Redo"],"picked":"Machine Learning","floor":11},{"not_picked":["Hologram","Chaos"],"picked":"Gash","floor":14},{"not_picked":["Machine Learning","Amplify"],"picked":"Buffer","floor":16},{"not_picked":["Rebound+1","Steam+1"],"picked":"Sunder+1","floor":18},{"not_picked":["Rebound+1","Go for the Eyes","Turbo+1"],"picked":"SKIP","floor":21},{"not_picked":["Steam+1","Go for the Eyes"],"picked":"Conserve Battery+1","floor":22},{"not_picked":["Streamline+1","Rebound"],"picked":"Defragment","floor":28},{"not_picked":["Streamline","Barrage"],"picked":"Echo Form","floor":29},{"not_picked":["Streamline","Rebound","Undo+1"],"picked":"SKIP","floor":31},{"not_picked":["Seek","Biased Cognition"],"picked":"Electrodynamics","floor":33},{"not_picked":["Conserve Battery","Rebound+1"],"picked":"Cold Snap+1","floor":35},{"not_picked":["Hologram+1","Beam Cell","Redo"],"picked":"SKIP","floor":38},{"not_picked":["Conserve Battery+1","Melter"],"picked":"Chill+1","floor":39},{"not_picked":["Leap","Beam Cell","Steam"],"picked":"SKIP","floor":41},{"not_picked":["Streamline","Reboot"],"picked":"Glacier+1","floor":42},{"not_picked":["Undo","Stack+1","Hologram"],"picked":"SKIP","floor":44},{"not_picked":["Self Repair","Melter"],"picked":"Tempest+1","floor":46}],"player_experience":98590,"relics_obtained":[{"floor":6,"key":"Tiny Chest"},{"floor":9,"key":"Strawberry"},{"floor":20,"key":"Red Mask"},{"floor":26,"key":"Cables"},{"floor":42,"key":"Oddly Smooth Stone"},{"floor":43,"key":"Lantern"}],"event_choices":[{"damage_healed":0,"gold_gain":175,"player_choice":"AGREE","damage_taken":0,"max_hp_gain":0,"max_hp_loss":0,"event_name":"Liars Game","floor":4,"gold_loss":0,"cards_obtained":["Doubt"]},{"damage_healed":0,"gold_gain":0,"player_choice":"Entered Light","damage_taken":15,"max_hp_gain":0,"max_hp_loss":0,"event_name":"Shining Light","floor":8,"gold_loss":0,"cards_upgraded":["Strike_B","Strike_B"]},{"damage_healed":0,"gold_gain":75,"player_choice":"Touch","damage_taken":8,"max_hp_gain":0,"max_hp_loss":0,"event_name":"FaceTrader","floor":10,"gold_loss":0},{"cards_removed":["Defend_B"],"damage_healed":0,"gold_gain":0,"player_choice":"Card Removal","damage_taken":7,"max_hp_gain":0,"max_hp_loss":0,"event_name":"Golden Wing","floor":13,"gold_loss":0},{"damage_healed":0,"gold_gain":0,"player_choice":"Shed Blood","damage_taken":21,"max_hp_gain":5,"max_hp_loss":0,"event_name":"Forgotten Altar","floor":19,"gold_loss":0},{"damage_healed":0,"gold_gain":0,"player_choice":"Fought Bandits","damage_taken":0,"max_hp_gain":0,"max_hp_loss":0,"event_name":"Masked Bandits","floor":20,"gold_loss":0},{"damage_healed":0,"gold_gain":0,"player_choice":"Joined the Cult","damage_taken":6,"max_hp_gain":0,"max_hp_loss":0,"event_name":"Nest","floor":24,"gold_loss":0,"cards_obtained":["RitualDagger"]},{"damage_healed":0,"gold_gain":0,"player_choice":"Opened","damage_taken":0,"relics_obtained":["Thread and Needle"],"max_hp_gain":0,"max_hp_loss":0,"event_name":"The Mausoleum","floor":27,"gold_loss":0,"cards_obtained":["Writhe"]},{"damage_healed":0,"gold_gain":0,"cards_transformed":["Strike_B"],"player_choice":"Transformed","damage_taken":0,"max_hp_gain":0,"max_hp_loss":0,"event_name":"Transmorgrifier","floor":37,"gold_loss":0,"cards_obtained":["Barrage"]},{"damage_healed":0,"gold_gain":0,"player_choice":"Gave Potion","damage_taken":0,"relics_obtained":["Unceasing Top"],"max_hp_gain":0,"max_hp_loss":0,"event_name":"WeMeetAgain","floor":47,"gold_loss":0}],"is_beta":false,"boss_relics":[{"not_picked":["FrozenCore","Philosopher\u0027s Stone"],"picked":"Ectoplasm"},{"not_picked":["Runic Dome","Sozu"],"picked":"Fusion Hammer"}],"items_purged_floors":[2,30,36],"is_endless":false,"potions_floor_spawned":[3,14,16,20,22,28,35,44],"ascension_level":2}