{"gold_per_floor":[112,112,130,130,154,154,192,225,225,225,239,283,306,8,8,137,137,156,41,54,54,54,54,94,94,140,40,40,40,80,95,95,216,216,235,195,43,66,90,90,131,131,131,131,3,19,33,47,47,47],"floor_reached":51,"playtime":4564,"items_purged":["Shame","Injury"],"score":799,"play_id":"34498424-fcc3-4f4b-9770-254580ec4c17","local_time":"20190830223536","is_ascension_mode":true,"campfire_choices":[{"data":"Beam Cell","floor":6,"key":"SMITH"},{"floor":10,"key":"REST"},{"floor":15,"key":"REST"},{"data":"Defragment","floor":23,"key":"SMITH"},{"floor":25,"key":"REST"},{"data":"Static Discharge","floor":29,"key":"SMITH"},{"floor":32,"key":"REST"},{"floor":40,"key":"REST"},{"floor":42,"key":"REST"},{"data":"Sunder","floor":44,"key":"SMITH"},{"floor":49,"key":"REST"}],"neow_cost":"NONE","seed_source_timestamp":77181421535740,"circlet_count":0,"master_deck":["Strike_B+1","Strike_B+1","Strike_B+1","Strike_B+1","Defend_B+1","Defend_B+1","Defend_B+1","Defend_B+1","Zap","Dualcast","Genetic Algorithm","Sweeping Beam","Beam Cell+1","Sunder+1","Conserve Battery","Tempest","Reinforced Body","Leap","Rebound","Defragment+1","Biased Cognition","Glacier+1","Static Discharge+1","Melter","Cold Snap+1","Gash","Gash","Hologram","BootSequence+1","Multi-Cast","Ball Lightning+1","Rainbow","Conserve Battery+1","Darkness+1","Stack+1","Doubt","Gash+1","Parasite","Tempest+1","Undo+1","Go for the Eyes"],"relics":["Cracked Core","Pen Nib","Golden Idol","Emotion Chip","Odd Mushroom","Unceasing Top","Ginger","Oddly Smooth Stone","Snecko Eye","Potion Belt","PreservedInsect","Dream Catcher","Happy Flower","Incense Burner","Cursed Key","Ice Cream","Symbiotic Virus"],"potions_floor_usage":[12,16,16,30,30,33,36,38,38,39,48,50,50,50],"damage_taken":[{"damage":4,"enemies":"2 Louse","floor":1,"turns":3},{"damage":2,"enemies":"Jaw Worm","floor":3,"turns":3},{"damage":0,"enemies":"Small Slimes","floor":5,"turns":3},{"damage":32,"enemies":"Gremlin Nob","floor":7,"turns":4},{"damage":17,"enemies":"The Mushroom Lair","floor":8,"turns":3},{"damage":1,"enemies":"Looter","floor":11,"turns":3},{"damage":4,"enemies":"Lagavulin","floor":12,"turns":5},{"damage":0,"enemies":"2 Fungi Beasts","floor":13,"turns":2},{"damage":52,"enemies":"The Guardian","floor":16,"turns":13},{"damage":11,"enemies":"2 Thieves","floor":18,"turns":5},{"damage":4,"enemies":"Chosen","floor":20,"turns":3},{"damage":21,"enemies":"Slavers","floor":24,"turns":6},{"damage":23,"enemies":"Book of Stabbing","floor":30,"turns":4},{"damage":1,"enemies":"Centurion and Healer","floor":31,"turns":7},{"damage":25,"enemies":"Automaton","floor":33,"turns":9},{"damage":4,"enemies":"3 Shapes","floor":35,"turns":4},{"damage":19,"enemies":"3 Darklings","floor":38,"turns":5},{"damage":22,"enemies":"Jaw Worm Horde","floor":39,"turns":4},{"damage":18,"enemies":"Giant Head","floor":41,"turns":8},{"damage":3,"enemies":"Spire Growth","floor":46,"turns":3},{"damage":2,"enemies":"Writhing Mass","floor":47,"turns":4},{"damage":1,"enemies":"Maw","floor":48,"turns":5},{"damage":33,"enemies":"Time Eater","floor":50,"turns":9}],"seed_played":"-3837834750495214702","potions_obtained":[{"floor":1,"key":"SpeedPotion"},{"floor":8,"key":"Fire Potion"},{"floor":12,"key":"AttackPotion"},{"floor":13,"key":"Regen Potion"},{"floor":20,"key":"SkillPotion"},{"floor":24,"key":"AttackPotion"},{"floor":31,"key":"FocusPotion"},{"floor":33,"key":"PowerPotion"},{"floor":36,"key":"Block Potion"},{"floor":36,"key":"Fruit Juice"},{"floor":36,"key":"Fire Potion"},{"floor":38,"key":"Energy Potion"},{"floor":41,"key":"PowerPotion"}],"is_trial":false,"path_per_floor":["M","?","M","?","M","R","E","?","T","R","M","E","M","$","R","B",null,"M","$","M","?","?","R","E","R","T","$","?","R","E","M","R","B",null,"M","?","$","M","M","R","E","R","T","R","$","M","M","M","R","B",null],"character_chosen":"DEFECT","items_purchased":["Rebound","Defragment","Oddly Smooth Stone","FearPotion","Static Discharge","Melter","Gash","Explosive Potion","FocusPotion","AttackPotion"],"campfire_rested":7,"item_purchase_floors":[14,14,14,14,19,19,27,37,45,45],"current_hp_per_floor":[71,76,74,74,74,74,42,25,25,49,48,44,44,44,68,31,80,69,69,65,65,65,65,44,68,68,68,68,68,45,44,68,43,80,76,81,81,62,40,65,47,72,72,72,72,69,67,66,85,52],"gold":47,"neow_bonus":"RANDOM_COMMON_RELIC","is_prod":false,"is_daily":false,"chose_seed":false,"campfire_upgraded":4,"win_rate":0,"timestamp":1567218936,"path_taken":["M","?","M","?","M","R","E","?","T","R","M","E","?","$","R","BOSS","M","$","M","?","?","R","E","R","T","$","?","R","E","M","R","BOSS","M","?","$","?","M","R","E","R","T","R","?","M","?","M","R","BOSS"],"build_version":"2019-07-17","purchased_purges":2,"victory":true,"max_hp_per_floor":[75,80,80,80,80,80,80,80,80,80,80,80,80,80,80,80,80,80,80,80,80,80,80,80,80,80,80,80,80,80,80,80,80,80,80,85,85,85,85,85,85,85,85,85,85,85,85,85,85,85],"card_choices":[{"not_picked":["Force Field","Rebound"],"picked":"Genetic Algorithm","floor":1},{"not_picked":["Recycle","Doom and Gloom"],"picked":"Sweeping Beam","floor":3},{"not_picked":["Cold Snap","Turbo"],"picked":"Beam Cell","floor":5},{"not_picked":["Compile Driver","Rip and Tear"],"picked":"Sunder","floor":7},{"not_picked":["Steam","Rebound"],"picked":"Conserve Battery","floor":8},{"not_picked":["Aggregate","Redo"],"picked":"Tempest","floor":11},{"not_picked":["Heatsinks","Gash"],"picked":"Reinforced Body","floor":12},{"not_picked":["Thunder Strike","Skim"],"picked":"Leap","floor":13},{"not_picked":["Hyperbeam","Seek"],"picked":"Biased Cognition","floor":16},{"not_picked":["Gash+1","Rebound"],"picked":"Glacier+1","floor":18},{"not_picked":["Rebound","Barrage"],"picked":"Cold Snap+1","floor":20},{"not_picked":["Chaos","Fusion"],"picked":"Gash","floor":24},{"not_picked":["Chill","Conserve Battery"],"picked":"Hologram","floor":30},{"not_picked":["Turbo","Hologram","Coolheaded"],"picked":"SKIP","floor":31},{"not_picked":["Sweeping Beam","Steam"],"picked":"BootSequence+1","floor":32},{"not_picked":["Reboot","Fission"],"picked":"Multi-Cast","floor":33},{"not_picked":["Beam Cell+1","BootSequence+1","Steam+1"],"picked":"SKIP","floor":35},{"not_picked":["Sweeping Beam","Rebound"],"picked":"Ball Lightning+1","floor":38},{"not_picked":["Ball Lightning+1","Streamline"],"picked":"Rainbow","floor":39},{"not_picked":["Ball Lightning","BootSequence+1"],"picked":"Conserve Battery+1","floor":40},{"not_picked":["Tempest","Skim"],"picked":"Darkness+1","floor":41},{"not_picked":["BootSequence+1","Steam"],"picked":"Stack+1","floor":42},{"not_picked":["Ball Lightning","FTL"],"picked":"Gash+1","floor":46},{"not_picked":["Ball Lightning+1","Rip and Tear"],"picked":"Tempest+1","floor":47},{"not_picked":["Coolheaded+1","Skim+1"],"picked":"Undo+1","floor":48},{"not_picked":["Turbo+1","Blizzard+1"],"picked":"Go for the Eyes","floor":49}],"player_experience":269285,"relics_obtained":[{"floor":7,"key":"Emotion Chip"},{"floor":8,"key":"Odd Mushroom"},{"floor":9,"key":"Unceasing Top"},{"floor":12,"key":"Ginger"},{"floor":24,"key":"PreservedInsect"},{"floor":26,"key":"Dream Catcher"},{"floor":30,"key":"Incense Burner"},{"floor":41,"key":"Ice Cream"},{"floor":43,"key":"Symbiotic Virus"}],"event_choices":[{"damage_healed":0,"gold_gain":0,"player_choice":"Donut","damage_taken":0,"max_hp_gain":5,"max_hp_loss":0,"event_name":"Big Fish","floor":2,"gold_loss":0},{"damage_healed":0,"gold_gain":0,"player_choice":"Take Wound","damage_taken":0,"relics_obtained":["Golden Idol"],"max_hp_gain":0,"max_hp_loss":0,"event_name":"Golden Idol","floor":4,"gold_loss":0,"cards_obtained":["Injury"]},{"damage_healed":0,"gold_gain":0,"player_choice":"Fought Mushrooms","damage_taken":0,"max_hp_gain":0,"max_hp_loss":0,"event_name":"Mushrooms","floor":8,"gold_loss":0},{"damage_healed":0,"gold_gain":0,"player_choice":"Simplicity","damage_taken":0,"max_hp_gain":0,"max_hp_loss":0,"event_name":"Back to Basics","floor":21,"gold_loss":0,"cards_upgraded":["Strike_B","Strike_B","Strike_B","Strike_B","Defend_B","Defend_B","Defend_B","Defend_B"]},{"damage_healed":0,"gold_gain":0,"player_choice":"Stole Relic","damage_taken":0,"relics_obtained":["Potion Belt"],"max_hp_gain":0,"max_hp_loss":0,"event_name":"Addict","floor":22,"gold_loss":0,"cards_obtained":["Shame"]},{"damage_healed":0,"gold_gain":0,"player_choice":"Gave Potion","damage_taken":0,"relics_obtained":["Happy Flower"],"max_hp_gain":0,"max_hp_loss":0,"event_name":"WeMeetAgain","floor":28,"gold_loss":0},{"damage_healed":0,"gold_gain":0,"player_choice":"Bought 3 Potions","damage_taken":0,"max_hp_gain":0,"max_hp_loss":0,"event_name":"The Woman in Blue","floor":36,"gold_loss":0}],"is_beta":false,"boss_relics":[{"not_picked":["Coffee Dripper","Velvet Choker"],"picked":"Snecko Eye"},{"not_picked":["Philosopher\u0027s Stone","Orrery"],"picked":"Cursed Key"}],"items_purged_floors":[27,37],"is_endless":false,"potions_floor_spawned":[1,8,12,13,20,24,31,33,38,41,46],"ascension_level":3}