{"gold_per_floor":[114,33,33,52,72,113,134,134,134,134,153,171,171,28,28,28],"floor_reached":16,"playtime":411,"items_purged":[],"score":102,"play_id":"2ed292e4-78e3-464d-b1dc-c0445bb4e084","local_time":"20190914114513","is_ascension_mode":false,"campfire_choices":[{"data":"Neutralize","floor":8,"key":"SMITH"},{"data":"Skewer","floor":10,"key":"SMITH"},{"data":"Survivor","floor":13,"key":"SMITH"},{"data":"Calculated Gamble","floor":15,"key":"SMITH"}],"neow_cost":"NONE","seed_source_timestamp":181124752557100,"circlet_count":0,"master_deck":["Strike_G","Strike_G","Strike_G","Strike_G","Strike_G","Defend_G","Defend_G","Defend_G+1","Defend_G","Defend_G","Survivor+1","Neutralize+1","Cloak And Dagger","Tactician","Calculated Gamble+1","Skewer+1","Dodge and Roll+1","Die Die Die","Cloak And Dagger","PiercingWail"],"relics":["Ring of the Snake","NeowsBlessing","Golden Idol","Nunchaku","Pear","War Paint"],"potions_floor_usage":[6,16],"damage_taken":[{"damage":0,"enemies":"2 Louse","floor":1,"turns":1},{"damage":0,"enemies":"Jaw Worm","floor":4,"turns":1},{"damage":0,"enemies":"Small Slimes","floor":5,"turns":1},{"damage":10,"enemies":"Gremlin Nob","floor":6,"turns":5},{"damage":0,"enemies":"2 Fungi Beasts","floor":7,"turns":5},{"damage":4,"enemies":"Blue Slaver","floor":11,"turns":2},{"damage":0,"enemies":"Red Slaver","floor":12,"turns":2},{"damage":51,"enemies":"The Guardian","floor":16,"turns":18}],"seed_played":"6199861245045704108","potions_obtained":[{"floor":4,"key":"Block Potion"},{"floor":6,"key":"GhostInAJar"},{"floor":11,"key":"Weak Potion"}],"is_trial":false,"path_per_floor":["M","$","?","M","M","E","M","R","T","R","M","M","R","$","R","B"],"character_chosen":"THE_SILENT","items_purchased":["Tactician","War Paint"],"campfire_rested":0,"item_purchase_floors":[2,14],"current_hp_per_floor":[70,70,53,53,53,43,43,43,53,53,49,49,49,49,49,0],"gold":28,"neow_bonus":"THREE_ENEMY_KILL","is_prod":false,"is_daily":false,"chose_seed":false,"campfire_upgraded":4,"win_rate":0,"timestamp":1568486713,"path_taken":["M","$","?","M","M","E","M","R","T","R","M","M","R","$","R","BOSS"],"build_version":"2019-07-17","purchased_purges":0,"victory":false,"max_hp_per_floor":[70,70,70,70,70,70,70,70,80,80,80,80,80,80,80,80],"card_choices":[{"not_picked":["Distraction","Dagger Throw"],"picked":"Cloak And Dagger","floor":1},{"not_picked":["Deflect","Slice"],"picked":"Calculated Gamble","floor":4},{"not_picked":["Poisoned Stab","Dagger Throw"],"picked":"Skewer","floor":5},{"not_picked":["Poisoned Stab","Finisher"],"picked":"Dodge and Roll","floor":6},{"not_picked":["Reflex","Blade Dance"],"picked":"Die Die Die","floor":7},{"not_picked":["Outmaneuver","Slice"],"picked":"Cloak And Dagger","floor":11},{"not_picked":["Underhanded Strike","Tactician"],"picked":"PiercingWail","floor":12}],"player_experience":605958,"relics_obtained":[{"floor":6,"key":"Nunchaku"},{"floor":9,"key":"Pear"}],"event_choices":[{"damage_healed":0,"gold_gain":0,"player_choice":"Take Damage","damage_taken":17,"relics_obtained":["Golden Idol"],"max_hp_gain":0,"max_hp_loss":0,"event_name":"Golden Idol","floor":3,"gold_loss":0}],"is_beta":false,"boss_relics":[],"items_purged_floors":[],"is_endless":false,"potions_floor_spawned":[4,6,11],"killed_by":"The Guardian","ascension_level":0}