{"gold_per_floor":[114,125,143,143,156,187,187,218,218,242,242,260,260,284,284,412,412,352,367,48,62,86,86,111,111,160,160,203,222,222,291,291,416,416,430,20,353,353,353],"floor_reached":40,"playtime":4463,"items_purged":["Defend_R"],"score":816,"play_id":"43812fd1-0d3c-40c4-b292-3b7a3d2ccce4","local_time":"20190103181935","is_ascension_mode":true,"campfire_choices":[{"floor":7,"key":"REST"},{"data":"Disarm","floor":13,"key":"SMITH"},{"data":"Bash","floor":15,"key":"SMITH"},{"data":"Iron Wave","floor":23,"key":"SMITH"},{"floor":25,"key":"REST"},{"floor":27,"key":"REST"},{"floor":30,"key":"REST"},{"data":"Seeing Red","floor":32,"key":"SMITH"}],"neow_cost":"TEN_PERCENT_HP_LOSS","seed_source_timestamp":304461067446786,"circlet_count":0,"master_deck":["Strike_R","Strike_R","Strike_R","Defend_R+1","Defend_R","Defend_R","Bash+1","Clash","Rupture","Iron Wave","Rage+1","Fire Breathing","Iron Wave+1","Headbutt","Disarm+1","Iron Wave","Brutality","Pommel Strike","Good Instincts","Battle Trance+1","Disarm+1","Bloodletting+1","Reaper","Sever Soul","Burning Pact+1","Seeing Red+1","Reaper","Metallicize"],"relics":["Burning Blood","Ancient Tea Set","Dodecahedron","Singing Bowl","Black Star","War Paint","Pen Nib","Pantograph","Darkstone Periapt","Tiny Chest","Shuriken","Sozu","Self Forming Clay"],"potions_floor_usage":[6,14,16,18,22,24,28,35,39],"damage_taken":[{"damage":1,"enemies":"Cultist","floor":1,"turns":4},{"damage":3,"enemies":"Jaw Worm","floor":2,"turns":4},{"damage":5,"enemies":"2 Louse","floor":3,"turns":4},{"damage":17,"enemies":"Lots of Slimes","floor":5,"turns":6},{"damage":31,"enemies":"Lagavulin","floor":6,"turns":6},{"damage":16,"enemies":"Gremlin Nob","floor":8,"turns":4},{"damage":2,"enemies":"Looter","floor":10,"turns":3},{"damage":0,"enemies":"2 Fungi Beasts","floor":12,"turns":3},{"damage":2,"enemies":"Exordium Thugs","floor":14,"turns":5},{"damage":6,"enemies":"The Guardian","floor":16,"turns":10},{"damage":20,"enemies":"2 Thieves","floor":18,"turns":4},{"damage":14,"enemies":"Spheric Guardian","floor":19,"turns":5},{"damage":23,"enemies":"Shelled Parasite and Fungi","floor":21,"turns":9},{"damage":15,"enemies":"Chosen and Byrds","floor":22,"turns":7},{"damage":11,"enemies":"3 Cultists","floor":24,"turns":5},{"damage":19,"enemies":"Slavers","floor":28,"turns":8},{"damage":38,"enemies":"Centurion and Healer","floor":29,"turns":7},{"damage":13,"enemies":"Book of Stabbing","floor":31,"turns":8},{"damage":37,"enemies":"Collector","floor":33,"turns":8},{"damage":17,"enemies":"3 Shapes","floor":35,"turns":6},{"damage":76,"enemies":"Awakened One","floor":39,"turns":13}],"seed_played":"2606495605366705365","potions_obtained":[{"floor":5,"key":"EssenceOfSteel"},{"floor":8,"key":"Swift Potion"},{"floor":10,"key":"Poison Potion"},{"floor":14,"key":"Energy Potion"},{"floor":16,"key":"SteroidPotion"},{"floor":19,"key":"Strength Potion"},{"floor":21,"key":"AttackPotion"},{"floor":31,"key":"BloodPotion"},{"floor":33,"key":"Explosive Potion"}],"is_trial":false,"path_per_floor":["M","M","M","?","M","E","R","E","T","M","?","M","R","M","R","B",null,"M","M","$","M","M","R","M","R","T","R","E","M","R","E","R","B",null,"M","$","?","?","B",null],"character_chosen":"IRONCLAD","items_purchased":["Good Instincts","Battle Trance","War Paint","Self Forming Clay","Metallicize"],"campfire_rested":4,"item_purchase_floors":[20,20,20,36,36],"current_hp_per_floor":[72,72,72,67,56,31,51,41,41,45,45,53,53,57,57,57,66,54,46,46,29,20,20,15,36,36,57,52,32,53,54,54,53,67,71,71,71,71,47],"gold":353,"neow_bonus":"TRANSFORM_TWO_CARDS","is_prod":false,"is_daily":false,"chose_seed":false,"campfire_upgraded":4,"win_rate":0,"timestamp":1546568375,"path_taken":["M","?","M","?","M","E","R","E","T","M","?","M","R","?","R","BOSS","M","M","$","M","M","R","M","R","T","R","E","M","R","E","R","BOSS","M","$","?","?","BOSS"],"build_version":"2018-12-20","purchased_purges":1,"victory":true,"max_hp_per_floor":[72,72,72,67,67,67,67,67,67,67,67,69,69,69,69,69,69,71,71,71,71,71,71,71,71,71,71,71,71,71,71,71,71,71,73,73,73,73,73],"card_choices":[{"not_picked":["Body Slam","Flex"],"picked":"Iron Wave","floor":1},{"not_picked":["Sword Boomerang","Havoc"],"picked":"Rage","floor":2},{"not_picked":["Power Through","Armaments"],"picked":"Fire Breathing","floor":3},{"not_picked":["True Grit","Pummel"],"picked":"Iron Wave","floor":5},{"not_picked":["Combust","Fiend Fire","Shrug It Off"],"picked":"SKIP","floor":6},{"not_picked":["True Grit","Flame Barrier"],"picked":"Headbutt","floor":8},{"not_picked":["Warcry","Combust"],"picked":"Disarm","floor":10},{"not_picked":["Headbutt","Armaments","Cleave"],"picked":"Singing Bowl","floor":12},{"not_picked":["Body Slam","Impervious"],"picked":"Iron Wave","floor":14},{"not_picked":["Fiend Fire","Demon Form"],"picked":"Brutality","floor":16},{"not_picked":["Wild Strike+1","Perfected Strike","Twin Strike+1"],"picked":"Singing Bowl","floor":18},{"not_picked":["Infernal Blade","Perfected Strike+1"],"picked":"Pommel Strike","floor":19},{"not_picked":["Flex","Clothesline"],"picked":"Disarm+1","floor":21},{"not_picked":["Blood for Blood+1","Sever Soul+1"],"picked":"Bloodletting+1","floor":22},{"not_picked":["Flex","Entrench+1"],"picked":"Reaper","floor":24},{"not_picked":["Shrug It Off","Pummel"],"picked":"Sever Soul","floor":28},{"not_picked":["Wild Strike","Body Slam"],"picked":"Burning Pact+1","floor":29},{"not_picked":["Reckless Charge","Dark Embrace"],"picked":"Seeing Red","floor":31},{"not_picked":["Limit Break","Impervious"],"picked":"Reaper","floor":33},{"not_picked":["Iron Wave","Dropkick+1","Heavy Blade"],"picked":"Singing Bowl","floor":35}],"player_experience":338349,"relics_obtained":[{"floor":6,"key":"Ancient Tea Set"},{"floor":8,"key":"Dodecahedron"},{"floor":9,"key":"Singing Bowl"},{"floor":26,"key":"Pen Nib"},{"floor":28,"key":"Pantograph"},{"floor":28,"key":"Darkstone Periapt"},{"floor":31,"key":"Tiny Chest"},{"floor":31,"key":"Shuriken"}],"event_choices":[{"damage_healed":0,"gold_gain":0,"player_choice":"Lose Max HP","damage_taken":0,"relics_obtained":["Golden Idol"],"max_hp_gain":0,"max_hp_loss":5,"event_name":"Golden Idol","floor":4,"gold_loss":0},{"damage_healed":0,"gold_gain":0,"player_choice":"Forge","damage_taken":0,"max_hp_gain":0,"max_hp_loss":0,"event_name":"Accursed Blacksmith","floor":11,"gold_loss":0,"cards_upgraded":["Rage"]},{"damage_healed":0,"gold_gain":333,"player_choice":"Gave Idol","damage_taken":0,"max_hp_gain":0,"max_hp_loss":0,"event_name":"The Moai Head","floor":37,"relics_lost":["Golden Idol"],"gold_loss":0},{"damage_healed":0,"gold_gain":0,"player_choice":"Took Portal","damage_taken":0,"max_hp_gain":0,"max_hp_loss":0,"event_name":"SecretPortal","floor":38,"gold_loss":0}],"is_beta":false,"boss_relics":[{"not_picked":["Astrolabe","Velvet Choker"],"picked":"Black Star"},{"not_picked":["Cursed Key","Runic Pyramid"],"picked":"Sozu"}],"items_purged_floors":[36],"is_endless":false,"potions_floor_spawned":[5,8,10,14,16,19,21,31,33],"ascension_level":7}