{"gold_per_floor":[112,192,203,217,142,142,169,169,196,231,231,51,51,51,51,145,145,170,170],"floor_reached":19,"playtime":839,"items_purged":["Strike_R","Strike_R"],"score":346,"play_id":"12b72e7e-2a3f-4474-afba-cd380b5a1a8c","local_time":"20190911221003","is_ascension_mode":true,"campfire_choices":[{"data":"Armaments","floor":6,"key":"SMITH"},{"data":"Uppercut","floor":8,"key":"SMITH"},{"data":"Flame Barrier","floor":13,"key":"SMITH"},{"floor":15,"key":"REST"}],"neow_cost":"NONE","seed_source_timestamp":195382396971500,"circlet_count":0,"master_deck":["AscendersBane","Strike_R","Strike_R","Strike_R","Defend_R","Defend_R+1","Defend_R","Defend_R","Bash","Armaments+1","Uppercut+1","Clothesline+1","Feel No Pain","Flame Barrier+1","Dropkick","Juggernaut"],"relics":["Burning Blood","Boot","Pen Nib","Blue Candle","Golden Idol","Lizard Tail"],"potions_floor_usage":[7,7,16],"damage_taken":[{"damage":1,"enemies":"2 Louse","floor":1,"turns":3},{"damage":1,"enemies":"Small Slimes","floor":3,"turns":4},{"damage":6,"enemies":"Jaw Worm","floor":4,"turns":3},{"damage":24,"enemies":"3 Sentries","floor":7,"turns":18},{"damage":24,"enemies":"Gremlin Nob","floor":10,"turns":4},{"damage":15,"enemies":"The Guardian","floor":16,"turns":13},{"damage":25,"enemies":"Shell Parasite","floor":18,"turns":9},{"damage":0,"enemies":"Masked Bandits","floor":19,"turns":2}],"seed_played":"-4951189773276087408","potions_obtained":[{"floor":1,"key":"EssenceOfSteel"},{"floor":3,"key":"Weak Potion"},{"floor":7,"key":"FearPotion"},{"floor":18,"key":"Fire Potion"}],"is_trial":false,"path_per_floor":["M","?","M","M","$","R","E","R","T","E","?","$","R","?","R","B",null,"M","?"],"character_chosen":"IRONCLAD","items_purchased":["Dropkick"],"campfire_rested":1,"item_purchase_floors":[12],"current_hp_per_floor":[73,73,75,75,75,75,57,57,57,39,16,16,16,16,36,27,58,39,39],"gold":170,"neow_bonus":"THREE_CARDS","is_prod":false,"is_daily":false,"chose_seed":false,"campfire_upgraded":3,"win_rate":0,"timestamp":1568265003,"path_taken":["M","?","M","M","$","R","E","R","T","E","?","$","R","?","R","BOSS","M","?"],"build_version":"2019-07-17","purchased_purges":2,"victory":false,"max_hp_per_floor":[75,75,75,75,75,75,75,75,75,75,75,75,75,68,68,68,68,68,68],"card_choices":[{"not_picked":["Warcry","True Grit"],"picked":"Armaments","floor":0},{"not_picked":["Sword Boomerang","Dropkick"],"picked":"Uppercut","floor":1},{"not_picked":["True Grit","Clash"],"picked":"Clothesline","floor":3},{"not_picked":["Sentinel","Dropkick"],"picked":"Feel No Pain","floor":4},{"not_picked":["Headbutt","Bloodletting","Clothesline"],"picked":"SKIP","floor":7},{"not_picked":["Rupture","Juggernaut"],"picked":"Flame Barrier","floor":10},{"not_picked":["Bludgeon","Demon Form"],"picked":"Juggernaut","floor":16},{"not_picked":["Wild Strike","Thunderclap","Clash"],"picked":"SKIP","floor":18}],"player_experience":683797,"relics_obtained":[{"floor":7,"key":"Boot"},{"floor":9,"key":"Pen Nib"},{"floor":10,"key":"Blue Candle"}],"event_choices":[{"damage_healed":0,"gold_gain":80,"player_choice":"Gained Gold","damage_taken":0,"max_hp_gain":0,"max_hp_loss":0,"event_name":"Golden Wing","floor":2,"gold_loss":0},{"damage_healed":0,"gold_gain":0,"player_choice":"Entered Light","damage_taken":23,"max_hp_gain":0,"max_hp_loss":0,"event_name":"Shining Light","floor":11,"gold_loss":0,"cards_upgraded":["Defend_R","Clothesline"]},{"damage_healed":0,"gold_gain":0,"player_choice":"Lose Max HP","damage_taken":0,"relics_obtained":["Golden Idol"],"max_hp_gain":0,"max_hp_loss":7,"event_name":"Golden Idol","floor":14,"gold_loss":0},{"damage_healed":0,"gold_gain":0,"player_choice":"Fought Bandits","damage_taken":0,"max_hp_gain":0,"max_hp_loss":0,"event_name":"Masked Bandits","floor":19,"gold_loss":0}],"is_beta":false,"boss_relics":[{"not_picked":["Tiny House","Coffee Dripper"],"picked":"Lizard Tail"}],"items_purged_floors":[5,12],"is_endless":false,"potions_floor_spawned":[1,3,7,18],"killed_by":"Masked Bandits","ascension_level":20}