{"gold_per_floor":[119,119,132,132,57,57,57,57,82,82,4,42,42,63,63,152,152,168,168,68,68,92,92,117,117,141,141,164,164,164,187,187,187],"floor_reached":33,"playtime":1592,"items_purged":["Regret","Shame"],"score":410,"play_id":"05a9c248-a3bd-4a2f-a848-16a78ff8a9bb","local_time":"20190220133826","is_ascension_mode":true,"campfire_choices":[{"data":"Barrage","floor":6,"key":"SMITH"},{"data":"Static Discharge","floor":8,"key":"SMITH"},{"data":"Zap","floor":10,"key":"SMITH"},{"data":"Doom and Gloom","floor":13,"key":"SMITH"},{"floor":15,"key":"REST"},{"data":"Hologram","floor":23,"key":"SMITH"},{"data":"Go for the Eyes","floor":27,"key":"SMITH"},{"data":"Go for the Eyes","floor":30,"key":"SMITH"},{"floor":32,"key":"REST"}],"neow_cost":"NONE","seed_source_timestamp":231516634923100,"circlet_count":0,"master_deck":["AscendersBane","Strike_B","Strike_B","Defend_B","Defend_B","Defend_B","Defend_B","Zap+1","Dualcast","Ball Lightning","Cold Snap","Barrage+1","Static Discharge+1","Doom and Gloom+1","Rebound","Glacier","Rainbow","Hologram+1","Go for the Eyes+1","Barrage+1","Go for the Eyes+1","Barrage"],"relics":["Cracked Core","Golden Idol","Strawberry","Oddly Smooth Stone","Shuriken","Philosopher\u0027s Stone","Juzu Bracelet","Anchor"],"potions_floor_usage":[12,16,22,24,33],"damage_taken":[{"damage":3,"enemies":"2 Louse","floor":1,"turns":3},{"damage":1,"enemies":"Small Slimes","floor":3,"turns":3},{"damage":30,"enemies":"Lagavulin","floor":12,"turns":4},{"damage":10,"enemies":"Jaw Worm","floor":14,"turns":2},{"damage":10,"enemies":"Slime Boss","floor":16,"turns":6},{"damage":10,"enemies":"3 Byrds","floor":18,"turns":3},{"damage":24,"enemies":"2 Thieves","floor":22,"turns":3},{"damage":2,"enemies":"Centurion and Healer","floor":24,"turns":4},{"damage":9,"enemies":"Snake Plant","floor":28,"turns":3},{"damage":6,"enemies":"Shelled Parasite and Fungi","floor":31,"turns":3},{"damage":53,"enemies":"Collector","floor":33,"turns":6}],"seed_played":"1865682192795295074","potions_obtained":[{"floor":3,"key":"Energy Potion"},{"floor":14,"key":"Regen Potion"},{"floor":16,"key":"LiquidBronze"},{"floor":22,"key":"Regen Potion"},{"floor":31,"key":"LiquidBronze"}],"is_trial":false,"path_per_floor":["M","?","M","?","$","R","?","R","T","R","$","E","R","M","R","B",null,"M","?","$","?","M","R","M","?","T","R","M","?","R","M","R","B"],"character_chosen":"DEFECT","items_purchased":["Doom and Gloom"],"campfire_rested":2,"item_purchase_floors":[11],"current_hp_per_floor":[61,61,60,67,67,67,67,67,67,67,67,37,37,27,48,53,68,58,58,58,58,34,34,44,44,44,44,35,35,35,29,50,0],"gold":187,"neow_bonus":"THREE_CARDS","is_prod":false,"is_daily":false,"chose_seed":false,"campfire_upgraded":7,"win_rate":0,"timestamp":1550698706,"path_taken":["M","?","M","?","?","R","?","R","T","R","$","E","R","?","R","BOSS","M","?","$","?","M","R","M","?","T","R","M","?","R","M","R","BOSS"],"build_version":"2019-01-23","purchased_purges":2,"victory":false,"max_hp_per_floor":[71,66,66,73,73,73,73,73,73,73,73,73,73,73,73,73,73,73,73,73,73,73,73,73,73,73,73,73,73,73,73,73,73],"card_choices":[{"not_picked":["Barrage","Lockon"],"picked":"Ball Lightning","floor":0},{"not_picked":["Lockon","Beam Cell"],"picked":"Cold Snap","floor":1},{"not_picked":["Turbo","Go for the Eyes"],"picked":"Barrage","floor":3},{"not_picked":["Hologram","Hello World"],"picked":"Rebound","floor":12},{"not_picked":["Conserve Battery","Beam Cell"],"picked":"Glacier","floor":14},{"not_picked":["Reboot","Seek"],"picked":"Rainbow","floor":16},{"not_picked":["Conserve Battery","Cold Snap"],"picked":"Hologram","floor":18},{"not_picked":["Glacier","Redo"],"picked":"Go for the Eyes","floor":22},{"not_picked":["Double Energy","Heatsinks+1"],"picked":"Barrage","floor":24},{"not_picked":["Rebound","Streamline"],"picked":"Go for the Eyes","floor":28},{"not_picked":["Aggregate","Genetic Algorithm+1"],"picked":"Barrage","floor":31}],"player_experience":691850,"relics_obtained":[{"floor":9,"key":"Oddly Smooth Stone"},{"floor":12,"key":"Shuriken"},{"floor":26,"key":"Anchor"}],"event_choices":[{"damage_healed":0,"gold_gain":0,"player_choice":"Lose Max HP","damage_taken":0,"relics_obtained":["Golden Idol"],"max_hp_gain":0,"max_hp_loss":5,"event_name":"Golden Idol","floor":2,"gold_loss":0},{"damage_healed":0,"gold_gain":0,"player_choice":"Box","damage_taken":0,"relics_obtained":["Strawberry"],"max_hp_gain":0,"max_hp_loss":0,"event_name":"Big Fish","floor":4,"gold_loss":0,"cards_obtained":["Regret"]},{"damage_healed":0,"gold_gain":0,"cards_transformed":["Strike_B"],"player_choice":"Change","damage_taken":0,"max_hp_gain":0,"max_hp_loss":0,"event_name":"Living Wall","floor":7,"gold_loss":0,"cards_obtained":["Static Discharge"]},{"damage_healed":0,"gold_gain":0,"player_choice":"Stole Relic","damage_taken":0,"relics_obtained":["Juzu Bracelet"],"max_hp_gain":0,"max_hp_loss":0,"event_name":"Addict","floor":19,"gold_loss":0,"cards_obtained":["Shame"]},{"damage_healed":0,"gold_gain":0,"player_choice":"Ignored","damage_taken":0,"max_hp_gain":0,"max_hp_loss":0,"event_name":"Beggar","floor":21,"gold_loss":0},{"damage_healed":0,"gold_gain":0,"player_choice":"Upgraded","damage_taken":0,"max_hp_gain":0,"max_hp_loss":0,"event_name":"Upgrade Shrine","floor":25,"gold_loss":0,"cards_upgraded":["Barrage"]},{"cards_removed":["Strike_B"],"damage_healed":0,"gold_gain":0,"player_choice":"Purged","damage_taken":0,"max_hp_gain":0,"max_hp_loss":0,"event_name":"Purifier","floor":29,"gold_loss":0}],"is_beta":false,"boss_relics":[{"not_picked":["Eternal Feather","Calling Bell"],"picked":"Philosopher\u0027s Stone"}],"items_purged_floors":[5,20],"is_endless":false,"potions_floor_spawned":[3,14,16,22,31],"killed_by":"Collector","ascension_level":14}