{"gold_per_floor":[109,124,142,157,176,176,204,204,282,313,313,372,384,402,402,497,497,507,81,81,95,109,142,142,142],"floor_reached":25,"playtime":3702,"items_purged":["Defend_B"],"score":270,"play_id":"05d90948-8f35-41dd-bd12-aba77f95fa3d","local_time":"20181123014128","is_ascension_mode":true,"campfire_choices":[{"data":"Zap","floor":6,"key":"SMITH"},{"data":"Steam","floor":8,"key":"SMITH"},{"floor":15,"key":"REST"},{"floor":24,"key":"REST"}],"neow_cost":"NONE","seed_source_timestamp":0,"circlet_count":0,"master_deck":["Strike_B","Strike_B","Strike_B","Strike_B","Defend_B","Defend_B+1","Zap+1","Dualcast","Conserve Battery","Cold Snap","Undo+1","Cold Snap","Heatsinks","Steam+1","Turbo","Hyperbeam","Storm","FTL","Static Discharge","Buffer","Rebound+1","Static Discharge","Barrage","Glacier","Fission","Recycle+1","Fusion"],"special_seed":0,"relics":["Black Star","Vajra","Omamori","FossilizedHelix","Ginger","Juzu Bracelet","Tiny Chest","Inserter","Oddly Smooth Stone","War Paint","Potion Belt"],"potions_floor_usage":[12,14,16,16,22,23],"damage_taken":[{"damage":6.0,"enemies":"Small Slimes","floor":1.0,"turns":5.0},{"damage":0.0,"enemies":"Cultist","floor":2.0,"turns":4.0},{"damage":0,"enemies":"Jaw Worm","floor":3,"turns":5},{"damage":0,"enemies":"Exordium Wildlife","floor":4,"turns":3},{"damage":1,"enemies":"Blue Slaver","floor":5,"turns":5},{"damage":6,"enemies":"Lagavulin","floor":7,"turns":8},{"damage":3,"enemies":"3 Sentries","floor":10,"turns":9},{"damage":19,"enemies":"Gremlin Nob","floor":12,"turns":5},{"damage":11,"enemies":"Lots of Slimes","floor":13,"turns":4},{"damage":0,"enemies":"Large Slime","floor":14,"turns":6},{"damage":4,"enemies":"Slime Boss","floor":16,"turns":11},{"damage":18,"enemies":"3 Byrds","floor":18,"turns":7},{"damage":10,"enemies":"Spheric Guardian","floor":21,"turns":6},{"damage":15,"enemies":"Cultist and Chosen","floor":22,"turns":6},{"damage":4,"enemies":"Book of Stabbing","floor":23,"turns":7},{"damage":53,"enemies":"Gremlin Leader","floor":25,"turns":9}],"seed_played":"-8461508855015186820","potions_obtained":[{"floor":3,"key":"Dexterity Potion"},{"floor":5,"key":"Weak Potion"},{"floor":10,"key":"LiquidBronze"},{"floor":13,"key":"SpeedPotion"},{"floor":16,"key":"Swift Potion"}],"is_trial":false,"path_per_floor":["M","M","M","M","M","M","R","E","R","T","E","?","E","M","M","R","B",null,"M","$","?","M","M","E","R","E"],"character_chosen":"DEFECT","items_purchased":["Oddly Smooth Stone","Static Discharge","Barrage","EssenceOfSteel"],"campfire_rested":2,"item_purchase_floors":[19,19,19,19],"current_hp_per_floor":[69,69,69,69,68,68,62,62,62,59,59,40,29,29,51,47,75,57,57,57,47,32,28,50,0],"gold":142,"neow_bonus":"BOSS_RELIC","is_prod":false,"is_daily":false,"chose_seed":false,"campfire_upgraded":2,"win_rate":0,"timestamp":1542966088,"path_taken":["M","M","M","M","M","R","E","R","T","E","?","E","M","M","R","BOSS","M","$","?","M","M","E","R","E"],"build_version":"2018-11-15","purchased_purges":1,"victory":false,"max_hp_per_floor":[75,75,75,75,75,75,75,75,75,75,75,75,75,75,75,75,75,75,75,75,75,75,75,75,75],"card_choices":[{"not_picked":["Redo","Consume"],"picked":"Conserve Battery","floor":1.0},{"not_picked":["Tempest","Leap"],"picked":"Cold Snap","floor":2},{"not_picked":["Sweeping Beam","Gash"],"picked":"Undo","floor":3},{"not_picked":["Barrage","Undo"],"picked":"Cold Snap","floor":4},{"not_picked":["Go for the Eyes","Ball Lightning"],"picked":"Heatsinks","floor":5},{"not_picked":["Sweeping Beam","Fission"],"picked":"Steam","floor":7},{"not_picked":["Rebound","Gash"],"picked":"Turbo","floor":10},{"not_picked":["BootSequence","Compile Driver"],"picked":"Storm","floor":12},{"not_picked":["Genetic Algorithm","Sweeping Beam"],"picked":"FTL","floor":13},{"not_picked":["Streamline","Hello World"],"picked":"Static Discharge","floor":14},{"not_picked":["Thunder Strike","Seek"],"picked":"Buffer","floor":16},{"not_picked":["BootSequence","Stack"],"picked":"Rebound+1","floor":18},{"not_picked":["Compile Driver","Steam+1"],"picked":"Fission","floor":21},{"not_picked":["Hologram+1","Gash+1"],"picked":"Recycle+1","floor":22},{"not_picked":["Gash","Genetic Algorithm"],"picked":"Fusion","floor":23}],"player_experience":98684,"relics_obtained":[{"floor":7,"key":"Vajra"},{"floor":7,"key":"Omamori"},{"floor":10,"key":"FossilizedHelix"},{"floor":10,"key":"Ginger"},{"floor":12,"key":"Juzu Bracelet"},{"floor":12,"key":"Tiny Chest"},{"floor":23,"key":"War Paint"},{"floor":23,"key":"Potion Belt"}],"event_choices":[{"damage_healed":0,"gold_gain":0,"cards_transformed":["Defend_B"],"player_choice":"Transformed","damage_taken":0,"max_hp_gain":0,"max_hp_loss":0,"event_name":"Transmorgrifier","floor":11,"gold_loss":0,"cards_obtained":["Hyperbeam"]},{"damage_healed":0,"gold_gain":0,"player_choice":"Read","damage_taken":0,"max_hp_gain":0,"max_hp_loss":0,"event_name":"The Library","floor":20,"gold_loss":0,"cards_obtained":["Glacier"]}],"is_beta":false,"boss_relics":[{"not_picked":["Lizard Tail","Orrery"],"picked":"Inserter"}],"items_purged_floors":[19],"is_endless":false,"potions_floor_spawned":[3,5,10,13,16],"killed_by":"Gremlin Leader","ascension_level":2}