{"gold_per_floor":[116,41,41,61,6,39,39,69,141,171,184,184,200,212,212,289,289,300,215,246,259,259,259,284,304,304,304,339,53,53,33,33,110,110,124,138,154,166,66,66,8,8,32,32,58,75,75,104,104,104,104],"floor_reached":51,"playtime":2371,"items_purged":["Strike_R","Decay"],"score":1502,"play_id":"45ad511b-c126-4093-8cdd-65d2473434ba","local_time":"20190913094218","is_ascension_mode":true,"campfire_choices":[{"floor":7.0,"key":"REST"},{"floor":12.0,"key":"REST"},{"data":"Demon Form","floor":15.0,"key":"SMITH"},{"data":"Brutality","floor":23,"key":"SMITH"},{"floor":32,"key":"REST"},{"data":"Shockwave","floor":40,"key":"SMITH"},{"data":"Mayhem","floor":42,"key":"SMITH"},{"data":"Heavy Blade","floor":44,"key":"SMITH"},{"floor":49,"key":"REST"}],"neow_cost":"NONE","seed_source_timestamp":0,"circlet_count":0,"master_deck":["AscendersBane","Strike_R","Strike_R+1","Strike_R","Defend_R","Defend_R","Defend_R","Defend_R","Bash","Demon Form+1","Anger","Anger","Brutality+1","Shrug It Off+1","Metallicize","Disarm+1","Evolve","Immolate","Infernal Blade+1","Disarm","Ghostly Armor","Double Tap","Reckless Charge+1","Battle Trance","Metallicize+1","Mayhem+1","Immolate","Metallicize","Shrug It Off+1","Shockwave+1","Limit Break","Metallicize","Heavy Blade+1","Flame Barrier+1","Rupture"],"special_seed":0,"relics":["Burning Blood","Red Skull","Mummified Hand","Bag of Preparation","Mercury Hourglass","Odd Mushroom","Runic Dome","Mango","Red Mask","Matryoshka","Whetstone","Dodecahedron","Nilry\u0027s Codex","Gremlin Horn","Orrery","War Paint","Ancient Tea Set","Bottled Tornado","Unceasing Top"],"potions_floor_usage":[28,33,48,50,51],"damage_taken":[{"damage":7.0,"enemies":"Small Slimes","floor":1.0,"turns":3.0},{"damage":2.0,"enemies":"Jaw Worm","floor":4.0,"turns":5.0},{"damage":32.0,"enemies":"Gremlin Nob","floor":6.0,"turns":4.0},{"damage":35.0,"enemies":"3 Sentries","floor":8.0,"turns":8.0},{"damage":6.0,"enemies":"The Mushroom Lair","floor":10.0,"turns":3.0},{"damage":0.0,"enemies":"Cultist","floor":11.0,"turns":2.0},{"damage":4.0,"enemies":"Large Slime","floor":13.0,"turns":5.0},{"damage":19.0,"enemies":"Exordium Wildlife","floor":14.0,"turns":4.0},{"damage":14.0,"enemies":"The Guardian","floor":16.0,"turns":7.0},{"damage":17.0,"enemies":"Shell Parasite","floor":18.0,"turns":4.0},{"damage":19.0,"enemies":"Masked Bandits","floor":20.0,"turns":3.0},{"damage":8.0,"enemies":"Chosen","floor":21.0,"turns":5.0},{"damage":11,"enemies":"Gremlin Leader","floor":24,"turns":5},{"damage":2,"enemies":"3 Cultists","floor":25,"turns":3},{"damage":11,"enemies":"Slavers","floor":28,"turns":5},{"damage":31,"enemies":"Collector","floor":33,"turns":7},{"damage":24,"enemies":"3 Darklings","floor":35,"turns":4},{"damage":0,"enemies":"3 Shapes","floor":36,"turns":1},{"damage":17,"enemies":"3 Darklings","floor":37,"turns":2},{"damage":1,"enemies":"Jaw Worm Horde","floor":38,"turns":2},{"damage":12,"enemies":"Giant Head","floor":45,"turns":6},{"damage":9,"enemies":"Maw","floor":46,"turns":7},{"damage":14,"enemies":"Nemesis","floor":48,"turns":5},{"damage":33,"enemies":"Time Eater","floor":50,"turns":8},{"damage":42,"enemies":"Awakened One","floor":51,"turns":3}],"seed_played":"7327641452495486170","potions_obtained":[{"floor":1.0,"key":"SkillPotion"},{"floor":8.0,"key":"LiquidBronze"},{"floor":11.0,"key":"AttackPotion"},{"floor":13.0,"key":"Weak Potion"},{"floor":14.0,"key":"BloodPotion"},{"floor":18.0,"key":"SteroidPotion"},{"floor":31,"key":"Strength Potion"},{"floor":37,"key":"Weak Potion"},{"floor":46,"key":"PowerPotion"},{"floor":48,"key":"SkillPotion"}],"is_trial":false,"path_per_floor":["M","?","?","M","$","E","R","E","T","?","M","R","M","M","R","B",null,"M","?","?","M","?","R","E","M","T","?","E","$","?","?","R","B",null,"M","M","M","M","$","R","$","R","T","R","E","M","?","E","R","B","B"],"character_chosen":"IRONCLAD","items_purchased":["Block Potion","Mayhem","Heavy Blade"],"campfire_rested":4,"item_purchase_floors":[5,29,41],"current_hp_per_floor":[67,67,41,45,45,19,41,12,12,12,18,40,42,29,29,21,62,51,65,52,50,50,50,45,49,49,28,45,45,45,45,71,46,78,60,66,55,60,60,60,60,60,60,60,54,51,51,43,68,41,0],"gold":104,"neow_bonus":"ONE_RANDOM_RARE_CARD","is_prod":false,"is_daily":false,"chose_seed":false,"campfire_upgraded":5,"win_rate":0,"timestamp":1568392938,"path_taken":["M","?","?","M","?","E","R","E","T","?","M","R","M","?","R","BOSS","M","?","?","M","?","R","E","?","T","?","E","$","?","?","R","BOSS","M","M","M","M","$","R","$","R","T","R","E","?","?","E","R","BOSS","BOSS"],"build_version":"2019-07-17","purchased_purges":2,"victory":false,"max_hp_per_floor":[75,75,75,75,75,75,75,75,75,75,75,75,75,75,75,75,75,75,89,89,89,89,89,89,89,89,89,89,89,89,89,89,89,89,89,89,89,89,89,89,89,89,89,89,89,89,85,85,85,85,85],"card_choices":[{"not_picked":["Power Through","Warcry"],"picked":"Anger","floor":1.0},{"not_picked":["Flex","Twin Strike"],"picked":"Anger","floor":4.0},{"not_picked":["Body Slam","Perfected Strike"],"picked":"Brutality","floor":6.0},{"not_picked":["Body Slam","Heavy Blade"],"picked":"Shrug It Off","floor":8.0},{"not_picked":["Hemokinesis","Shrug It Off"],"picked":"Metallicize","floor":10.0},{"not_picked":["Fire Breathing","Perfected Strike"],"picked":"Disarm","floor":11.0},{"not_picked":["Warcry","Dropkick","Sentinel"],"picked":"SKIP","floor":13.0},{"not_picked":["Whirlwind","Perfected Strike"],"picked":"Evolve","floor":14.0},{"not_picked":["Limit Break","Brutality"],"picked":"Immolate","floor":16.0},{"not_picked":["Burning Pact","Dual Wield"],"picked":"Infernal Blade+1","floor":18.0},{"not_picked":["Armaments","Flex"],"picked":"Disarm","floor":20.0},{"not_picked":["Twin Strike","Pommel Strike"],"picked":"Ghostly Armor","floor":21.0},{"not_picked":["Carnage","Sword Boomerang"],"picked":"Reckless Charge","floor":24},{"not_picked":["Whirlwind","Flame Barrier"],"picked":"Battle Trance","floor":25},{"not_picked":["Armaments","Blood for Blood"],"picked":"Metallicize+1","floor":28},{"not_picked":["Berserk","Demon Form"],"picked":"Immolate","floor":33},{"not_picked":["Evolve","Searing Blow"],"picked":"Metallicize","floor":34},{"not_picked":["Wild Strike","Anger"],"picked":"Shrug It Off+1","floor":34},{"not_picked":["Anger","Perfected Strike"],"picked":"Shockwave","floor":34},{"not_picked":["Flex","Thunderclap","Sentinel"],"picked":"SKIP","floor":35},{"not_picked":["Iron Wave+1","Sword Boomerang","Flex"],"picked":"SKIP","floor":36},{"not_picked":["Cleave","Limit Break","Infernal Blade"],"picked":"SKIP","floor":37},{"not_picked":["Cleave","Infernal Blade"],"picked":"Limit Break","floor":37},{"not_picked":["Burning Pact+1","True Grit+1"],"picked":"Metallicize","floor":38},{"not_picked":["Twin Strike","Headbutt"],"picked":"Flame Barrier+1","floor":45},{"not_picked":["Perfected Strike","Iron Wave"],"picked":"Rupture","floor":46},{"not_picked":["Infernal Blade","Intimidate","Clash"],"picked":"SKIP","floor":48}],"player_experience":729694,"relics_obtained":[{"floor":6.0,"key":"Mummified Hand"},{"floor":8.0,"key":"Bag of Preparation"},{"floor":9.0,"key":"Mercury Hourglass"},{"floor":10.0,"key":"Odd Mushroom"},{"floor":20.0,"key":"Red Mask"},{"floor":24,"key":"Matryoshka"},{"floor":26,"key":"Whetstone"},{"floor":26,"key":"Dodecahedron"},{"floor":27,"key":"Nilry\u0027s Codex"},{"floor":28,"key":"Gremlin Horn"},{"floor":43,"key":"War Paint"},{"floor":43,"key":"Ancient Tea Set"},{"floor":45,"key":"Bottled Tornado"},{"floor":48,"key":"Unceasing Top"}],"event_choices":[{"cards_removed":["Strike_R"],"damage_healed":0.0,"max_hp_gain":0.0,"max_hp_loss":0.0,"gold_gain":0.0,"event_name":"The Cleric","player_choice":"Card Removal","floor":2.0,"gold_loss":75.0,"damage_taken":0.0},{"damage_healed":0.0,"max_hp_gain":0.0,"max_hp_loss":0.0,"gold_gain":0.0,"event_name":"Scrap Ooze","player_choice":"Success","floor":3.0,"gold_loss":0.0,"damage_taken":26.0,"relics_obtained":["Red Skull"]},{"damage_healed":0.0,"max_hp_gain":0.0,"max_hp_loss":0.0,"gold_gain":0.0,"event_name":"Mushrooms","player_choice":"Fought Mushrooms","floor":10.0,"gold_loss":0.0,"damage_taken":0.0},{"damage_healed":0.0,"max_hp_gain":0.0,"max_hp_loss":0.0,"gold_gain":0.0,"event_name":"Addict","player_choice":"Obtained Relic","floor":19.0,"gold_loss":85.0,"damage_taken":0.0,"relics_obtained":["Mango"]},{"damage_healed":0.0,"max_hp_gain":0.0,"max_hp_loss":0.0,"gold_gain":0.0,"event_name":"Masked Bandits","player_choice":"Fought Bandits","floor":20.0,"gold_loss":0.0,"damage_taken":0.0},{"damage_healed":0,"gold_gain":0,"player_choice":"1 cards matched","damage_taken":0,"max_hp_gain":0,"max_hp_loss":0,"event_name":"Match and Keep!","floor":22,"gold_loss":0,"cards_obtained":["Double Tap"]},{"damage_healed":0,"gold_gain":0,"player_choice":"Obtained Book","damage_taken":21,"max_hp_gain":0,"max_hp_loss":0,"event_name":"Cursed Tome","floor":27,"gold_loss":0},{"damage_healed":0,"gold_gain":0,"player_choice":"Smashed Altar","damage_taken":0,"max_hp_gain":0,"max_hp_loss":0,"event_name":"Forgotten Altar","floor":30,"gold_loss":0,"cards_obtained":["Decay"]},{"damage_healed":0,"gold_gain":0,"player_choice":"Bought 1 Potion","damage_taken":0,"max_hp_gain":0,"max_hp_loss":0,"event_name":"The Woman in Blue","floor":31,"gold_loss":0},{"damage_healed":0,"gold_gain":0,"player_choice":"Max HP","damage_taken":0,"max_hp_gain":0,"max_hp_loss":4,"event_name":"Winding Halls","floor":47,"gold_loss":0}],"is_beta":false,"boss_relics":[{"not_picked":["Lizard Tail","Calling Bell"],"picked":"Runic Dome"},{"not_picked":["White Beast Statue","Pandora\u0027s Box"],"picked":"Orrery"}],"items_purged_floors":[29,39],"is_endless":false,"potions_floor_spawned":[1,8,11,13,14,18,20,21,25,37,46,48],"killed_by":"Awakened One","ascension_level":20}