{"gold_per_floor":[113,128,1,20,195,195,266,293,319,319,337,366,378,403,415,527,539,563,575,587,612,634,646,685,707,743,755,767,810,822,847,859,871],"floor_reached":33,"playtime":2220,"items_purged":["Strike_R"],"score":339,"play_id":"aa3cd0a6-33f8-42f4-8129-17b8da8d4ee8","local_time":"20190902162555","is_ascension_mode":true,"campfire_choices":[{"data":"Armaments","floor":6,"key":"SMITH"},{"floor":10,"key":"REST"},{"floor":13,"key":"REST"},{"floor":15,"key":"REST"},{"floor":23,"key":"REST"},{"floor":27,"key":"REST"},{"floor":30,"key":"REST"},{"floor":32,"key":"REST"}],"neow_cost":"NONE","seed_source_timestamp":122441074572194,"circlet_count":0,"master_deck":["Strike_R","Strike_R","Strike_R","Strike_R","Defend_R","Defend_R","Defend_R","Defend_R","Bash","Inflame","Spot Weakness","Armaments+1","Doubt","Headbutt","Dual Wield","Infernal Blade","Demon Form","Wild Strike+1","Intimidate","Heavy Blade","Second Wind+1","Whirlwind","Bludgeon"],"relics":["Burning Blood","Oddly Smooth Stone","Question Card","Mercury Hourglass","Bronze Scales","MawBank","Sozu","Blood Vial","Happy Flower","Gremlin Horn","Ancient Tea Set"],"potions_floor_usage":[8,11,11],"damage_taken":[{"damage":10,"enemies":"Jaw Worm","floor":1,"turns":6},{"damage":0,"enemies":"Cultist","floor":2,"turns":4},{"damage":8,"enemies":"2 Louse","floor":4,"turns":3},{"damage":54,"enemies":"Gremlin Nob","floor":8,"turns":6},{"damage":5,"enemies":"Gremlin Gang","floor":11,"turns":3},{"damage":37,"enemies":"Lagavulin","floor":12,"turns":7},{"damage":12,"enemies":"Exordium Thugs","floor":14,"turns":4},{"damage":55,"enemies":"Slime Boss","floor":16,"turns":8},{"damage":22,"enemies":"Spheric Guardian","floor":18,"turns":4},{"damage":16,"enemies":"2 Thieves","floor":21,"turns":4},{"damage":26,"enemies":"Cultist and Chosen","floor":22,"turns":5},{"damage":38,"enemies":"Slavers","floor":24,"turns":3},{"damage":34,"enemies":"3 Cultists","floor":25,"turns":4},{"damage":6,"enemies":"Gremlin Leader","floor":29,"turns":4},{"damage":28,"enemies":"Snecko","floor":31,"turns":5},{"damage":89,"enemies":"Automaton","floor":33,"turns":6}],"seed_played":"-3982993397191827049","potions_obtained":[{"floor":1,"key":"Ancient Potion"},{"floor":4,"key":"Regen Potion"},{"floor":8,"key":"LiquidBronze"}],"is_trial":false,"path_per_floor":["M","M","$","M","?","R","T","E","T","R","M","E","R","M","R","B",null,"M","$","?","M","M","R","E","M","T","R","T","E","R","M","R","B"],"character_chosen":"IRONCLAD","items_purchased":["Armaments"],"campfire_rested":7,"item_purchase_floors":[3],"current_hp_per_floor":[76,80,80,78,78,78,78,30,30,54,67,36,60,54,78,29,80,64,64,80,70,50,74,42,16,16,40,40,42,66,46,70,0],"gold":871,"neow_bonus":"RANDOM_COMMON_RELIC","is_prod":false,"is_daily":false,"chose_seed":false,"campfire_upgraded":1,"win_rate":0,"timestamp":1567455955,"path_taken":["M","M","$","M","?","R","?","E","T","R","?","E","R","M","R","BOSS","M","$","?","M","?","R","E","M","T","R","?","E","R","M","R","BOSS"],"build_version":"2019-07-17","purchased_purges":1,"victory":false,"max_hp_per_floor":[80,80,80,80,80,80,80,80,80,80,80,80,80,80,80,80,80,80,80,80,80,80,80,80,80,80,80,80,80,80,80,80,80],"card_choices":[{"not_picked":["Disarm","Body Slam"],"picked":"Inflame","floor":1},{"not_picked":["Body Slam","Feel No Pain"],"picked":"Spot Weakness","floor":2},{"not_picked":["Warcry","Sentinel","Armaments"],"picked":"SKIP","floor":4},{"not_picked":["Juggernaut","Impervious","Entrench"],"picked":"Headbutt","floor":8},{"not_picked":["Twin Strike","Wild Strike","Shrug It Off"],"picked":"Dual Wield","floor":11},{"not_picked":["Dropkick","Uppercut","Sword Boomerang"],"picked":"Infernal Blade","floor":12},{"not_picked":["Rupture","Anger","Corruption","Pommel Strike"],"picked":"SKIP","floor":14},{"not_picked":["Brutality","Immolate","Dark Embrace"],"picked":"Demon Form","floor":16},{"not_picked":["Armaments+1","Spot Weakness","Flex+1"],"picked":"Wild Strike+1","floor":18},{"not_picked":["Dropkick+1","Perfected Strike","Warcry"],"picked":"Intimidate","floor":21},{"not_picked":["Cleave","Disarm","Spot Weakness+1"],"picked":"Heavy Blade","floor":22},{"not_picked":["Armaments+1","Warcry","Cleave"],"picked":"Second Wind+1","floor":24},{"not_picked":["Rupture","Power Through","Disarm"],"picked":"Whirlwind","floor":25},{"not_picked":["Anger+1","Perfected Strike","Power Through","Body Slam+1"],"picked":"SKIP","floor":29},{"not_picked":["Anger","Clothesline+1","Havoc"],"picked":"Bludgeon","floor":31}],"player_experience":292624,"relics_obtained":[{"floor":7,"key":"Question Card"},{"floor":8,"key":"Mercury Hourglass"},{"floor":9,"key":"Bronze Scales"},{"floor":12,"key":"MawBank"},{"floor":24,"key":"Blood Vial"},{"floor":26,"key":"Happy Flower"},{"floor":28,"key":"Gremlin Horn"},{"floor":29,"key":"Ancient Tea Set"}],"event_choices":[{"damage_healed":0,"gold_gain":175,"player_choice":"AGREE","damage_taken":0,"max_hp_gain":0,"max_hp_loss":0,"event_name":"Liars Game","floor":5,"gold_loss":0,"cards_obtained":["Doubt"]},{"damage_healed":16,"gold_gain":0,"player_choice":"Full Heal","damage_taken":0,"max_hp_gain":0,"max_hp_loss":0,"event_name":"Wheel of Change","floor":20,"gold_loss":0}],"is_beta":false,"boss_relics":[{"not_picked":["Eternal Feather","Astrolabe"],"picked":"Sozu"}],"items_purged_floors":[3],"is_endless":false,"potions_floor_spawned":[1,4,8,22],"killed_by":"Automaton","ascension_level":3}