{"gold_per_floor":[113,126,51,69,69,69,82,82,133,145,170,170,197,13,13,92,92,108,13,30,30,47,47,80,80],"floor_reached":25,"playtime":1528,"items_purged":["Parasite","Strike_R"],"score":462,"play_id":"3006d7bf-c585-4d74-afa5-dc44195acd85","local_time":"20190728023401","is_ascension_mode":true,"campfire_choices":[{"data":"Bash","floor":6.0,"key":"SMITH"},{"data":"Feed","floor":8.0,"key":"SMITH"},{"data":"Flame Barrier","floor":12.0,"key":"SMITH"},{"data":"Inflame","floor":15.0,"key":"SMITH"},{"floor":23,"key":"REST"}],"neow_cost":"CURSE","seed_source_timestamp":0,"circlet_count":0,"master_deck":["AscendersBane","Strike_R","Strike_R","Strike_R","Strike_R","Defend_R","Defend_R","Defend_R","Defend_R","Bash+1","Fiend Fire+1","Blood for Blood","Disarm","Rupture","Feed+1","Sword Boomerang","Flame Barrier+1","Flame Barrier","Inflame+1","Brutality","Bandage Up","Clothesline+1","Necronomicurse","Uppercut","Pummel"],"special_seed":0,"relics":["Burning Blood","Bronze Scales","Pen Nib","Dodecahedron","Black Star","Necronomicon","Matryoshka","Ornamental Fan"],"potions_floor_usage":[24,24],"damage_taken":[{"damage":10.0,"enemies":"Small Slimes","floor":1.0,"turns":4.0},{"damage":1.0,"enemies":"Cultist","floor":2.0,"turns":3.0},{"damage":6.0,"enemies":"2 Louse","floor":4.0,"turns":3.0},{"damage":11.0,"enemies":"2 Fungi Beasts","floor":7.0,"turns":3.0},{"damage":0.0,"enemies":"Large Slime","floor":10.0,"turns":2.0},{"damage":28.0,"enemies":"3 Sentries","floor":11.0,"turns":9.0},{"damage":30.0,"enemies":"Lagavulin","floor":13.0,"turns":6.0},{"damage":4.0,"enemies":"The Guardian","floor":16.0,"turns":8.0},{"damage":16.0,"enemies":"Spheric Guardian","floor":18.0,"turns":4.0},{"damage":7.0,"enemies":"Chosen","floor":20.0,"turns":5.0},{"damage":21.0,"enemies":"Snake Plant","floor":22.0,"turns":4.0},{"damage":42,"enemies":"Slavers","floor":24,"turns":4},{"damage":22,"enemies":"Shelled Parasite and Fungi","floor":25,"turns":2}],"seed_played":"-2752604498084027428","potions_obtained":[{"floor":7.0,"key":"SneckoOil"},{"floor":10.0,"key":"Block Potion"},{"floor":11.0,"key":"LiquidBronze"},{"floor":16.0,"key":"Explosive Potion"},{"floor":18.0,"key":"Explosive Potion"},{"floor":22,"key":"PowerPotion"}],"is_trial":false,"path_per_floor":["M","M","$","M","?","R","M","R","T","M","E","R","E","$","R","B",null,"M","$","M","?","M","R","E","M"],"character_chosen":"IRONCLAD","items_purchased":["Inflame","Bandage Up"],"campfire_rested":1,"item_purchase_floors":[14,19],"current_hp_per_floor":[64,69,69,69,69,69,64,64,64,74,52,52,28,28,28,30,65,55,55,58,37,26,48,12,0],"gold":80,"neow_bonus":"THREE_RARE_CARDS","is_prod":false,"is_daily":false,"chose_seed":false,"campfire_upgraded":4,"win_rate":0,"timestamp":1564306441,"path_taken":["M","M","$","M","?","R","M","R","T","M","E","R","E","?","R","BOSS","BOSS","M","$","M","?","M","R","E","M"],"build_version":"2019-07-17","purchased_purges":2,"victory":false,"max_hp_per_floor":[75,75,72,72,72,72,72,72,72,76,76,76,76,76,76,76,76,76,76,76,76,76,76,76,76],"card_choices":[{"not_picked":["Dark Embrace","Impervious"],"picked":"Fiend Fire","floor":0.0},{"not_picked":["Warcry","Havoc"],"picked":"Blood for Blood","floor":1.0},{"not_picked":["Sword Boomerang","Evolve"],"picked":"Disarm","floor":2.0},{"not_picked":["Power Through","Headbutt"],"picked":"Rupture","floor":4.0},{"not_picked":["Pommel Strike","Anger"],"picked":"Feed","floor":7.0},{"not_picked":["Warcry","Seeing Red"],"picked":"Sword Boomerang","floor":10.0},{"not_picked":["Bloodletting","Headbutt"],"picked":"Flame Barrier","floor":11.0},{"not_picked":["Anger","Sword Boomerang"],"picked":"Flame Barrier","floor":13.0},{"not_picked":["Demon Form","Berserk"],"picked":"Brutality","floor":16.0},{"not_picked":["Hemokinesis","Clothesline","Cleave"],"picked":"SKIP","floor":18.0},{"not_picked":["Pommel Strike","Twin Strike"],"picked":"Clothesline+1","floor":20.0},{"not_picked":["Sword Boomerang","Wild Strike+1"],"picked":"Uppercut","floor":22},{"not_picked":["Combust","True Grit"],"picked":"Pummel","floor":24}],"player_experience":1091071,"relics_obtained":[{"floor":9.0,"key":"Bronze Scales"},{"floor":11.0,"key":"Pen Nib"},{"floor":13.0,"key":"Dodecahedron"},{"floor":21.0,"key":"Necronomicon"},{"floor":24,"key":"Matryoshka"},{"floor":24,"key":"Ornamental Fan"}],"event_choices":[{"damage_healed":0.0,"max_hp_gain":0.0,"max_hp_loss":0.0,"gold_gain":0.0,"event_name":"Accursed Blacksmith","player_choice":"Forge","floor":5.0,"gold_loss":0.0,"damage_taken":0.0,"cards_upgraded":["Fiend Fire"]},{"damage_healed":0.0,"max_hp_gain":0.0,"max_hp_loss":0.0,"gold_gain":0.0,"event_name":"Cursed Tome","player_choice":"Obtained Book","floor":21.0,"gold_loss":0.0,"damage_taken":21.0}],"is_beta":false,"boss_relics":[{"not_picked":["Calling Bell","Ectoplasm"],"picked":"Black Star"}],"items_purged_floors":[3,14],"is_endless":false,"potions_floor_spawned":[7,10,11,16,18,22],"killed_by":"Shelled Parasite and Fungi","ascension_level":20}