{"gold_per_floor":[110,185,203,74,24,24,34,34,34,34,47,72,72,82,82,153,153,164,198,123,135,152,179,179,196,196,214,249,249,280,40,40,114,114,126,226,226,246,468,468,501,501,528,540,552,594,606,9,9,9],"floor_reached":51,"playtime":4014,"items_purged":["Injury","Strike_R","Strike_R"],"score":1336,"play_id":"53ff8923-ed71-44f6-82cc-faf2d889982b","local_time":"20190115233007","is_ascension_mode":true,"campfire_choices":[{"data":"Havoc","floor":6,"key":"SMITH"},{"data":"Combust","floor":8,"key":"SMITH"},{"data":"Flex","floor":10,"key":"SMITH"},{"data":"True Grit","floor":13,"key":"SMITH"},{"data":"Rampage","floor":15,"key":"SMITH"},{"floor":24,"key":"REST"},{"data":"Demon Form","floor":29,"key":"SMITH"},{"floor":32,"key":"REST"},{"data":"Metallicize","floor":40,"key":"SMITH"},{"data":"Heavy Blade","floor":42,"key":"SMITH"},{"data":"Flame Barrier","floor":44,"key":"SMITH"},{"floor":49,"key":"REST"}],"neow_cost":"CURSE","seed_source_timestamp":52588823628626,"circlet_count":0,"master_deck":["AscendersBane","Defend_R","Defend_R","Defend_R","Bash+1","Combust+1","Havoc+1","Rampage+1","Metallicize+1","Flex+1","Twin Strike","True Grit+1","Flame Barrier+1","Immolate+1","Demon Form+1","Pummel","Clothesline","Sword Boomerang","Bandage Up","Heavy Blade+1","Impervious","Shrug It Off","The Bomb"],"special_seed":0,"relics":["Burning Blood","Ginger","Boot","Snecko Eye","Red Mask","Bag of Preparation","Mummified Hand","Regal Pillow","Oddly Smooth Stone","Mark of Pain","WingedGreaves","Champion Belt","MawBank","Ice Cream","Whetstone","ClockworkSouvenir","Pen Nib"],"potions_floor_usage":[7,12,19,19,23,28,30,41,46,46],"damage_taken":[{"damage":2,"enemies":"2 Louse","floor":1,"turns":4},{"damage":8,"enemies":"Cultist","floor":3,"turns":3},{"damage":8,"enemies":"Small Slimes","floor":7,"turns":3},{"damage":4,"enemies":"Looter","floor":11,"turns":3},{"damage":10,"enemies":"3 Sentries","floor":12,"turns":6},{"damage":12,"enemies":"Exordium Thugs","floor":14,"turns":5},{"damage":30,"enemies":"Slime Boss","floor":16,"turns":7},{"damage":15,"enemies":"3 Byrds","floor":18,"turns":4},{"damage":2,"enemies":"Masked Bandits","floor":19,"turns":2},{"damage":9,"enemies":"Shell Parasite","floor":21,"turns":6},{"damage":22,"enemies":"Snake Plant","floor":22,"turns":3},{"damage":21,"enemies":"Book of Stabbing","floor":23,"turns":4},{"damage":5,"enemies":"Shelled Parasite and Fungi","floor":25,"turns":3},{"damage":6,"enemies":"Cultist and Chosen","floor":27,"turns":3},{"damage":14,"enemies":"Slavers","floor":28,"turns":2},{"damage":21,"enemies":"Gremlin Leader","floor":30,"turns":4},{"damage":40,"enemies":"Champ","floor":33,"turns":7},{"damage":0,"enemies":"Orb Walker","floor":35,"turns":2},{"damage":3,"enemies":"Mind Bloom Boss Battle","floor":36,"turns":4},{"damage":6,"enemies":"3 Shapes","floor":38,"turns":2},{"damage":31,"enemies":"Giant Head","floor":41,"turns":6},{"damage":16,"enemies":"Nemesis","floor":46,"turns":7},{"damage":75,"enemies":"Time Eater","floor":50,"turns":9}],"seed_played":"1698442008108673417","potions_obtained":[{"floor":1,"key":"Poison Potion"},{"floor":7,"key":"Fruit Juice"},{"floor":11,"key":"Fire Potion"},{"floor":18,"key":"GamblersBrew"},{"floor":22,"key":"Swift Potion"},{"floor":23,"key":"Strength Potion"},{"floor":25,"key":"Energy Potion"},{"floor":33,"key":"PowerPotion"},{"floor":36,"key":"EssenceOfSteel"},{"floor":41,"key":"Block Potion"}],"is_trial":false,"path_per_floor":["M","?","M","$","?","R","M","R","T","R","M","E","R","M","R","B",null,"M","?","?","M","M","E","R","M","T","M","E","R","E","$","R","B",null,"M","?","?","M","?","R","E","R","T","R","?","E","?","$","R","B",null],"character_chosen":"IRONCLAD","items_purchased":["Flex","Bandage Up","Heavy Blade","Whetstone","ClockworkSouvenir","Pen Nib"],"campfire_rested":3,"item_purchase_floors":[4,31,31,48,48,48],"current_hp_per_floor":[76,68,66,66,66,66,69,69,69,69,71,67,67,61,61,37,73,64,68,68,65,49,34,59,60,60,60,52,52,37,37,77,43,75,85,85,81,81,81,81,60,60,60,60,60,54,54,54,81,12],"gold":9,"neow_bonus":"TRANSFORM_TWO_CARDS","is_prod":false,"is_daily":false,"chose_seed":false,"campfire_upgraded":9,"win_rate":0,"timestamp":1547623807,"path_taken":["M","?","?","$","?","R","M","R","T","R","M","E","R","M","R","BOSS","M","?","?","M","M","E","R","M","T","M","E","R","E","$","R","BOSS","M","?","?","M","?","R","E","R","T","R","?","E","?","$","R","BOSS"],"build_version":"2019-01-10","purchased_purges":3,"victory":true,"max_hp_per_floor":[80,80,80,80,80,80,85,85,85,85,85,85,85,85,85,85,85,85,85,85,85,85,85,85,85,85,85,85,85,85,85,85,85,85,85,85,81,81,81,81,81,81,81,81,81,81,81,81,81,81],"card_choices":[{"not_picked":["Power Through","Heavy Blade"],"picked":"Rampage","floor":1},{"not_picked":["Body Slam","Ghostly Armor"],"picked":"Metallicize","floor":3},{"not_picked":["Burning Pact","Sever Soul"],"picked":"Twin Strike","floor":7},{"not_picked":["Sword Boomerang","Thunderclap"],"picked":"True Grit","floor":11},{"not_picked":["Barricade","True Grit"],"picked":"Flame Barrier","floor":12},{"not_picked":["Feel No Pain","Intimidate","True Grit"],"picked":"SKIP","floor":14},{"not_picked":["Bludgeon","Berserk"],"picked":"Immolate","floor":16},{"not_picked":["Twin Strike+1","Cleave","Pommel Strike"],"picked":"SKIP","floor":18},{"not_picked":["Iron Wave","Wild Strike","True Grit"],"picked":"SKIP","floor":21},{"not_picked":["Searing Blow","Shrug It Off"],"picked":"Demon Form","floor":22},{"not_picked":["Sentinel","Second Wind"],"picked":"Pummel","floor":23},{"not_picked":["Havoc","Clash","Pommel Strike"],"picked":"SKIP","floor":25},{"not_picked":["Anger","Pommel Strike"],"picked":"Clothesline","floor":27},{"not_picked":["Flex","Sword Boomerang","Feed"],"picked":"SKIP","floor":28},{"not_picked":["Body Slam","Corruption+1"],"picked":"Sword Boomerang","floor":30},{"not_picked":["Exhume","Barricade"],"picked":"Impervious","floor":33},{"not_picked":["Body Slam","Reckless Charge+1","Armaments"],"picked":"SKIP","floor":35},{"not_picked":["Havoc","Sword Boomerang","Wild Strike"],"picked":"SKIP","floor":38},{"not_picked":["Clash","Inflame+1"],"picked":"Shrug It Off","floor":41},{"not_picked":["Havoc","Pummel","Clothesline"],"picked":"SKIP","floor":46},{"not_picked":["Good Instincts","Jack Of All Trades"],"picked":"The Bomb","floor":47}],"player_experience":446904,"relics_obtained":[{"floor":9,"key":"Ginger"},{"floor":12,"key":"Boot"},{"floor":19,"key":"Red Mask"},{"floor":23,"key":"Bag of Preparation"},{"floor":26,"key":"Mummified Hand"},{"floor":28,"key":"Regal Pillow"},{"floor":30,"key":"Oddly Smooth Stone"},{"floor":36,"key":"WingedGreaves"},{"floor":41,"key":"Champion Belt"},{"floor":43,"key":"MawBank"},{"floor":46,"key":"Ice Cream"}],"event_choices":[{"damage_healed":0,"gold_gain":75,"player_choice":"Touch","damage_taken":8,"max_hp_gain":0,"max_hp_loss":0,"event_name":"FaceTrader","floor":2,"gold_loss":0},{"cards_removed":["Strike_R"],"damage_healed":0,"gold_gain":0,"player_choice":"Card Removal","damage_taken":0,"max_hp_gain":0,"max_hp_loss":0,"event_name":"The Cleric","floor":5,"gold_loss":50},{"damage_healed":0,"gold_gain":0,"player_choice":"Fought Bandits","damage_taken":0,"max_hp_gain":0,"max_hp_loss":0,"event_name":"Masked Bandits","floor":19,"gold_loss":0},{"cards_removed":["Strike_R"],"damage_healed":0,"gold_gain":0,"player_choice":"Gave Gold","damage_taken":0,"max_hp_gain":0,"max_hp_loss":0,"event_name":"Beggar","floor":20,"gold_loss":75},{"damage_healed":0,"gold_gain":0,"player_choice":"Fight","damage_taken":0,"max_hp_gain":0,"max_hp_loss":0,"event_name":"MindBloom","floor":36,"gold_loss":0},{"damage_healed":0,"gold_gain":0,"player_choice":"Max HP","damage_taken":0,"max_hp_gain":0,"max_hp_loss":4,"event_name":"Winding Halls","floor":37,"gold_loss":0},{"damage_healed":0,"gold_gain":222,"player_choice":"Wore Mask","damage_taken":0,"max_hp_gain":0,"max_hp_loss":0,"event_name":"Tomb of Lord Red Mask","floor":39,"gold_loss":0},{"damage_healed":0,"gold_gain":0,"player_choice":"Ignored","damage_taken":0,"max_hp_gain":0,"max_hp_loss":0,"event_name":"Mysterious Sphere","floor":45,"gold_loss":0},{"damage_healed":0,"gold_gain":0,"player_choice":"Memory 1","damage_taken":0,"max_hp_gain":0,"max_hp_loss":0,"event_name":"SensoryStone","floor":47,"gold_loss":0}],"is_beta":false,"boss_relics":[{"not_picked":["Calling Bell","Eternal Feather"],"picked":"Snecko Eye"},{"not_picked":["Cursed Key","Busted Crown"],"picked":"Mark of Pain"}],"items_purged_floors":[4,31,48],"is_endless":false,"potions_floor_spawned":[1,7,11,18,22,23,25,33,36,38,41],"ascension_level":13}