{"gold_per_floor":[119,132,149,149,169,231,231,24,50,50,50,50,89,109,109,209,209,226,226,10,20,40,40],"floor_reached":23,"playtime":2563,"items_purged":[],"score":193,"play_id":"93d8e6c5-f146-4c86-bc33-539f7f39aa9c","local_time":"20190731220353","is_ascension_mode":false,"campfire_choices":[{"data":"Storm of Steel","floor":7,"key":"SMITH"},{"data":"A Thousand Cuts","floor":10,"key":"SMITH"},{"data":"Endless Agony","floor":12,"key":"SMITH"},{"floor":15,"key":"REST"}],"neow_cost":"NONE","seed_source_timestamp":179332644952650,"circlet_count":0,"master_deck":["Survivor","Neutralize","Storm of Steel+1","Endless Agony+1","Dagger Spray","Flying Knee","A Thousand Cuts+1","Prepared","Leg Sweep","Noxious Fumes","Wraith Form v2","Dagger Spray","After Image","A Thousand Cuts","Die Die Die","Dagger Throw","Tools of the Trade","Dash","Quick Slash","Storm of Steel","After Image","Escape Plan","Pain","Backflip+1","Terror"],"relics":["Ring of the Snake","Tiny Chest","Toolbox","PreservedInsect","Bottled Flame","Pandora\u0027s Box","WarpedTongs","Membership Card"],"potions_floor_usage":[6,6,23,23,23],"damage_taken":[{"damage":0,"enemies":"Small Slimes","floor":1,"turns":2},{"damage":0,"enemies":"Jaw Worm","floor":2,"turns":4},{"damage":0,"enemies":"2 Louse","floor":3,"turns":3},{"damage":1,"enemies":"Exordium Thugs","floor":5,"turns":4},{"damage":4,"enemies":"Gremlin Nob","floor":6,"turns":3},{"damage":9,"enemies":"Lots of Slimes","floor":13,"turns":3},{"damage":1,"enemies":"Large Slime","floor":14,"turns":5},{"damage":58,"enemies":"Hexaghost","floor":16,"turns":15},{"damage":11,"enemies":"Chosen","floor":18,"turns":4},{"damage":9,"enemies":"Spheric Guardian","floor":21,"turns":5},{"damage":3,"enemies":"Cultist and Chosen","floor":22,"turns":5},{"damage":73,"enemies":"Gremlin Leader","floor":23,"turns":6}],"seed_played":"4333387823341855999","potions_obtained":[{"floor":2,"key":"Fire Potion"},{"floor":3,"key":"Poison Potion"},{"floor":14,"key":"GhostInAJar"},{"floor":21,"key":"Regen Potion"}],"is_trial":false,"path_per_floor":["M","M","M","?","M","E","R","$","T","R","T","R","M","M","R","B",null,"M","?","$","M","M","E"],"character_chosen":"THE_SILENT","items_purchased":["Toolbox","Membership Card","FearPotion"],"campfire_rested":1,"item_purchase_floors":[8,20,20],"current_hp_per_floor":[70,70,70,70,69,65,65,65,65,65,65,65,56,55,70,12,70,59,59,59,50,47,0],"gold":40,"neow_bonus":"ONE_RANDOM_RARE_CARD","is_prod":false,"is_daily":false,"chose_seed":false,"campfire_upgraded":3,"win_rate":0.0,"timestamp":1564625033,"path_taken":["M","M","M","?","M","E","R","$","T","R","?","R","M","M","R","BOSS","M","?","?","M","?","E"],"build_version":"2019-07-17","purchased_purges":0,"victory":false,"max_hp_per_floor":[70,70,70,70,70,70,70,70,70,70,70,70,70,70,70,70,70,70,70,70,70,70,70],"card_choices":[{"not_picked":["Slice","Calculated Gamble"],"picked":"Endless Agony","floor":1},{"not_picked":["Tactician","Underhanded Strike"],"picked":"Dagger Spray","floor":2},{"not_picked":["Calculated Gamble","Well Laid Plans"],"picked":"Flying Knee","floor":3},{"not_picked":["Bane","Acrobatics"],"picked":"A Thousand Cuts","floor":5},{"not_picked":["Flechettes","Poisoned Stab"],"picked":"Prepared","floor":6},{"not_picked":["Infinite Blades","Bouncing Flask"],"picked":"Leg Sweep","floor":13},{"not_picked":["Sucker Punch","Bane"],"picked":"Noxious Fumes","floor":14},{"not_picked":["Phantasmal Killer","A Thousand Cuts"],"picked":"Wraith Form v2","floor":16},{"not_picked":["Eviscerate","Choke"],"picked":"Escape Plan","floor":18},{"not_picked":["Dash","Acrobatics"],"picked":"Backflip+1","floor":21},{"not_picked":["Noxious Fumes","Infinite Blades"],"picked":"Terror","floor":22}],"player_experience":180777,"relics_obtained":[{"floor":6,"key":"Tiny Chest"},{"floor":9,"key":"PreservedInsect"},{"floor":11,"key":"Bottled Flame"}],"event_choices":[{"damage_healed":0,"gold_gain":0,"player_choice":"Leave","damage_taken":0,"max_hp_gain":0,"max_hp_loss":0,"event_name":"The Cleric","floor":4,"gold_loss":0},{"damage_healed":0,"gold_gain":0,"player_choice":"Rummage","damage_taken":0,"relics_obtained":["WarpedTongs"],"max_hp_gain":0,"max_hp_loss":0,"event_name":"Accursed Blacksmith","floor":19,"gold_loss":0,"cards_obtained":["Pain"]}],"is_beta":false,"boss_relics":[{"not_picked":["Orrery","Cursed Key"],"picked":"Pandora\u0027s Box"}],"items_purged_floors":[],"is_endless":false,"potions_floor_spawned":[2,3,14,21,22],"killed_by":"Gremlin Leader","ascension_level":0}