{"gold_per_floor":[114,114,127,146,146,146,165,196,223,237,237,283,313,12,12,109,109,120,120,135,135,60,60,74,74,101,111,111,131,131,105,105,105],"floor_reached":33,"playtime":1753,"items_purged":["Strike_G"],"score":380,"play_id":"8cda2055-f826-4fc7-b9c6-748f28157213","local_time":"20190910020738","is_ascension_mode":true,"campfire_choices":[{"data":"Neutralize","floor":6.0,"key":"SMITH"},{"floor":11.0,"key":"REST"},{"data":"Sucker Punch","floor":15.0,"key":"SMITH"},{"floor":23.0,"key":"REST"},{"floor":25.0,"key":"REST"},{"floor":28.0,"key":"REST"},{"floor":32.0,"key":"REST"}],"neow_cost":"NONE","seed_source_timestamp":7376890559500,"circlet_count":0,"master_deck":["AscendersBane","Strike_G","Strike_G","Strike_G","Strike_G","Defend_G","Defend_G","Defend_G","Defend_G","Survivor","Neutralize+1","Sucker Punch+1","Endless Agony","Blade Dance","Dagger Throw","Finisher","Dash","Crippling Poison","Adrenaline","Terror","Heel Hook+1","Cloak And Dagger","Reflex","Adrenaline","PiercingWail"],"special_seed":0,"relics":["Ring of the Snake","Potion Belt","Omamori","Juzu Bracelet","Tiny Chest","Dead Branch","White Beast Statue","Centennial Puzzle"],"potions_floor_usage":[33,33,33],"damage_taken":[{"damage":7.0,"enemies":"2 Louse","floor":1.0,"turns":4.0},{"damage":3.0,"enemies":"Cultist","floor":3.0,"turns":4.0},{"damage":0.0,"enemies":"Jaw Worm","floor":4.0,"turns":4.0},{"damage":1.0,"enemies":"Blue Slaver","floor":7.0,"turns":4.0},{"damage":28.0,"enemies":"3 Sentries","floor":8.0,"turns":8.0},{"damage":1.0,"enemies":"Red Slaver","floor":10.0,"turns":3.0},{"damage":45.0,"enemies":"Hexaghost","floor":16.0,"turns":15.0},{"damage":16.0,"enemies":"2 Thieves","floor":18.0,"turns":3.0},{"damage":4.0,"enemies":"Chosen","floor":20.0,"turns":3.0},{"damage":40.0,"enemies":"Sentry and Sphere","floor":24.0,"turns":7.0},{"damage":6.0,"enemies":"Cultist and Chosen","floor":27.0,"turns":5.0},{"damage":35.0,"enemies":"Centurion and Healer","floor":29.0,"turns":4.0},{"damage":51,"enemies":"Collector","floor":33,"turns":8}],"seed_played":"-5573877990602614385","potions_obtained":[{"floor":1.0,"key":"GamblersBrew"},{"floor":4.0,"key":"SpeedPotion"},{"floor":10.0,"key":"SpeedPotion"},{"floor":16.0,"key":"GamblersBrew"},{"floor":18.0,"key":"AttackPotion"},{"floor":20.0,"key":"Swift Potion"},{"floor":24.0,"key":"FearPotion"},{"floor":27.0,"key":"GamblersBrew"},{"floor":29.0,"key":"Swift Potion"}],"is_trial":false,"path_per_floor":["M","?","M","M","?","R","M","E","T","M","R","T","?","$","R","B",null,"M","?","M","?","$","R","M","R","T","M","R","M","?","$","R","B"],"character_chosen":"THE_SILENT","items_purchased":["Dead Branch","PiercingWail"],"campfire_rested":5,"item_purchase_floors":[14,31],"current_hp_per_floor":[63,63,60,60,60,60,59,31,31,30,53,53,53,53,53,8,60,44,44,40,40,40,63,23,46,46,40,63,28,28,28,51,0],"gold":105,"neow_bonus":"TEN_PERCENT_HP_BONUS","is_prod":false,"is_daily":false,"chose_seed":false,"campfire_upgraded":2,"win_rate":0,"timestamp":1568106458,"path_taken":["M","?","M","?","?","R","M","E","T","M","R","?","?","$","R","BOSS","M","?","M","?","$","R","M","R","T","M","R","M","?","?","R","BOSS"],"build_version":"2019-07-17","purchased_purges":1,"victory":false,"max_hp_per_floor":[77,77,77,77,77,77,77,77,77,77,77,77,77,77,77,77,77,77,77,77,77,77,77,77,77,77,77,77,77,77,77,77,77],"card_choices":[{"not_picked":["Tactician","Bane"],"picked":"Sucker Punch","floor":1.0},{"not_picked":["Slice","Bane"],"picked":"Blade Dance","floor":3.0},{"not_picked":["Eviscerate","Quick Slash"],"picked":"Dagger Throw","floor":4.0},{"not_picked":["Sucker Punch","Flying Knee"],"picked":"Finisher","floor":7.0},{"not_picked":["Leg Sweep","PiercingWail"],"picked":"Dash","floor":8.0},{"not_picked":["All Out Attack","Dagger Spray"],"picked":"Crippling Poison","floor":10.0},{"not_picked":["Corpse Explosion","A Thousand Cuts"],"picked":"Adrenaline","floor":16.0},{"not_picked":["Underhanded Strike","Flechettes"],"picked":"Terror","floor":18.0},{"not_picked":["Deflect","Setup"],"picked":"Heel Hook+1","floor":20.0},{"not_picked":["Dagger Spray","Terror+1"],"picked":"Cloak And Dagger","floor":24.0},{"not_picked":["Expertise+1","Slice+1","Choke"],"picked":"SKIP","floor":27.0},{"not_picked":["Dodge and Roll","Bane+1"],"picked":"Reflex","floor":29.0}],"player_experience":593869,"relics_obtained":[{"floor":8.0,"key":"Potion Belt"},{"floor":9.0,"key":"Omamori"},{"floor":12.0,"key":"Juzu Bracelet"},{"floor":26.0,"key":"Centennial Puzzle"}],"event_choices":[{"damage_healed":0.0,"max_hp_gain":0.0,"max_hp_loss":0.0,"gold_gain":0.0,"cards_transformed":["Defend_G"],"event_name":"Transmorgrifier","player_choice":"Transformed","floor":2.0,"gold_loss":0.0,"damage_taken":0.0,"cards_obtained":["Endless Agony"]},{"damage_healed":0.0,"max_hp_gain":0.0,"max_hp_loss":0.0,"gold_gain":0.0,"event_name":"Liars Game","player_choice":"Ignored","floor":5.0,"gold_loss":0.0,"damage_taken":0.0},{"damage_healed":0.0,"max_hp_gain":0.0,"max_hp_loss":0.0,"gold_gain":0.0,"event_name":"WeMeetAgain","player_choice":"Gave Potion","floor":13.0,"gold_loss":0.0,"damage_taken":0.0,"relics_obtained":["Tiny Chest"]},{"damage_healed":0.0,"max_hp_gain":0.0,"max_hp_loss":0.0,"gold_gain":0.0,"event_name":"Cursed Tome","player_choice":"Ignored","floor":19.0,"gold_loss":0.0,"damage_taken":0.0},{"damage_healed":0.0,"max_hp_gain":0.0,"max_hp_loss":0.0,"gold_gain":0.0,"event_name":"Forgotten Altar","player_choice":"Smashed Altar","floor":21.0,"gold_loss":0.0,"damage_taken":0.0,"cards_obtained":["Decay"]},{"damage_healed":0.0,"max_hp_gain":0.0,"max_hp_loss":0.0,"gold_gain":0.0,"event_name":"Duplicator","player_choice":"Copied","floor":30.0,"gold_loss":0.0,"damage_taken":0.0,"cards_obtained":["Adrenaline"]}],"is_beta":false,"boss_relics":[{"not_picked":["Eternal Feather","Lizard Tail"],"picked":"White Beast Statue"}],"items_purged_floors":[22],"is_endless":false,"potions_floor_spawned":[1,4,10,16,18,20,24,27,29],"killed_by":"Collector","ascension_level":11}