{"gold_per_floor":[361,45,62,81,81,81,108,108,108,6,21,21,53,79,79,178,178,191,106,106,31,47,47,47,72,97,114,114,114],"floor_reached":29,"playtime":1412,"items_purged":["Regret"],"score":359,"play_id":"ca714259-d833-40ef-8a3f-923470d9f193","local_time":"20190907132522","is_ascension_mode":true,"campfire_choices":[{"floor":6,"key":"REST"},{"floor":8,"key":"REST"},{"floor":12,"key":"REST"},{"data":"Loop","floor":15,"key":"SMITH"},{"data":"Chaos","floor":23,"key":"SMITH"}],"neow_cost":"CURSE","seed_source_timestamp":86830787124048,"circlet_count":0,"master_deck":["Strike_B","Strike_B","Strike_B","Defend_B","Defend_B","Defend_B","Defend_B","Zap","Dualcast","Chaos+1","White Noise","Cold Snap","Leap","Lockon","Barrage","Loop+1","Redo","Doom and Gloom","Reboot","Hello World+1","Steam","Coolheaded"],"relics":["Cracked Core","DataDisk","Unceasing Top","Prayer Wheel","Orichalcum","Regal Pillow","Busted Crown","Mummified Hand","Potion Belt","Pen Nib","Question Card"],"potions_floor_usage":[16,22,25,27],"damage_taken":[{"damage":22,"enemies":"Jaw Worm","floor":1,"turns":4},{"damage":0,"enemies":"Cultist","floor":3,"turns":3},{"damage":13,"enemies":"2 Louse","floor":4,"turns":2},{"damage":24,"enemies":"Lagavulin","floor":7,"turns":7},{"damage":14,"enemies":"2 Fungi Beasts","floor":11,"turns":3},{"damage":11,"enemies":"3 Sentries","floor":13,"turns":3},{"damage":0,"enemies":"Slime Boss","floor":16,"turns":6},{"damage":12,"enemies":"Spheric Guardian","floor":18,"turns":4},{"damage":0,"enemies":"Chosen","floor":22,"turns":4},{"damage":36,"enemies":"Slavers","floor":25,"turns":5},{"damage":24,"enemies":"Shelled Parasite and Fungi","floor":27,"turns":4},{"damage":13,"enemies":"Colosseum Slavers","floor":29,"turns":1}],"seed_played":"4677874153219627081","potions_obtained":[{"floor":4,"key":"SteroidPotion"},{"floor":11,"key":"Energy Potion"},{"floor":18,"key":"SkillPotion"},{"floor":25,"key":"AttackPotion"}],"is_trial":false,"path_per_floor":["M","$","M","M","?","R","E","R","T","$","M","R","E","T","R","B",null,"M","?","?","?","M","R","$","E","T","M","T","?"],"character_chosen":"DEFECT","items_purchased":["DataDisk","White Noise","Cold Snap","Loop","Redo"],"campfire_rested":3,"item_purchase_floors":[2,2,2,10,10],"current_hp_per_floor":[53,53,53,40,40,62,38,60,60,60,46,68,57,57,57,57,75,63,63,63,63,63,63,63,27,27,3,3,0],"gold":114,"neow_bonus":"TWO_FIFTY_GOLD","is_prod":false,"is_daily":false,"chose_seed":false,"campfire_upgraded":2,"win_rate":0,"timestamp":1567877122,"path_taken":["M","$","M","M","?","R","E","R","T","?","M","R","E","?","R","BOSS","M","?","?","?","M","R","$","E","T","M","?","?"],"build_version":"2019-07-17","purchased_purges":1,"victory":false,"max_hp_per_floor":[75,75,75,75,75,75,75,75,75,75,75,75,75,75,75,75,75,75,75,75,75,75,75,75,75,75,75,75,75],"card_choices":[{"not_picked":["Gash","Rebound"],"picked":"Chaos","floor":1},{"not_picked":["FTL","Streamline"],"picked":"Leap","floor":3},{"not_picked":["Chill","Gash"],"picked":"Lockon","floor":4},{"not_picked":["All For One","Force Field"],"picked":"Barrage","floor":7},{"not_picked":["Lockon","Reprogram","Coolheaded"],"picked":"SKIP","floor":11},{"not_picked":["Redo","Reprogram","Coolheaded"],"picked":"SKIP","floor":11},{"not_picked":["Coolheaded","Double Energy"],"picked":"Doom and Gloom","floor":13},{"not_picked":["Biased Cognition","Echo Form"],"picked":"Reboot","floor":16},{"not_picked":[],"picked":"Hello World+1","floor":18},{"not_picked":["Turbo"],"picked":"SKIP","floor":18},{"not_picked":["Gash"],"picked":"SKIP","floor":22},{"not_picked":["Redo"],"picked":"SKIP","floor":22},{"not_picked":["Force Field"],"picked":"SKIP","floor":25},{"not_picked":[],"picked":"Steam","floor":27},{"not_picked":[],"picked":"Coolheaded","floor":27}],"player_experience":323929,"relics_obtained":[{"floor":7,"key":"Unceasing Top"},{"floor":9,"key":"Prayer Wheel"},{"floor":13,"key":"Orichalcum"},{"floor":14,"key":"Regal Pillow"},{"floor":25,"key":"Potion Belt"},{"floor":26,"key":"Pen Nib"},{"floor":28,"key":"Question Card"}],"event_choices":[{"damage_healed":0,"gold_gain":0,"cards_transformed":["Strike_B"],"player_choice":"Transformed","damage_taken":0,"max_hp_gain":0,"max_hp_loss":0,"event_name":"Transmorgrifier","floor":5,"gold_loss":0,"cards_obtained":["Aggregate"]},{"damage_healed":0,"gold_gain":0,"player_choice":"Obtained Relic","damage_taken":0,"relics_obtained":["Mummified Hand"],"max_hp_gain":0,"max_hp_loss":0,"event_name":"Addict","floor":19,"gold_loss":85},{"damage_healed":0,"gold_gain":0,"player_choice":"Ignored","damage_taken":0,"max_hp_gain":0,"max_hp_loss":0,"event_name":"Ghosts","floor":20,"gold_loss":0},{"cards_removed":["Aggregate"],"damage_healed":0,"gold_gain":0,"player_choice":"Gave Gold","damage_taken":0,"max_hp_gain":0,"max_hp_loss":0,"event_name":"Beggar","floor":21,"gold_loss":75},{"damage_healed":0,"gold_gain":0,"player_choice":"Fight","damage_taken":0,"max_hp_gain":0,"max_hp_loss":0,"event_name":"Colosseum","floor":29,"gold_loss":0}],"is_beta":false,"boss_relics":[{"not_picked":["Snecko Eye","Black Star"],"picked":"Busted Crown"}],"items_purged_floors":[2],"is_endless":false,"potions_floor_spawned":[4,11,18,25],"killed_by":"Colosseum Slavers","ascension_level":4}