{"gold_per_floor":[110,110,35,50,64,64,89,102,152,187,187,187,187,221,221,346,346,366,382,382,382,382,447,447,480,506,506,520,539,48,67,67,193,193,208,208,208,224,224,259,259,290,290,306,326,72,72,96,96,96,96,96,35,75,75],"floor_reached":56,"playtime":5280,"items_purged":["Defend_B","Defend_B","Strike_B"],"score":1657,"play_id":"b0cb588d-4eed-4aa6-a80d-3b360f490ac9","local_time":"20190916160333","is_ascension_mode":true,"campfire_choices":[{"data":"Rainbow","floor":6.0,"key":"SMITH"},{"data":"Zap","floor":11.0,"key":"SMITH"},{"floor":13.0,"key":"REST"},{"data":"Dualcast","floor":15.0,"key":"SMITH"},{"data":"Biased Cognition","floor":24.0,"key":"SMITH"},{"data":"Multi-Cast","floor":27.0,"key":"SMITH"},{"data":"Fission","floor":32.0,"key":"SMITH"},{"floor":41.0,"key":"RECALL"},{"data":"Chill","floor":49.0,"key":"SMITH"},{"data":"Thunder Strike","floor":52.0,"key":"SMITH"}],"neow_cost":"TEN_PERCENT_HP_LOSS","seed_source_timestamp":430617270373200,"circlet_count":0,"master_deck":["Strike_B","Defend_B","Defend_B","Zap+1","Dualcast+1","Rainbow+1","Storm","Melter","Thunder Strike+1","Jack Of All Trades","Auto Shields","Core Surge","Multi-Cast+1","Cold Snap+1","Ghostly","Ghostly","Ghostly","Ghostly","Ghostly","Biased Cognition+1","Double Energy+1","Chill+1","Capacitor","Fission+1","Capacitor","Conserve Battery+1","Echo Form","Madness","Madness","Force Field+1","Tempest","FTL+1","White Noise+1","Echo Form"],"special_seed":0,"relics":["Cracked Core","Mummified Hand","DataDisk","Anchor","Golden Idol","The Courier","Runic Pyramid","Bird Faced Urn","Tiny Chest","Bag of Marbles","Orichalcum","OrangePellets","Sozu","Strawberry","PreservedInsect","Frozen Eye","Kunai"],"potions_floor_usage":[55,55],"damage_taken":[{"damage":0.0,"enemies":"2 Louse","floor":1.0,"turns":2.0},{"damage":0.0,"enemies":"Cultist","floor":4.0,"turns":3.0},{"damage":2.0,"enemies":"Small Slimes","floor":5.0,"turns":3.0},{"damage":23.0,"enemies":"Gremlin Nob","floor":7.0,"turns":4.0},{"damage":6.0,"enemies":"Blue Slaver","floor":8.0,"turns":3.0},{"damage":6.0,"enemies":"Lagavulin","floor":10.0,"turns":7.0},{"damage":18.0,"enemies":"Gremlin Nob","floor":14.0,"turns":4.0},{"damage":23.0,"enemies":"Slime Boss","floor":16.0,"turns":8.0},{"damage":0.0,"enemies":"Spheric Guardian","floor":18.0,"turns":3.0},{"damage":4.0,"enemies":"2 Thieves","floor":19.0,"turns":3.0},{"damage":7.0,"enemies":"Slavers","floor":23.0,"turns":10.0},{"damage":0.0,"enemies":"Book of Stabbing","floor":25.0,"turns":5.0},{"damage":0.0,"enemies":"Sentry and Sphere","floor":28.0,"turns":5.0},{"damage":0.0,"enemies":"3 Cultists","floor":29.0,"turns":6.0},{"damage":0.0,"enemies":"Centurion and Healer","floor":31.0,"turns":8.0},{"damage":2.0,"enemies":"Automaton","floor":33.0,"turns":8.0},{"damage":0.0,"enemies":"Orb Walker","floor":35.0,"turns":4.0},{"damage":1.0,"enemies":"3 Shapes","floor":38.0,"turns":5.0},{"damage":0.0,"enemies":"Reptomancer","floor":40.0,"turns":6.0},{"damage":23.0,"enemies":"Giant Head","floor":42.0,"turns":8.0},{"damage":0.0,"enemies":"Maw","floor":44.0,"turns":8.0},{"damage":10.0,"enemies":"Writhing Mass","floor":45.0,"turns":4.0},{"damage":4.0,"enemies":"Transient","floor":48.0,"turns":5.0},{"damage":0.0,"enemies":"Awakened One","floor":50.0,"turns":8.0},{"damage":0.0,"enemies":"Shield and Spear","floor":54.0,"turns":5.0},{"damage":49,"enemies":"The Heart","floor":55,"turns":10}],"seed_played":"-6819424887784281284","potions_obtained":[{"floor":5.0,"key":"Dexterity Potion"},{"floor":7.0,"key":"Strength Potion"},{"floor":14.0,"key":"Dexterity Potion"},{"floor":16.0,"key":"PowerPotion"},{"floor":18.0,"key":"PowerPotion"},{"floor":23.0,"key":"SpeedPotion"},{"floor":25.0,"key":"Regen Potion"}],"is_trial":false,"path_per_floor":["M","?","$","M","M","R","E","M","T","E","R","?","R","E","R","B",null,"M","M","?","?","T","E","R","E","T","R","M","M","$","M","R","B",null,"M","?","?","M","?","E","R","E","T","M","M","$","?","M","R","B",null,"R","$","E","B",null],"character_chosen":"DEFECT","items_purchased":["Capacitor","Fission","OrangePellets","Capacitor","Frozen Eye","Echo Form"],"campfire_rested":1,"item_purchase_floors":[30,30,30,30,46,53],"current_hp_per_floor":[68,68,68,68,66,66,43,37,37,31,31,31,49,31,31,8,49,49,45,45,31,31,27,27,31,31,31,31,31,31,31,31,31,31,31,27,27,31,31,38,38,17,17,29,33,33,33,37,37,38,38,38,38,38,26],"gold":75,"neow_bonus":"TRANSFORM_TWO_CARDS","is_prod":false,"is_daily":false,"chose_seed":false,"campfire_upgraded":8,"win_rate":0,"timestamp":1568642613,"path_taken":["M","?","?","M","M","R","E","M","T","E","R","?","R","E","R","BOSS","BOSS","M","M","?","?","?","E","R","E","T","R","M","M","$","M","R","BOSS","M","?","?","M","?","E","R","E","T","?","M","?","?","M","R","BOSS","R","$","E","BOSS"],"build_version":"2019-07-17","purchased_purges":3,"victory":true,"max_hp_per_floor":[68,68,68,68,68,68,68,68,68,68,68,63,63,63,63,63,63,63,63,63,31,31,31,31,31,31,31,31,31,31,31,31,31,31,31,31,31,31,31,38,38,38,38,38,38,38,38,38,38,38,38,38,38,38,38],"card_choices":[{"not_picked":["Compile Driver","Steam"],"picked":"Melter","floor":1.0},{"not_picked":["Doom and Gloom","Sweeping Beam","Static Discharge"],"picked":"SKIP","floor":4.0},{"not_picked":["Conserve Battery","Stack","Redo"],"picked":"SKIP","floor":5.0},{"not_picked":["Aggregate","Static Discharge","Barrage"],"picked":"SKIP","floor":7.0},{"not_picked":["Beam Cell","Fusion","Turbo"],"picked":"SKIP","floor":8.0},{"not_picked":["White Noise","Turbo"],"picked":"Core Surge","floor":10.0},{"not_picked":["Auto Shields","Storm","Steam"],"picked":"SKIP","floor":14.0},{"not_picked":["All For One","Hyperbeam"],"picked":"Multi-Cast","floor":16.0},{"not_picked":["Conserve Battery","Steam"],"picked":"Cold Snap+1","floor":18.0},{"not_picked":["Ball Lightning","Compile Driver+1","Sweeping Beam"],"picked":"SKIP","floor":19.0},{"not_picked":["Cold Snap+1","Buffer"],"picked":"Biased Cognition","floor":23.0},{"not_picked":["Consume","Beam Cell"],"picked":"Double Energy","floor":25.0},{"not_picked":["Sweeping Beam","Static Discharge"],"picked":"Chill","floor":28.0},{"not_picked":["Undo","Sweeping Beam","Gash+1"],"picked":"SKIP","floor":29.0},{"not_picked":["Leap","Beam Cell","Conserve Battery+1"],"picked":"SKIP","floor":31.0},{"not_picked":["Leap","Beam Cell","Conserve Battery+1"],"picked":"SKIP","floor":31.0},{"not_picked":["Leap","Beam Cell"],"picked":"Conserve Battery+1","floor":31.0},{"not_picked":["Seek","Reboot"],"picked":"Echo Form","floor":33.0},{"not_picked":["Ball Lightning","Gash","Go for the Eyes"],"picked":"SKIP","floor":35.0},{"not_picked":["Self Repair+1","Static Discharge"],"picked":"Force Field+1","floor":38.0},{"not_picked":["Conserve Battery","Capacitor"],"picked":"Tempest","floor":40.0},{"not_picked":["Barrage+1","Beam Cell","Stack"],"picked":"SKIP","floor":42.0},{"not_picked":["Turbo","Capacitor+1"],"picked":"FTL+1","floor":44.0},{"not_picked":["Cold Snap+1","Barrage+1"],"picked":"White Noise+1","floor":45.0},{"not_picked":["Rip and Tear+1","Ball Lightning","Heatsinks"],"picked":"SKIP","floor":48.0},{"not_picked":["Rip and Tear+1","Ball Lightning","Heatsinks"],"picked":"SKIP","floor":48.0},{"not_picked":["Rip and Tear+1","Ball Lightning","Heatsinks"],"picked":"SKIP","floor":48.0},{"not_picked":["Melter","Steam+1","Cold Snap"],"picked":"SKIP","floor":54.0}],"player_experience":201739,"relics_obtained":[{"floor":7.0,"key":"Mummified Hand"},{"floor":9.0,"key":"DataDisk"},{"floor":10.0,"key":"Anchor"},{"floor":14.0,"key":"The Courier"},{"floor":22.0,"key":"Bird Faced Urn"},{"floor":23.0,"key":"Tiny Chest"},{"floor":25.0,"key":"Bag of Marbles"},{"floor":26.0,"key":"Orichalcum"},{"floor":40.0,"key":"Strawberry"},{"floor":42.0,"key":"PreservedInsect"},{"floor":54.0,"key":"Kunai"}],"event_choices":[{"damage_healed":0.0,"max_hp_gain":0.0,"max_hp_loss":0.0,"gold_gain":0.0,"event_name":"Match and Keep!","player_choice":"3 cards matched","floor":2.0,"gold_loss":0.0,"damage_taken":0.0,"cards_obtained":["Thunder Strike","Jack Of All Trades","Auto Shields"]},{"damage_healed":0.0,"max_hp_gain":0.0,"max_hp_loss":5.0,"gold_gain":0.0,"event_name":"Golden Idol","player_choice":"Lose Max HP","floor":12.0,"gold_loss":0.0,"damage_taken":0.0,"relics_obtained":["Golden Idol"]},{"damage_healed":0.0,"max_hp_gain":0.0,"max_hp_loss":0.0,"gold_gain":0.0,"event_name":"Vampires","player_choice":"Ignored","floor":20.0,"gold_loss":0.0,"damage_taken":0.0},{"damage_healed":0.0,"max_hp_gain":0.0,"max_hp_loss":32.0,"gold_gain":0.0,"event_name":"Ghosts","player_choice":"Became a Ghost","floor":21.0,"gold_loss":0.0,"damage_taken":0.0,"cards_obtained":["Ghostly","Ghostly","Ghostly","Ghostly","Ghostly"]},{"damage_healed":0.0,"max_hp_gain":0.0,"max_hp_loss":0.0,"gold_gain":0.0,"event_name":"Winding Halls","player_choice":"Embrace Madness","floor":36.0,"gold_loss":0.0,"damage_taken":4.0,"cards_obtained":["Madness","Madness"]},{"damage_healed":0.0,"max_hp_gain":0.0,"max_hp_loss":0.0,"gold_gain":0.0,"event_name":"Tomb of Lord Red Mask","player_choice":"Ignored","floor":37.0,"gold_loss":0.0,"damage_taken":0.0},{"damage_healed":0.0,"max_hp_gain":0.0,"max_hp_loss":0.0,"gold_gain":0.0,"event_name":"Lab","player_choice":"Got Potions","floor":39.0,"gold_loss":0.0,"damage_taken":0.0},{"damage_healed":0.0,"max_hp_gain":0.0,"max_hp_loss":0.0,"gold_gain":0.0,"event_name":"Accursed Blacksmith","player_choice":"Forge","floor":47.0,"gold_loss":0.0,"damage_taken":0.0,"cards_upgraded":["Double Energy"]}],"is_beta":false,"boss_relics":[{"not_picked":["Ectoplasm","Tiny House"],"picked":"Runic Pyramid"},{"not_picked":["Empty Cage","Fusion Hammer"],"picked":"Sozu"}],"items_purged_floors":[3,30,46],"is_endless":false,"potions_floor_spawned":[5,7,14,16,18,23,25,42,44,45],"ascension_level":6}