{"gold_per_floor":[109,109,123,138,152,152,169,169,169,180,198,215,215,7,7,82,82,82,82,82,0,0,0,0,0,0,0,0,0,0,0,0,0,0,0,0,0,0,0,0,0,0,0,0,0,0,0,0,0,0,0],"floor_reached":52,"playtime":3063,"items_purged":["Defend_R"],"score":1898,"play_id":"26a9460d-dd37-4da1-b835-7cf557ff10d3","local_time":"20190913141051","is_ascension_mode":true,"campfire_choices":[{"data":"Uppercut","floor":6.0,"key":"SMITH"},{"data":"Uppercut","floor":8.0,"key":"SMITH"},{"data":"Barricade","floor":13.0,"key":"SMITH"},{"floor":15.0,"key":"REST"},{"data":"Metallicize","floor":23.0,"key":"SMITH"},{"floor":30.0,"key":"REST"},{"floor":32.0,"key":"REST"},{"floor":40.0,"key":"REST"},{"data":"Corruption","floor":42.0,"key":"SMITH"},{"data":"Metallicize","floor":47.0,"key":"SMITH"},{"data":"Metallicize","floor":49.0,"key":"SMITH"}],"neow_cost":"NONE","seed_source_timestamp":105872847623300,"circlet_count":0,"master_deck":["AscendersBane","Strike_R","Strike_R","Strike_R","Defend_R","Defend_R","Defend_R","Bash","Barricade+1","Body Slam","Metallicize+1","Shrug It Off","Uppercut+1","Anger","Uppercut+1","Disarm+1","Shrug It Off+1","Metallicize+1","Metallicize+1","True Grit+1","Exhume+1","Warcry+1","Shrug It Off+1","Feel No Pain+1","Reckless Charge","Ghostly Armor+1","Disarm+1","Shrug It Off+1","Corruption+1","Shrug It Off+1","Burning Pact+1","Feel No Pain+1","Warcry+1","Master of Strategy+1","True Grit+1","Metallicize+1"],"special_seed":0,"relics":["Burning Blood","Toxic Egg 2","Ectoplasm","Shuriken","Champion Belt","Orrery"],"potions_floor_usage":[],"damage_taken":[{"damage":26.0,"enemies":"Jaw Worm","floor":1.0,"turns":6.0},{"damage":20.0,"enemies":"Cultist","floor":3.0,"turns":7.0},{"damage":0.0,"enemies":"2 Louse","floor":4.0,"turns":5.0},{"damage":19.0,"enemies":"Lots of Slimes","floor":5.0,"turns":7.0},{"damage":0.0,"enemies":"Exordium Wildlife","floor":7.0,"turns":4.0},{"damage":7.0,"enemies":"Large Slime","floor":10.0,"turns":6.0},{"damage":6.0,"enemies":"Blue Slaver","floor":11.0,"turns":4.0},{"damage":22.0,"enemies":"Lots of Slimes","floor":12.0,"turns":5.0},{"damage":0.0,"enemies":"Hexaghost","floor":16.0,"turns":11.0},{"damage":2.0,"enemies":"Chosen","floor":18.0,"turns":8.0},{"damage":10.0,"enemies":"2 Thieves","floor":21.0,"turns":5.0},{"damage":30.0,"enemies":"Gremlin Leader","floor":24.0,"turns":11.0},{"damage":13.0,"enemies":"Shelled Parasite and Fungi","floor":25.0,"turns":8.0},{"damage":8.0,"enemies":"Cultist and Chosen","floor":27.0,"turns":12.0},{"damage":7.0,"enemies":"Centurion and Healer","floor":28.0,"turns":8.0},{"damage":13.0,"enemies":"Shelled Parasite and Fungi","floor":29.0,"turns":6.0},{"damage":20.0,"enemies":"Snake Plant","floor":31.0,"turns":6.0},{"damage":13.0,"enemies":"Collector","floor":33.0,"turns":14.0},{"damage":23.0,"enemies":"Orb Walker","floor":35.0,"turns":6.0},{"damage":37.0,"enemies":"3 Darklings","floor":37.0,"turns":8.0},{"damage":7.0,"enemies":"Sphere and 2 Shapes","floor":41.0,"turns":12.0},{"damage":0.0,"enemies":"Spire Growth","floor":44.0,"turns":7.0},{"damage":0.0,"enemies":"Maw","floor":45.0,"turns":8.0},{"damage":0.0,"enemies":"4 Shapes","floor":46.0,"turns":14.0},{"damage":0.0,"enemies":"Spire Growth","floor":48.0,"turns":9.0},{"damage":49.0,"enemies":"Awakened One","floor":50.0,"turns":15.0},{"damage":7,"enemies":"Donu and Deca","floor":51,"turns":12}],"seed_played":"5010199393466589548","potions_obtained":[{"floor":4.0,"key":"EssenceOfSteel"},{"floor":5.0,"key":"SkillPotion"},{"floor":7.0,"key":"EssenceOfSteel"},{"floor":24.0,"key":"BloodPotion"},{"floor":27.0,"key":"EssenceOfSteel"},{"floor":28.0,"key":"SteroidPotion"},{"floor":37.0,"key":"Ancient Potion"},{"floor":39.0,"key":"BloodPotion"},{"floor":39.0,"key":"Poison Potion"},{"floor":44.0,"key":"GamblersBrew"},{"floor":45.0,"key":"AttackPotion"}],"is_trial":false,"path_per_floor":["M","?","M","M","M","R","M","R","T","M","M","M","R","$","R","B",null,"M","?","?","M","?","R","E","M","T","M","M","M","R","M","R","B",null,"M","?","M","?","?","R","M","R","T","M","M","M","R","M","R","B","B",null],"character_chosen":"IRONCLAD","items_purchased":["Metallicize","True Grit+1"],"campfire_rested":4,"item_purchase_floors":[14,14],"current_hp_per_floor":[48,48,34,40,27,27,33,33,33,32,32,16,16,16,38,44,67,71,71,71,67,67,67,43,54,54,52,51,44,66,52,74,67,73,56,56,25,20,20,42,59,59,59,65,71,75,75,75,75,32,31],"gold":0,"neow_bonus":"ONE_RANDOM_RARE_CARD","is_prod":false,"is_daily":false,"chose_seed":false,"campfire_upgraded":7,"win_rate":0,"timestamp":1568409051,"path_taken":["M","?","M","M","M","R","M","R","T","M","M","M","R","$","R","BOSS","M","?","?","M","?","R","E","?","T","M","M","M","R","M","R","BOSS","M","?","M","?","?","R","M","R","T","M","?","M","R","M","R","BOSS","BOSS"],"build_version":"2019-07-17","purchased_purges":1,"victory":true,"max_hp_per_floor":[75,75,75,75,75,75,75,75,75,75,75,75,75,75,75,75,75,75,75,75,75,75,75,75,75,75,75,75,75,75,75,75,75,75,75,75,75,75,75,75,75,75,75,75,75,75,75,75,75,75,75],"card_choices":[{"not_picked":["Hemokinesis","Warcry"],"picked":"Body Slam","floor":1.0},{"not_picked":["Pummel","Carnage"],"picked":"Shrug It Off","floor":3.0},{"not_picked":["Clothesline","Spot Weakness"],"picked":"Uppercut","floor":4.0},{"not_picked":["Sword Boomerang","Iron Wave"],"picked":"Anger","floor":5.0},{"not_picked":["Iron Wave","Warcry"],"picked":"Uppercut","floor":7.0},{"not_picked":["Havoc+1","Thunderclap"],"picked":"Disarm+1","floor":10.0},{"not_picked":["Blood for Blood","Body Slam"],"picked":"Shrug It Off+1","floor":11.0},{"not_picked":["Rampage","Evolve"],"picked":"Metallicize","floor":12.0},{"not_picked":["Brutality","Double Tap+1"],"picked":"Exhume+1","floor":16.0},{"not_picked":["Combust","Sword Boomerang"],"picked":"Warcry+1","floor":18.0},{"not_picked":["Armaments+1","Sword Boomerang"],"picked":"Shrug It Off+1","floor":21.0},{"not_picked":["Thunderclap","Demon Form"],"picked":"Feel No Pain+1","floor":24.0},{"not_picked":["Inflame","Hemokinesis+1","Twin Strike"],"picked":"SKIP","floor":25.0},{"not_picked":["Blood for Blood","Clothesline"],"picked":"Reckless Charge","floor":27.0},{"not_picked":["Rampage","Clash"],"picked":"Ghostly Armor+1","floor":28.0},{"not_picked":["Armaments+1","Reckless Charge"],"picked":"Disarm+1","floor":29.0},{"not_picked":["Sword Boomerang","Iron Wave+1"],"picked":"Shrug It Off+1","floor":31.0},{"not_picked":["Bloodletting+1","Shrug It Off+1"],"picked":"Corruption","floor":34.0},{"not_picked":["Infernal Blade+1","Wild Strike"],"picked":"Shrug It Off+1","floor":34.0},{"not_picked":["Spot Weakness+1","Iron Wave"],"picked":"Burning Pact+1","floor":34.0},{"not_picked":["Shockwave+1","Reckless Charge"],"picked":"Feel No Pain+1","floor":35.0},{"not_picked":["Rampage","Body Slam+1"],"picked":"Warcry+1","floor":37.0},{"not_picked":["Good Instincts+1","Secret Weapon+1"],"picked":"Master of Strategy+1","floor":38.0},{"not_picked":["Anger","Metallicize"],"picked":"True Grit+1","floor":41.0},{"not_picked":["Wild Strike","Heavy Blade","Havoc+1"],"picked":"SKIP","floor":44.0},{"not_picked":["Blood for Blood","Wild Strike","Searing Blow"],"picked":"SKIP","floor":45.0},{"not_picked":["Thunderclap","Seeing Red+1","Inflame"],"picked":"SKIP","floor":46.0},{"not_picked":["Heavy Blade","Thunderclap"],"picked":"Metallicize+1","floor":48.0}],"player_experience":744021,"relics_obtained":[{"floor":9.0,"key":"Toxic Egg 2"},{"floor":24.0,"key":"Shuriken"},{"floor":26.0,"key":"Champion Belt"}],"event_choices":[{"damage_healed":0.0,"max_hp_gain":0.0,"max_hp_loss":0.0,"gold_gain":0.0,"cards_transformed":["Strike_R"],"event_name":"Transmorgrifier","player_choice":"Transformed","floor":2.0,"gold_loss":0.0,"damage_taken":0.0,"cards_obtained":["Metallicize"]},{"damage_healed":0.0,"max_hp_gain":0.0,"max_hp_loss":0.0,"gold_gain":0.0,"event_name":"Ghosts","player_choice":"Ignored","floor":19.0,"gold_loss":0.0,"damage_taken":0.0},{"damage_healed":0.0,"max_hp_gain":0.0,"max_hp_loss":0.0,"gold_gain":50.0,"event_name":"Nest","player_choice":"Stole From Cult","floor":20.0,"gold_loss":0.0,"damage_taken":0.0},{"damage_healed":0.0,"max_hp_gain":0.0,"max_hp_loss":0.0,"gold_gain":0.0,"event_name":"Match and Keep!","player_choice":"0 cards matched","floor":22.0,"gold_loss":0.0,"damage_taken":0.0,"cards_obtained":[]},{"cards_removed":["Strike_R"],"damage_healed":0.0,"max_hp_gain":0.0,"max_hp_loss":0.0,"gold_gain":0.0,"event_name":"Falling","player_choice":"Removed Attack","floor":36.0,"gold_loss":0.0,"damage_taken":0.0},{"damage_healed":0.0,"max_hp_gain":0.0,"max_hp_loss":0.0,"gold_gain":0.0,"event_name":"SensoryStone","player_choice":"Memory 2","floor":38.0,"gold_loss":0.0,"damage_taken":5.0},{"damage_healed":0.0,"max_hp_gain":0.0,"max_hp_loss":0.0,"gold_gain":0.0,"event_name":"Lab","player_choice":"Got Potions","floor":39.0,"gold_loss":0.0,"damage_taken":0.0}],"is_beta":false,"boss_relics":[{"not_picked":["Snecko Eye","Philosopher\u0027s Stone"],"picked":"Ectoplasm"},{"not_picked":["Calling Bell","Lizard Tail"],"picked":"Orrery"}],"items_purged_floors":[14],"is_endless":false,"potions_floor_spawned":[4,5,7,16,21,24,27,28,29,37,44,45],"ascension_level":20}