{"gold_per_floor":[111,111,128,139,155,186,198,198,198,198,229,229,229,154,154,259,259,244,263,115,144,164,164,197,197,197,222,237,237,112,112,112,215,215,234,44,144,156,156,156,481,492,492,492,10,10,44,57,57,57],"floor_reached":51,"playtime":5405,"items_purged":["Strike_B","Defend_B","Writhe","Defend_B"],"score":1135,"play_id":"04f09a24-61a8-46c3-9060-ceafcfa2e805","local_time":"20190101225412","is_ascension_mode":true,"campfire_choices":[{"floor":8.0,"key":"REST"},{"data":"Buffer","floor":12.0,"key":"SMITH"},{"data":"Darkness","floor":15.0,"key":"SMITH"},{"data":"Hologram","floor":23.0,"key":"SMITH"},{"data":"Self Repair","floor":25.0,"key":"SMITH"},{"floor":32,"key":"REST"},{"data":"Seek","floor":40,"key":"SMITH"},{"data":"Skim","floor":46,"key":"SMITH"},{"data":"Defend_B","floor":49,"key":"SMITH"}],"neow_cost":"PERCENT_DAMAGE","seed_source_timestamp":0,"circlet_count":0,"master_deck":["Defend_B+1","Zap+1","Dualcast","Conserve Battery+1","Reprogram","Self Repair+1","Darkness+1","Hologram+1","Double Energy","Buffer+1","Seek+1","Turbo","Leap+1","Machine Learning","Conserve Battery+1","Hologram+1","Leap+1","Skim+1","Loop+1"],"special_seed":0,"relics":["Cracked Core","Thread and Needle","Ice Cream","Singing Bowl","Gambling Chip","Empty Cage","Red Mask","Mango","Matryoshka","Bag of Preparation","Ginger","Nuclear Battery","Sling","Nunchaku","Old Coin","Art of War","Dodecahedron","Calipers","Potion Belt"],"potions_floor_usage":[38,44,44,50],"damage_taken":[{"damage":2.0,"enemies":"Jaw Worm","floor":1.0,"turns":4.0},{"damage":2.0,"enemies":"2 Louse","floor":3.0,"turns":2.0},{"damage":0.0,"enemies":"Small Slimes","floor":4.0,"turns":4.0},{"damage":7.0,"enemies":"2 Fungi Beasts","floor":5.0,"turns":4.0},{"damage":19.0,"enemies":"Gremlin Nob","floor":6.0,"turns":4.0},{"damage":15.0,"enemies":"3 Louse","floor":7.0,"turns":3.0},{"damage":6.0,"enemies":"Lagavulin","floor":11.0,"turns":6.0},{"damage":17.0,"enemies":"Hexaghost","floor":16.0,"turns":8.0},{"damage":0.0,"enemies":"2 Thieves","floor":18.0,"turns":5.0},{"damage":0.0,"enemies":"Spheric Guardian","floor":19.0,"turns":3.0},{"damage":55.0,"enemies":"Masked Bandits","floor":21.0,"turns":6.0},{"damage":0.0,"enemies":"Centurion and Healer","floor":22.0,"turns":6.0},{"damage":5.0,"enemies":"Book of Stabbing","floor":24.0,"turns":6.0},{"damage":49.0,"enemies":"Slavers","floor":27.0,"turns":11.0},{"damage":0.0,"enemies":"Snake Plant","floor":28.0,"turns":4.0},{"damage":21,"enemies":"Automaton","floor":33,"turns":11},{"damage":0,"enemies":"3 Shapes","floor":35,"turns":6},{"damage":0,"enemies":"Mind Bloom Boss Battle","floor":37,"turns":7},{"damage":2,"enemies":"3 Darklings","floor":38,"turns":6},{"damage":42,"enemies":"Nemesis","floor":41,"turns":9},{"damage":0,"enemies":"Jaw Worm Horde","floor":42,"turns":4},{"damage":2,"enemies":"Giant Head","floor":44,"turns":10},{"damage":9,"enemies":"Nemesis","floor":47,"turns":9},{"damage":0,"enemies":"Spire Growth","floor":48,"turns":3},{"damage":33,"enemies":"Time Eater","floor":50,"turns":8}],"seed_played":"-9071569174669180431","potions_obtained":[{"floor":1.0,"key":"PowerPotion"},{"floor":4.0,"key":"FocusPotion"},{"floor":5.0,"key":"Regen Potion"},{"floor":11.0,"key":"Explosive Potion"},{"floor":16.0,"key":"Block Potion"},{"floor":27.0,"key":"Fire Potion"},{"floor":33,"key":"SmokeBomb"},{"floor":41,"key":"SpeedPotion"},{"floor":47,"key":"Poison Potion"}],"is_trial":false,"path_per_floor":["M","?","M","M","M","E","M","R","T","?","E","R","T","$","R","B",null,"M","M","$","?","M","R","E","R","T","E","M","M","?","$","?","R","B",null,"M","$","?","M","?","R","E","M","T","E","$","R","E","M","R","B",null],"character_chosen":"DEFECT","items_purchased":["Turbo","Sling","Calipers","Skim"],"campfire_rested":2,"item_purchase_floors":[20,36,45,45],"current_hp_per_floor":[48,33,31,38,38,38,30,52,52,52,53,53,53,53,53,43,67,76,79,79,31,40,40,58,58,58,21,33,33,33,13,44,33,88,98,98,106,106,106,106,76,88,88,96,96,96,97,109,109,76],"gold":57,"neow_bonus":"TRANSFORM_TWO_CARDS","is_prod":false,"is_daily":false,"chose_seed":false,"campfire_upgraded":7,"win_rate":0,"timestamp":1546412052,"path_taken":["M","?","M","M","M","E","M","R","T","?","E","R","?","?","R","BOSS","M","M","$","?","M","R","E","R","T","E","M","?","$","?","R","BOSS","M","$","?","M","?","R","E","M","T","E","$","R","E","?","R","BOSS"],"build_version":"2018-12-20","purchased_purges":4,"victory":true,"max_hp_per_floor":[75,75,75,75,75,75,75,75,75,75,75,75,75,75,75,75,75,77,79,79,79,81,81,97,97,97,99,101,101,101,106,106,106,106,106,106,106,106,106,106,108,110,110,110,110,110,110,112,112,112],"card_choices":[{"not_picked":["Melter","Go for the Eyes","Hello World"],"picked":"SKIP","floor":1.0},{"not_picked":["Sweeping Beam","Hologram"],"picked":"Self Repair","floor":3.0},{"not_picked":["Chill","Streamline"],"picked":"Darkness","floor":4.0},{"not_picked":["Chaos","Stack"],"picked":"Hologram","floor":5.0},{"not_picked":["Gash","Cold Snap"],"picked":"Double Energy","floor":6.0},{"not_picked":["Rebound","Gash","Reprogram"],"picked":"SKIP","floor":7.0},{"not_picked":["Stack","Leap"],"picked":"Buffer","floor":11.0},{"not_picked":["Hyperbeam","Reboot"],"picked":"Seek","floor":16.0},{"not_picked":["Blizzard","Melter","Conserve Battery"],"picked":"Singing Bowl","floor":18.0},{"not_picked":["Cold Snap","Redo","Capacitor+1"],"picked":"Singing Bowl","floor":19.0},{"not_picked":["Chaos+1","Cold Snap"],"picked":"Leap+1","floor":21.0},{"not_picked":["Hologram","Glacier","Turbo"],"picked":"Singing Bowl","floor":22.0},{"not_picked":["Chaos+1","Aggregate","Capacitor"],"picked":"Singing Bowl","floor":24.0},{"not_picked":["Stack","Ball Lightning+1","Steam"],"picked":"Singing Bowl","floor":27.0},{"not_picked":["Defragment","Blizzard","Turbo"],"picked":"Singing Bowl","floor":28},{"not_picked":["Fission","Electrodynamics"],"picked":"Machine Learning","floor":33},{"not_picked":["Steam","Gash+1"],"picked":"Conserve Battery+1","floor":35},{"not_picked":["Coolheaded+1","Self Repair+1"],"picked":"Hologram","floor":37},{"not_picked":["Turbo+1","Barrage+1"],"picked":"Leap+1","floor":38},{"not_picked":["Beam Cell+1","Storm","Self Repair"],"picked":"Singing Bowl","floor":41},{"not_picked":["Auto Shields+1","Barrage","Tempest+1"],"picked":"Singing Bowl","floor":42},{"not_picked":["Electrodynamics","Sunder+1"],"picked":"Loop+1","floor":47},{"not_picked":["Tempest","Reprogram","Storm"],"picked":"Singing Bowl","floor":48}],"player_experience":323472,"relics_obtained":[{"floor":6.0,"key":"Thread and Needle"},{"floor":9.0,"key":"Ice Cream"},{"floor":11.0,"key":"Singing Bowl"},{"floor":13.0,"key":"Gambling Chip"},{"floor":21.0,"key":"Red Mask"},{"floor":24.0,"key":"Mango"},{"floor":26.0,"key":"Matryoshka"},{"floor":27.0,"key":"Bag of Preparation"},{"floor":37,"key":"Nunchaku"},{"floor":41,"key":"Old Coin"},{"floor":43,"key":"Art of War"},{"floor":43,"key":"Dodecahedron"},{"floor":47,"key":"Potion Belt"}],"event_choices":[{"damage_healed":0.0,"max_hp_gain":0.0,"max_hp_loss":0.0,"gold_gain":0.0,"event_name":"Shining Light","player_choice":"Entered Light","floor":2.0,"gold_loss":0.0,"damage_taken":15.0,"cards_upgraded":["Zap","Conserve Battery"]},{"damage_healed":0.0,"max_hp_gain":0.0,"max_hp_loss":0.0,"gold_gain":0.0,"event_name":"Liars Game","player_choice":"Ignored","floor":10.0,"gold_loss":0.0,"damage_taken":0.0},{"damage_healed":0.0,"max_hp_gain":0.0,"max_hp_loss":0.0,"gold_gain":0.0,"event_name":"Masked Bandits","player_choice":"Fought Bandits","floor":21.0,"gold_loss":0.0,"damage_taken":0.0},{"damage_healed":0,"gold_gain":0,"player_choice":"Opened","damage_taken":0,"relics_obtained":["Ginger"],"max_hp_gain":0,"max_hp_loss":0,"event_name":"The Mausoleum","floor":29,"gold_loss":0,"cards_obtained":["Writhe"]},{"damage_healed":0,"gold_gain":0,"player_choice":"Shed Blood","damage_taken":25,"max_hp_gain":5,"max_hp_loss":0,"event_name":"Forgotten Altar","floor":31,"gold_loss":0},{"damage_healed":0,"gold_gain":0,"player_choice":"Fight","damage_taken":0,"max_hp_gain":0,"max_hp_loss":0,"event_name":"MindBloom","floor":37,"gold_loss":0},{"damage_healed":0,"gold_gain":0,"player_choice":"Upgraded","damage_taken":0,"max_hp_gain":0,"max_hp_loss":0,"event_name":"Upgrade Shrine","floor":39,"gold_loss":0,"cards_upgraded":["Hologram"]}],"is_beta":false,"boss_relics":[{"not_picked":["Fusion Hammer","Sozu"],"picked":"Empty Cage"},{"not_picked":["Lizard Tail","Snecko Eye"],"picked":"Nuclear Battery"}],"items_purged_floors":[14,20,30,45],"is_endless":false,"potions_floor_spawned":[1,4,5,11,16,27,33,41,44,47],"ascension_level":9}