{"gold_per_floor":[115,132,151,151,166,186,214,233,314,314,344,344,188,205,205,302,302,227,227,247,258,103,103],"floor_reached":23,"playtime":2486,"items_purged":[],"score":203,"play_id":"159e58c0-f1ac-4460-b9a8-4bb12e67ed13","local_time":"20181118070913","is_ascension_mode":true,"campfire_choices":[{"data":"Chaos","floor":10,"key":"SMITH"},{"floor":12,"key":"REST"},{"floor":15,"key":"REST"}],"neow_cost":"NONE","seed_source_timestamp":518949883215808,"circlet_count":0,"master_deck":["Strike_B","Strike_B","Strike_B","Strike_B","Defend_B","Defend_B","Defend_B","Defend_B","Zap","Dualcast","Cold Snap","Storm","Heatsinks","Chaos+1","Auto Shields","Blizzard","Creative AI","Static Discharge","Barrage","Chill","Electrodynamics","Self Repair","PanicButton","Auto Shields","Consume","Redo","Defragment","Chaos","Barrage"],"relics":["Cracked Core","Bag of Preparation","Meat on the Bone","Black Star"],"potions_floor_usage":[6,7,16,18,23,23,23],"damage_taken":[{"damage":1,"enemies":"Jaw Worm","floor":1,"turns":3},{"damage":0,"enemies":"2 Louse","floor":2,"turns":2},{"damage":0,"enemies":"Cultist","floor":3,"turns":3},{"damage":6,"enemies":"Red Slaver","floor":5,"turns":3},{"damage":10,"enemies":"Exordium Thugs","floor":6,"turns":5},{"damage":19,"enemies":"Gremlin Nob","floor":7,"turns":4},{"damage":10,"enemies":"Exordium Wildlife","floor":8,"turns":8},{"damage":3,"enemies":"Looter","floor":14,"turns":3},{"damage":14,"enemies":"Slime Boss","floor":16,"turns":6},{"damage":4,"enemies":"2 Thieves","floor":18,"turns":5},{"damage":3,"enemies":"Chosen","floor":20,"turns":4},{"damage":17,"enemies":"Snake Plant","floor":21,"turns":5},{"damage":74,"enemies":"Slavers","floor":23,"turns":4}],"seed_played":"-6331997184209106253","potions_obtained":[{"floor":0,"key":"AttackPotion"},{"floor":0,"key":"FearPotion"},{"floor":0,"key":"Dexterity Potion"},{"floor":3,"key":"EssenceOfSteel"},{"floor":6,"key":"Energy Potion"},{"floor":16,"key":"Regen Potion"},{"floor":21,"key":"LiquidBronze"}],"is_trial":false,"path_per_floor":["M","M","M","?","M","M","E","M","T","R","?","R","$","M","R","B",null,"M","?","M","M","$","E"],"character_chosen":"DEFECT","items_purchased":["Static Discharge","Barrage","FocusPotion","Defragment","Chaos","Barrage"],"campfire_rested":2,"item_purchase_floors":[13,13,13,22,22,22],"current_hp_per_floor":[74,74,74,79,73,63,44,34,34,34,34,58,58,55,79,65,80,76,76,73,56,56,0],"gold":103,"neow_bonus":"THREE_SMALL_POTIONS","is_prod":false,"is_daily":false,"chose_seed":false,"campfire_upgraded":1,"win_rate":1,"timestamp":1542553753,"path_taken":["M","M","M","?","M","M","E","M","T","R","?","R","$","M","R","BOSS","M","?","?","M","?","E"],"build_version":"2018-11-15","purchased_purges":0,"victory":false,"max_hp_per_floor":[75,75,75,80,80,80,80,80,80,80,80,80,80,80,80,80,80,80,80,80,80,80,80],"card_choices":[{"not_picked":["Reinforced Body","Steam"],"picked":"Cold Snap","floor":1},{"not_picked":["Sweeping Beam","Steam"],"picked":"Storm","floor":2},{"not_picked":["Darkness","Rebound"],"picked":"Heatsinks","floor":3},{"not_picked":["Gash","Hologram"],"picked":"Chaos","floor":5},{"not_picked":["Genetic Algorithm","Hologram"],"picked":"Auto Shields","floor":6},{"not_picked":["FTL","Steam"],"picked":"Blizzard","floor":7},{"not_picked":["Double Energy","Gash"],"picked":"Creative AI","floor":8},{"not_picked":["Beam Cell","Ball Lightning"],"picked":"Chill","floor":14},{"not_picked":["Machine Learning","Creative AI"],"picked":"Electrodynamics","floor":16},{"not_picked":["Leap+1","Stack"],"picked":"Self Repair","floor":18},{"not_picked":["Beam Cell","Lockon"],"picked":"Consume","floor":20},{"not_picked":["Cold Snap","Fission"],"picked":"Redo","floor":21}],"player_experience":34797,"relics_obtained":[{"floor":7,"key":"Bag of Preparation"},{"floor":9,"key":"Meat on the Bone"}],"event_choices":[{"damage_healed":0,"gold_gain":0,"player_choice":"Donut","damage_taken":0,"max_hp_gain":5,"max_hp_loss":0,"event_name":"Big Fish","floor":4,"gold_loss":0},{"damage_healed":0,"gold_gain":30,"player_choice":"Searched \u00272\u0027 times","damage_taken":0,"max_hp_gain":0,"max_hp_loss":0,"event_name":"Dead Adventurer","floor":11,"gold_loss":0},{"damage_healed":0,"gold_gain":0,"player_choice":"2 cards matched","damage_taken":0,"max_hp_gain":0,"max_hp_loss":0,"event_name":"Match and Keep!","floor":19,"gold_loss":0,"cards_obtained":["PanicButton","Auto Shields"]},{"damage_healed":0,"gold_gain":0,"player_choice":"2 cards matched","damage_taken":0,"max_hp_gain":0,"max_hp_loss":0,"event_name":"Match and Keep!","floor":19,"gold_loss":0,"cards_obtained":["PanicButton","Auto Shields"]}],"is_beta":false,"boss_relics":[{"not_picked":["Runic Dome","FrozenCore"],"picked":"Black Star"}],"items_purged_floors":[],"is_endless":false,"potions_floor_spawned":[3,5,6,14,16,21],"killed_by":"Slavers","ascension_level":1}