{"gold_per_floor":[113,113,11,26,36,36,51,78,130,155,155],"floor_reached":11,"playtime":873,"items_purged":[],"score":158,"play_id":"d255921f-81ac-4e99-97b1-7e6ef072031b","local_time":"20190329193023","is_ascension_mode":true,"campfire_choices":[{"floor":6,"key":"REST"}],"neow_cost":"PERCENT_DAMAGE","seed_source_timestamp":277209642319191,"circlet_count":0,"master_deck":["AscendersBane","Strike_B","Strike_B","Strike_B","Defend_B","Defend_B","Defend_B","Defend_B","Zap","Dualcast","Mind Blast","Blind","Scrape","Jack Of All Trades","Go for the Eyes","Steam","Leap","Core Surge","Machine Learning"],"relics":["Cracked Core","Symbiotic Virus","Regal Pillow","Anchor"],"potions_floor_usage":[8,8],"damage_taken":[{"damage":0,"enemies":"Small Slimes","floor":1,"turns":3},{"damage":0,"enemies":"Cultist","floor":4,"turns":3},{"damage":7,"enemies":"Jaw Worm","floor":5,"turns":2},{"damage":8,"enemies":"Blue Slaver","floor":7,"turns":4},{"damage":10,"enemies":"Lagavulin","floor":8,"turns":6},{"damage":36,"enemies":"Gremlin Nob","floor":10,"turns":6},{"damage":11,"enemies":"Large Slime","floor":11,"turns":4}],"seed_played":"616973960042985069","potions_obtained":[{"floor":4,"key":"Poison Potion"},{"floor":5,"key":"AttackPotion"}],"is_trial":false,"path_per_floor":["M","?","$","M","M","R","M","E","T","E","M"],"character_chosen":"DEFECT","items_purchased":["Jack Of All Trades"],"campfire_rested":1,"item_purchase_floors":[3],"current_hp_per_floor":[46,46,46,46,39,60,52,42,42,6,0],"gold":155,"neow_bonus":"RANDOM_COLORLESS_2","is_prod":false,"is_daily":false,"chose_seed":false,"campfire_upgraded":0,"win_rate":0,"timestamp":1553913023,"path_taken":["M","?","?","M","M","R","M","E","T","E","M"],"build_version":"2019-01-23","purchased_purges":0,"victory":false,"max_hp_per_floor":[71,71,71,71,71,71,71,71,71,71,71],"card_choices":[{"not_picked":["Streamline","Heatsinks"],"picked":"Scrape","floor":1},{"not_picked":["Leap","Compile Driver"],"picked":"Go for the Eyes","floor":4},{"not_picked":["Undo","Redo"],"picked":"Steam","floor":5},{"not_picked":["Consume","Turbo"],"picked":"Leap","floor":7},{"not_picked":["Turbo","Leap"],"picked":"Core Surge","floor":8},{"not_picked":["Streamline","Heatsinks"],"picked":"Machine Learning","floor":10}],"player_experience":815867,"relics_obtained":[{"floor":8,"key":"Symbiotic Virus"},{"floor":9,"key":"Regal Pillow"},{"floor":10,"key":"Anchor"}],"event_choices":[{"cards_removed":["Strike_B"],"damage_healed":0,"gold_gain":0,"player_choice":"Purged","damage_taken":0,"max_hp_gain":0,"max_hp_loss":0,"event_name":"Purifier","floor":2,"gold_loss":0}],"is_beta":false,"boss_relics":[],"items_purged_floors":[],"is_endless":false,"potions_floor_spawned":[4,5],"killed_by":"Large Slime","ascension_level":18}