{"gold_per_floor":[112,127,127,141,141,169,169,189,267,267,29,40,53,53,53,154,154,165,184,109,124,124,124,157,176,176,195,195,227,227,64,64,167,217,236,236,150,169,179,32,58,58,58,140,159,175,193,218,218,218],"floor_reached":51,"playtime":5696,"items_purged":["Strike_R","Shame","Strike_R"],"score":1029,"play_id":"7e98225d-1144-4050-aa57-503fb63152ed","local_time":"20190105140640","is_ascension_mode":true,"campfire_choices":[{"data":"True Grit","floor":7.0,"key":"SMITH"},{"data":"Anger","floor":10.0,"key":"SMITH"},{"data":"Uppercut","floor":15.0,"key":"SMITH"},{"data":"Feed","floor":23,"key":"SMITH"},{"floor":28,"key":"REST"},{"floor":32,"key":"REST"},{"data":"Rage","floor":49,"key":"SMITH"}],"neow_cost":"TEN_PERCENT_HP_LOSS","seed_source_timestamp":0,"circlet_count":0,"master_deck":["Strike_R","Defend_R","Defend_R","Defend_R","Bash","Trip","Apotheosis+1","Anger+1","True Grit+1","Metallicize","Exhume","Disarm","Pommel Strike","Uppercut+1","Feed+1","Fire Breathing","Infernal Blade","Headbutt","Twin Strike","Reckless Charge","Rage+1","Flex+1","Finesse","Flex","Reaper","True Grit","Metallicize+1","Blind","Purity","Panacea","Rage","Madness","Madness","Anger+1","Fire Breathing+1"],"special_seed":0,"relics":["Burning Blood","Nunchaku","Shuriken","Membership Card","Smiling Mask","Sozu","Boot","Unceasing Top","Mercury Hourglass","Letter Opener","Tiny Chest","Tiny House","Magic Flower","Anchor","Gremlin Horn","Mummified Hand","Charon\u0027s Ashes"],"potions_floor_usage":[24,29],"damage_taken":[{"damage":0.0,"enemies":"Small Slimes","floor":1.0,"turns":5.0},{"damage":2.0,"enemies":"Cultist","floor":2.0,"turns":4.0},{"damage":6.0,"enemies":"2 Louse","floor":4.0,"turns":3.0},{"damage":7.0,"enemies":"Gremlin Nob","floor":6.0,"turns":4.0},{"damage":14.0,"enemies":"Red Slaver","floor":8.0,"turns":5.0},{"damage":11.0,"enemies":"Large Slime","floor":12.0,"turns":7.0},{"damage":0.0,"enemies":"2 Fungi Beasts","floor":13.0,"turns":3.0},{"damage":7.0,"enemies":"Slime Boss","floor":16.0,"turns":10.0},{"damage":24,"enemies":"3 Byrds","floor":18,"turns":6},{"damage":8,"enemies":"Spheric Guardian","floor":19,"turns":3},{"damage":18,"enemies":"Snake Plant","floor":21,"turns":4},{"damage":8,"enemies":"Book of Stabbing","floor":24,"turns":5},{"damage":38,"enemies":"Shelled Parasite and Fungi","floor":25,"turns":5},{"damage":8,"enemies":"Sentry and Sphere","floor":27,"turns":5},{"damage":20,"enemies":"Gremlin Leader","floor":29,"turns":6},{"damage":46,"enemies":"Champ","floor":33,"turns":8},{"damage":0,"enemies":"3 Shapes","floor":35,"turns":2},{"damage":16,"enemies":"Orb Walker","floor":38,"turns":5},{"damage":18,"enemies":"Writhing Mass","floor":39,"turns":5},{"damage":11,"enemies":"Reptomancer","floor":41,"turns":6},{"damage":13,"enemies":"Transient","floor":45,"turns":5},{"damage":12,"enemies":"Sphere and 2 Shapes","floor":46,"turns":4},{"damage":16,"enemies":"Spire Growth","floor":47,"turns":4},{"damage":22,"enemies":"Nemesis","floor":48,"turns":7},{"damage":85,"enemies":"Awakened One","floor":50,"turns":7}],"seed_played":"-8342690155419663014","potions_obtained":[{"floor":2.0,"key":"Dexterity Potion"},{"floor":4.0,"key":"AttackPotion"},{"floor":6.0,"key":"BloodPotion"},{"floor":12.0,"key":"EssenceOfSteel"}],"is_trial":false,"path_per_floor":["M","M","?","M","?","E","R","M","T","R","$","M","M","?","R","B",null,"M","M","?","M","?","R","E","M","T","M","R","E","?","$","R","B",null,"M","?","$","M","M","$","E","?","T","T","M","M","M","E","R","B",null],"character_chosen":"IRONCLAD","items_purchased":["Membership Card","Finesse","Flex","Tiny Chest","Rage","Magic Flower"],"campfire_rested":2,"item_purchase_floors":[11,31,31,31,37,40],"current_hp_per_floor":[72,72,72,72,72,71,71,63,63,63,63,58,64,52,52,58,69,59,61,61,53,53,53,51,19,19,17,43,29,29,29,55,15,75,91,81,81,80,72,72,79,67,67,67,83,80,84,71,71,21],"gold":218,"neow_bonus":"RANDOM_COLORLESS_2","is_prod":false,"is_daily":false,"chose_seed":false,"campfire_upgraded":5,"win_rate":0,"timestamp":1546726000,"path_taken":["M","M","?","M","?","E","R","M","T","R","$","M","?","?","R","BOSS","M","M","?","M","?","R","E","?","T","M","R","E","?","$","R","BOSS","M","?","$","M","M","$","E","?","T","?","M","M","M","E","R","BOSS"],"build_version":"2019-01-03v4","purchased_purges":3,"victory":true,"max_hp_per_floor":[72,72,72,72,72,72,72,72,72,72,72,72,72,72,72,72,72,80,84,84,88,88,88,88,88,88,88,88,88,88,88,88,88,93,97,97,97,97,97,97,97,97,97,97,97,97,97,97,97,97],"card_choices":[{"not_picked":["Perfected Strike","Blood for Blood"],"picked":"Anger","floor":1.0},{"not_picked":["Perfected Strike","Clothesline"],"picked":"True Grit","floor":2.0},{"not_picked":["Anger","Cleave"],"picked":"Metallicize","floor":4.0},{"not_picked":["Battle Trance","Perfected Strike"],"picked":"Exhume","floor":6.0},{"not_picked":["Rampage","Anger"],"picked":"Disarm","floor":8.0},{"not_picked":["Flex","Twin Strike"],"picked":"Pommel Strike","floor":12.0},{"not_picked":["Carnage","Iron Wave"],"picked":"Uppercut","floor":13.0},{"not_picked":["Limit Break","Berserk"],"picked":"Feed","floor":16.0},{"not_picked":["Heavy Blade+1","Burning Pact"],"picked":"Fire Breathing","floor":18},{"not_picked":["Burning Pact","Clothesline"],"picked":"Infernal Blade","floor":19},{"not_picked":["Whirlwind","Armaments"],"picked":"Headbutt","floor":21},{"not_picked":["Headbutt","Sword Boomerang"],"picked":"Reckless Charge","floor":24},{"not_picked":["Headbutt","Clothesline"],"picked":"Rage","floor":25},{"not_picked":["Combust","Juggernaut"],"picked":"Flex","floor":27},{"not_picked":["Clothesline+1","Cleave","Whirlwind+1"],"picked":"SKIP","floor":29},{"not_picked":["Clothesline+1","Cleave","Whirlwind+1"],"picked":"SKIP","floor":29},{"not_picked":["Dark Embrace","Exhume"],"picked":"Reaper","floor":33},{"not_picked":["Pommel Strike","Flex"],"picked":"True Grit","floor":34},{"not_picked":["Uppercut","Clash"],"picked":"Metallicize+1","floor":35},{"not_picked":["PanicButton","Impatience"],"picked":"Blind","floor":36},{"not_picked":["Flash of Steel","Magnetism"],"picked":"Purity","floor":36},{"not_picked":["Apotheosis","Purity"],"picked":"Panacea","floor":36},{"not_picked":["Headbutt","Heavy Blade+1","Flame Barrier"],"picked":"SKIP","floor":38},{"not_picked":["Perfected Strike","Heavy Blade+1","Flex+1"],"picked":"SKIP","floor":39},{"not_picked":["Pommel Strike","Offering","Twin Strike"],"picked":"SKIP","floor":41},{"not_picked":["Clothesline","Wild Strike","Uppercut"],"picked":"SKIP","floor":45},{"not_picked":["Wild Strike","Blood for Blood+1"],"picked":"Anger+1","floor":46},{"not_picked":["Pommel Strike","Wild Strike"],"picked":"Fire Breathing+1","floor":47},{"not_picked":["Entrench+1","Pummel+1","Heavy Blade+1"],"picked":"SKIP","floor":48}],"player_experience":348276,"relics_obtained":[{"floor":6.0,"key":"Nunchaku"},{"floor":9.0,"key":"Shuriken"},{"floor":24,"key":"Boot"},{"floor":26,"key":"Unceasing Top"},{"floor":29,"key":"Mercury Hourglass"},{"floor":41,"key":"Anchor"},{"floor":43,"key":"Gremlin Horn"},{"floor":44,"key":"Mummified Hand"},{"floor":48,"key":"Charon\u0027s Ashes"}],"event_choices":[{"damage_healed":0.0,"max_hp_gain":0.0,"max_hp_loss":0.0,"gold_gain":0.0,"event_name":"Living Wall","player_choice":"Grow","floor":3.0,"gold_loss":0.0,"damage_taken":0.0,"cards_upgraded":["Apotheosis"]},{"cards_removed":["Strike_R"],"damage_healed":0.0,"max_hp_gain":0.0,"max_hp_loss":0.0,"gold_gain":0.0,"event_name":"Purifier","player_choice":"Purged","floor":5.0,"gold_loss":0.0,"damage_taken":0.0},{"damage_healed":0.0,"max_hp_gain":0.0,"max_hp_loss":0.0,"gold_gain":0.0,"event_name":"Scrap Ooze","player_choice":"Success","floor":14.0,"gold_loss":0.0,"damage_taken":12.0,"relics_obtained":["Smiling Mask"]},{"cards_removed":["Strike_R"],"damage_healed":0,"gold_gain":0,"player_choice":"Gave Gold","damage_taken":0,"max_hp_gain":0,"max_hp_loss":0,"event_name":"Beggar","floor":20,"gold_loss":75},{"damage_healed":0,"gold_gain":0,"cards_transformed":["Defend_R"],"player_choice":"Transformed","damage_taken":0,"max_hp_gain":0,"max_hp_loss":0,"event_name":"Transmorgrifier","floor":22,"gold_loss":0,"cards_obtained":["Twin Strike"]},{"damage_healed":0,"gold_gain":0,"player_choice":"Stole Relic","damage_taken":0,"relics_obtained":["Letter Opener"],"max_hp_gain":0,"max_hp_loss":0,"event_name":"Addict","floor":30,"gold_loss":0,"cards_obtained":["Shame"]},{"damage_healed":0,"gold_gain":0,"player_choice":"Memory 3","damage_taken":10,"max_hp_gain":0,"max_hp_loss":0,"event_name":"SensoryStone","floor":36,"gold_loss":0},{"damage_healed":0,"gold_gain":0,"player_choice":"Embrace Madness","damage_taken":12,"max_hp_gain":0,"max_hp_loss":0,"event_name":"Winding Halls","floor":42,"gold_loss":0,"cards_obtained":["Madness","Madness"]}],"is_beta":false,"boss_relics":[{"not_picked":["Eternal Feather","Black Blood"],"picked":"Sozu"},{"not_picked":["Snecko Eye","Velvet Choker"],"picked":"Tiny House"}],"items_purged_floors":[11,31,37],"is_endless":false,"potions_floor_spawned":[2,4,6,12,18,21,24,25,38,39,45,47,48],"ascension_level":8}