{"gold_per_floor":[116,116,84,84,84,116,128,171,236,248,292,324,370,396,408,518,530,562,574,586,613,645,657,704,716,728,760,772,819,170,187,187,187],"floor_reached":33,"playtime":2459,"items_purged":["Decay"],"score":521,"play_id":"70d8431b-15fc-400d-9237-fb8d60906e5b","local_time":"20181212022203","is_ascension_mode":true,"campfire_choices":[{"data":"Dualcast","floor":7,"key":"SMITH"},{"data":"Echo Form","floor":15,"key":"SMITH"},{"floor":23,"key":"REST"},{"floor":25,"key":"REST"},{"floor":28,"key":"REST"},{"data":"Double Energy","floor":32,"key":"SMITH"}],"neow_cost":"NONE","seed_source_timestamp":65202887022936,"circlet_count":0,"master_deck":["Strike_B","Strike_B","Strike_B","Defend_B","Defend_B","Defend_B","Defend_B","Zap","Dualcast+1","Conserve Battery","Melter","Conserve Battery","Double Energy+1","Echo Form+1","Fusion","Meteor Strike","Sunder","Machine Learning","Hologram+1","Self Repair","Go for the Eyes+1","Glacier+1","Glacier+1","Master of Strategy+1","Conserve Battery+1","Turbo+1","BootSequence+1"],"relics":["Cracked Core","NeowsBlessing","Symbiotic Virus","Mercury Hourglass","MawBank","Art of War","Pen Nib","Thread and Needle","Darkstone Periapt","Inserter","Pantograph","Matryoshka","Strawberry","Toxic Egg 2","Bag of Marbles","Gremlin Horn"],"potions_floor_usage":[11,13,16,29,31,31],"damage_taken":[{"damage":0,"enemies":"Small Slimes","floor":1,"turns":1},{"damage":0,"enemies":"Lagavulin","floor":6,"turns":1},{"damage":0,"enemies":"Gremlin Nob","floor":8,"turns":1},{"damage":0,"enemies":"3 Sentries","floor":11,"turns":5},{"damage":3,"enemies":"Jaw Worm","floor":12,"turns":3},{"damage":14,"enemies":"Gremlin Nob","floor":13,"turns":4},{"damage":0,"enemies":"Cultist","floor":14,"turns":3},{"damage":18,"enemies":"Hexaghost","floor":16,"turns":7},{"damage":0,"enemies":"Spheric Guardian","floor":18,"turns":2},{"damage":0,"enemies":"Shell Parasite","floor":21,"turns":4},{"damage":49,"enemies":"Snake Plant","floor":22,"turns":6},{"damage":49,"enemies":"Book of Stabbing","floor":24,"turns":6},{"damage":18,"enemies":"Cultist and Chosen","floor":27,"turns":5},{"damage":58,"enemies":"Gremlin Leader","floor":29,"turns":7},{"damage":0,"enemies":"Centurion and Healer","floor":31,"turns":6},{"damage":62,"enemies":"Champ","floor":33,"turns":11}],"seed_played":"1990442180012967793","potions_obtained":[{"floor":6,"key":"FocusPotion"},{"floor":12,"key":"EssenceOfSteel"},{"floor":13,"key":"Energy Potion"},{"floor":27,"key":"Poison Potion"},{"floor":29,"key":"Swift Potion"}],"is_trial":false,"path_per_floor":["M","?","?","T","?","E","R","E","T","$","E","M","E","M","R","B",null,"M","T","?","M","M","R","E","R","T","M","R","E","$","M","R","B"],"character_chosen":"DEFECT","items_purchased":["Master of Strategy+1","Conserve Battery+1","Turbo+1","Gremlin Horn","Regen Potion"],"campfire_rested":3,"item_purchase_floors":[30,30,30,30,30],"current_hp_per_floor":[68,61,61,61,61,61,61,61,61,61,61,58,44,44,44,26,63,63,63,69,69,34,58,16,40,47,36,62,11,11,33,33,0],"gold":187,"neow_bonus":"THREE_ENEMY_KILL","is_prod":false,"is_daily":false,"chose_seed":false,"campfire_upgraded":3,"win_rate":0,"timestamp":1544610123,"path_taken":["M","?","?","?","?","E","R","E","T","$","E","?","E","M","R","BOSS","M","?","?","M","M","R","E","R","T","M","R","E","$","M","R","BOSS"],"build_version":"2018-12-06","purchased_purges":1,"victory":false,"max_hp_per_floor":[75,75,75,75,75,75,75,75,75,75,75,75,75,75,75,75,75,75,75,81,81,81,81,81,81,88,88,88,88,88,88,88,88],"card_choices":[{"not_picked":["Sweeping Beam","Streamline"],"picked":"Conserve Battery","floor":1},{"not_picked":["Sweeping Beam","Ball Lightning"],"picked":"Conserve Battery","floor":6},{"not_picked":["Sweeping Beam","Aggregate"],"picked":"Double Energy","floor":8},{"not_picked":["Consume","Steam"],"picked":"Echo Form","floor":11},{"not_picked":["Ball Lightning","Conserve Battery"],"picked":"Fusion","floor":12},{"not_picked":["All For One","Gash"],"picked":"Meteor Strike","floor":13},{"not_picked":["Storm","Cold Snap"],"picked":"Sunder","floor":14},{"not_picked":["All For One","Core Surge"],"picked":"Machine Learning","floor":16},{"not_picked":["Coolheaded","Sweeping Beam"],"picked":"Hologram+1","floor":18},{"not_picked":["Fusion","Compile Driver"],"picked":"Self Repair","floor":21},{"not_picked":["Redo","Streamline+1","Barrage"],"picked":"SKIP","floor":22},{"not_picked":["Streamline","Stack"],"picked":"Go for the Eyes+1","floor":24},{"not_picked":["Go for the Eyes","Streamline"],"picked":"Glacier+1","floor":27},{"not_picked":["Reboot+1","Turbo+1"],"picked":"Glacier+1","floor":29},{"not_picked":["Blizzard","Hello World"],"picked":"BootSequence+1","floor":31}],"player_experience":224448,"relics_obtained":[{"floor":4,"key":"Mercury Hourglass"},{"floor":6,"key":"MawBank"},{"floor":8,"key":"Art of War"},{"floor":9,"key":"Pen Nib"},{"floor":11,"key":"Thread and Needle"},{"floor":13,"key":"Darkstone Periapt"},{"floor":19,"key":"Pantograph"},{"floor":24,"key":"Matryoshka"},{"floor":26,"key":"Strawberry"},{"floor":26,"key":"Toxic Egg 2"},{"floor":29,"key":"Bag of Marbles"}],"event_choices":[{"damage_healed":0,"gold_gain":0,"player_choice":"Success","damage_taken":7,"relics_obtained":["Symbiotic Virus"],"max_hp_gain":0,"max_hp_loss":0,"event_name":"Scrap Ooze","floor":2,"gold_loss":0},{"damage_healed":0,"gold_gain":0,"player_choice":"Left Gold","damage_taken":0,"max_hp_gain":0,"max_hp_loss":0,"event_name":"World of Goop","floor":3,"gold_loss":32},{"damage_healed":0,"gold_gain":0,"cards_transformed":["Strike_B"],"player_choice":"Change","damage_taken":0,"max_hp_gain":0,"max_hp_loss":0,"event_name":"Living Wall","floor":5,"gold_loss":0,"cards_obtained":["Melter"]},{"damage_healed":0,"gold_gain":0,"player_choice":"Smashed Altar","damage_taken":0,"max_hp_gain":0,"max_hp_loss":0,"event_name":"Forgotten Altar","floor":20,"gold_loss":0,"cards_obtained":["Decay"]}],"is_beta":false,"boss_relics":[{"not_picked":["Eternal Feather","Cursed Key"],"picked":"Inserter"}],"items_purged_floors":[30],"is_endless":false,"potions_floor_spawned":[6,12,13,27,29],"killed_by":"Champ","ascension_level":7}