{"gold_per_floor":[112,124,124,139,149,149,169,180,180,180,235,235,255,53,53,157,157,175,201,211,211,84,117,117,142,142,142,142,153,170,202,202,301,301,311,323,323,338,358,358,57,57,57,69,69,69,69,100,100,100],"floor_reached":50,"playtime":4459,"items_purged":[],"score":609,"play_id":"68671f8e-6fcc-49ba-adb2-aa679ec41923","local_time":"20190914012416","is_ascension_mode":true,"campfire_choices":[{"data":"Carnage","floor":6,"key":"SMITH"},{"data":"Feed","floor":12,"key":"SMITH"},{"data":"Blood for Blood","floor":15,"key":"SMITH"},{"floor":24,"key":"REST"},{"data":"Armaments","floor":27,"key":"SMITH"},{"data":"Whirlwind","floor":32,"key":"SMITH"},{"floor":40,"key":"RECALL"},{"data":"Armaments","floor":42,"key":"SMITH"},{"data":"Immolate","floor":46,"key":"SMITH"},{"floor":49,"key":"REST"}],"neow_cost":"PERCENT_DAMAGE","seed_source_timestamp":769585196728623,"circlet_count":0,"master_deck":["Defend_R+1","Defend_R","Defend_R","Bash","Brutality","Carnage+1","Headbutt+1","Sword Boomerang","Blood for Blood+1","Flame Barrier","Feed+1","Shrug It Off","Immolate+1","Armaments+1","Clash","Bite","Bite","Bite","Bite","Bite","Rupture","Flex","Battle Trance","Inflame","J.A.X.","Metallicize+1","Whirlwind+1","Heavy Blade","Offering","Hemokinesis","Armaments+1","Madness","Madness","Twin Strike+1"],"relics":["Burning Blood","Boot","Tiny Chest","OrangePellets","Sozu","Red Mask","Anchor","Mummified Hand","Strawberry","Frozen Egg 2","Busted Crown","Torii","Dodecahedron"],"potions_floor_usage":[8,16,16,50],"damage_taken":[{"damage":6,"enemies":"2 Louse","floor":1,"turns":3},{"damage":2,"enemies":"Cultist","floor":2,"turns":3},{"damage":0,"enemies":"Small Slimes","floor":4,"turns":3},{"damage":20,"enemies":"Exordium Thugs","floor":5,"turns":5},{"damage":10,"enemies":"Blue Slaver","floor":7,"turns":3},{"damage":11,"enemies":"Large Slime","floor":8,"turns":4},{"damage":19,"enemies":"Lagavulin","floor":11,"turns":4},{"damage":0,"enemies":"Looter","floor":13,"turns":2},{"damage":14,"enemies":"Hexaghost","floor":16,"turns":9},{"damage":2,"enemies":"Chosen","floor":18,"turns":3},{"damage":36,"enemies":"Masked Bandits","floor":19,"turns":4},{"damage":5,"enemies":"Spheric Guardian","floor":20,"turns":3},{"damage":55,"enemies":"Book of Stabbing","floor":23,"turns":6},{"damage":23,"enemies":"Slavers","floor":25,"turns":6},{"damage":9,"enemies":"Shelled Parasite and Fungi","floor":29,"turns":3},{"damage":8,"enemies":"Centurion and Healer","floor":30,"turns":4},{"damage":26,"enemies":"Gremlin Leader","floor":31,"turns":5},{"damage":24,"enemies":"Champ","floor":33,"turns":8},{"damage":9,"enemies":"3 Shapes","floor":35,"turns":3},{"damage":7,"enemies":"Orb Walker","floor":36,"turns":3},{"damage":35,"enemies":"Transient","floor":38,"turns":5},{"damage":19,"enemies":"4 Shapes","floor":39,"turns":3},{"damage":13,"enemies":"Spire Growth","floor":44,"turns":5},{"damage":43,"enemies":"Nemesis","floor":48,"turns":5},{"damage":91,"enemies":"Awakened One","floor":50,"turns":7}],"seed_played":"5186376527589535654","potions_obtained":[{"floor":4,"key":"AttackPotion"},{"floor":5,"key":"AttackPotion"},{"floor":11,"key":"Dexterity Potion"},{"floor":13,"key":"GamblersBrew"}],"is_trial":false,"path_per_floor":["M","M","?","M","M","R","M","M","T","?","E","R","M","$","R","B",null,"M","?","M","?","$","E","R","E","T","R","?","M","M","E","R","B",null,"M","M","?","M","M","R","$","R","T","M","$","R","?","E","R","B"],"character_chosen":"IRONCLAD","items_purchased":["OrangePellets","Rupture","Flex","Torii"],"campfire_rested":2,"item_purchase_floors":[14,22,22,41],"current_hp_per_floor":[56,60,90,90,76,76,72,67,67,49,36,36,42,42,42,38,94,94,68,69,68,68,30,51,48,55,55,55,58,60,54,54,55,91,95,95,83,65,58,58,58,58,58,62,62,62,62,38,67,0],"gold":100,"neow_bonus":"TRANSFORM_TWO_CARDS","is_prod":false,"is_daily":false,"chose_seed":false,"campfire_upgraded":7,"win_rate":0,"timestamp":1568438656,"path_taken":["M","M","?","M","M","R","M","?","T","?","E","R","M","$","R","BOSS","M","?","M","?","$","E","R","E","T","R","?","M","M","E","R","BOSS","M","M","?","M","M","R","$","R","T","M","$","R","?","E","R","BOSS"],"build_version":"2019-07-17","purchased_purges":0,"victory":false,"max_hp_per_floor":[80,80,90,90,90,90,90,90,90,90,90,90,90,90,90,94,94,94,98,98,68,68,72,72,76,83,83,83,83,83,87,87,91,91,95,95,95,95,95,95,95,95,95,95,95,95,95,99,99,103],"card_choices":[{"not_picked":["Havoc","Corruption","Dropkick"],"picked":"SKIP","floor":1},{"not_picked":["Body Slam","Rampage"],"picked":"Carnage","floor":2},{"not_picked":["Perfected Strike","Anger"],"picked":"Headbutt","floor":4},{"not_picked":["Fire Breathing","Dual Wield"],"picked":"Sword Boomerang","floor":5},{"not_picked":["Second Wind","Uppercut"],"picked":"Blood for Blood","floor":7},{"not_picked":["Reckless Charge","True Grit"],"picked":"Flame Barrier","floor":8},{"not_picked":["Feel No Pain","Shrug It Off"],"picked":"Feed","floor":11},{"not_picked":["Second Wind","Cleave"],"picked":"Shrug It Off","floor":13},{"not_picked":["Reaper","Limit Break"],"picked":"Immolate","floor":16},{"not_picked":["Anger","Twin Strike"],"picked":"Armaments","floor":18},{"not_picked":["Power Through","Feel No Pain"],"picked":"Clash","floor":19},{"not_picked":["Sword Boomerang","Headbutt","Carnage"],"picked":"SKIP","floor":20},{"not_picked":["Bludgeon","Dropkick"],"picked":"Battle Trance","floor":23},{"not_picked":["Cleave","Headbutt+1"],"picked":"Inflame","floor":25},{"not_picked":["Flex+1","Pummel"],"picked":"Metallicize+1","floor":29},{"not_picked":["Sword Boomerang","Dual Wield+1"],"picked":"Whirlwind","floor":30},{"not_picked":["Intimidate","Clash"],"picked":"Heavy Blade","floor":31},{"not_picked":["Dark Embrace+1","Exhume"],"picked":"Offering","floor":33},{"not_picked":[],"picked":"Hemokinesis","floor":35},{"not_picked":[],"picked":"Armaments","floor":36},{"not_picked":[],"picked":"Twin Strike+1","floor":38},{"not_picked":["Flame Barrier"],"picked":"SKIP","floor":39},{"not_picked":["Havoc"],"picked":"SKIP","floor":44},{"not_picked":["Perfected Strike+1"],"picked":"SKIP","floor":48}],"player_experience":299423,"relics_obtained":[{"floor":9,"key":"Boot"},{"floor":11,"key":"Tiny Chest"},{"floor":19,"key":"Red Mask"},{"floor":23,"key":"Anchor"},{"floor":25,"key":"Mummified Hand"},{"floor":26,"key":"Strawberry"},{"floor":31,"key":"Frozen Egg 2"},{"floor":48,"key":"Dodecahedron"}],"event_choices":[{"cards_removed":["Dark Embrace"],"damage_healed":20,"gold_gain":0,"player_choice":"Offered Rare","damage_taken":0,"max_hp_gain":10,"max_hp_loss":0,"event_name":"Bonfire Elementals","floor":3,"gold_loss":0},{"damage_healed":0,"gold_gain":0,"player_choice":"Entered Light","damage_taken":18,"max_hp_gain":0,"max_hp_loss":0,"event_name":"Shining Light","floor":10,"gold_loss":0,"cards_upgraded":["Headbutt","Defend_R"]},{"damage_healed":0,"gold_gain":0,"player_choice":"Fought Bandits","damage_taken":0,"max_hp_gain":0,"max_hp_loss":0,"event_name":"Masked Bandits","floor":19,"gold_loss":0},{"damage_healed":0,"gold_gain":0,"player_choice":"Became a vampire","damage_taken":0,"max_hp_gain":0,"max_hp_loss":30,"event_name":"Vampires","floor":21,"gold_loss":0,"cards_obtained":["Bite","Bite","Bite","Bite","Bite"]},{"damage_healed":0,"gold_gain":0,"player_choice":"Obtain J.A.X.","damage_taken":0,"max_hp_gain":0,"max_hp_loss":0,"event_name":"Drug Dealer","floor":28,"gold_loss":0,"cards_obtained":["J.A.X."]},{"damage_healed":0,"gold_gain":0,"player_choice":"Embrace Madness","damage_taken":12,"max_hp_gain":0,"max_hp_loss":0,"event_name":"Winding Halls","floor":37,"gold_loss":0,"cards_obtained":["Madness","Madness"]},{"cards_removed":["Defend_R"],"damage_healed":0,"gold_gain":0,"player_choice":"Removed Skill","damage_taken":0,"max_hp_gain":0,"max_hp_loss":0,"event_name":"Falling","floor":47,"gold_loss":0}],"is_beta":false,"boss_relics":[{"not_picked":["White Beast Statue","Runic Dome"],"picked":"Sozu"},{"not_picked":["Calling Bell","Lizard Tail"],"picked":"Busted Crown"}],"items_purged_floors":[],"is_endless":false,"potions_floor_spawned":[4,5,11,13,18,19,20,29,36,44],"killed_by":"Awakened One","ascension_level":1}