{"gold_per_floor":[117,75,75,3,3,29,29,62,62,75,101,101,120,120,120,198,248,259,259,259,259,47,47,75,88,111,111,111,128,178,190,190,190],"floor_reached":33,"playtime":1513,"items_purged":[],"score":720,"play_id":"57f89ba4-2a51-4c8c-beb0-a9ee6c1f5c19","local_time":"20190329201511","is_ascension_mode":true,"campfire_choices":[{"data":"Chaos","floor":7,"key":"SMITH"},{"data":"Doom and Gloom","floor":12,"key":"SMITH"},{"data":"Defragment","floor":15,"key":"SMITH"},{"data":"Fission","floor":23,"key":"SMITH"},{"floor":28,"key":"REST"},{"floor":32,"key":"REST"}],"neow_cost":"NONE","seed_source_timestamp":279256775931148,"circlet_count":0,"master_deck":["AscendersBane","Strike_B+1","Strike_B+1","Defend_B+1","Defend_B+1","Defend_B+1","Defend_B+1","Zap","Dualcast+1","Chaos+1","Sunder","Chaos+1","Doom and Gloom+1","Defragment+1","Buffer","Amplify","Fission+1","Core Surge","Reinforced Body"],"relics":["Cracked Core","NeowsBlessing","Blue Candle","Mercury Hourglass","Singing Bowl","Mummified Hand","Sundial","Letter Opener","Tiny House","Runic Capacitor","Bronze Scales","Boot"],"potions_floor_usage":[11,11,18,24,24,31,33],"damage_taken":[{"damage":0,"enemies":"2 Louse","floor":1,"turns":1},{"damage":0,"enemies":"Gremlin Nob","floor":6,"turns":1},{"damage":0,"enemies":"Lagavulin","floor":8,"turns":1},{"damage":0,"enemies":"Cultist","floor":10,"turns":2},{"damage":6,"enemies":"Gremlin Nob","floor":11,"turns":3},{"damage":10,"enemies":"Jaw Worm","floor":13,"turns":2},{"damage":0,"enemies":"Slime Boss","floor":16,"turns":5},{"damage":20,"enemies":"2 Thieves","floor":18,"turns":4},{"damage":35,"enemies":"Book of Stabbing","floor":24,"turns":5},{"damage":17,"enemies":"Shell Parasite","floor":25,"turns":3},{"damage":0,"enemies":"Chosen and Byrds","floor":29,"turns":3},{"damage":27,"enemies":"Shelled Parasite and Fungi","floor":31,"turns":4},{"damage":67,"enemies":"Champ","floor":33,"turns":8}],"seed_played":"-5885519068041854254","potions_obtained":[{"floor":6,"key":"FearPotion"},{"floor":10,"key":"GamblersBrew"},{"floor":16,"key":"FocusPotion"},{"floor":17,"key":"Poison Potion"},{"floor":18,"key":"SpeedPotion"},{"floor":29,"key":"AttackPotion"},{"floor":31,"key":"Regen Potion"}],"is_trial":false,"path_per_floor":["M","$","?","?","$","E","R","E","T","M","E","R","M","?","R","B",null,"M","?","?","?","$","R","E","M","T","?","R","M","?","M","R","B"],"character_chosen":"DEFECT","items_purchased":["Sunder","Runic Capacitor"],"campfire_rested":2,"item_purchase_floors":[2,22],"current_hp_per_floor":[64,64,64,64,64,64,64,64,64,66,62,62,52,41,41,41,74,56,56,56,56,56,56,23,8,8,8,34,34,34,7,33,0],"gold":190,"neow_bonus":"THREE_ENEMY_KILL","is_prod":false,"is_daily":false,"chose_seed":false,"campfire_upgraded":4,"win_rate":0,"timestamp":1553915711,"path_taken":["M","$","?","?","$","E","R","E","T","M","E","R","?","?","R","BOSS","M","?","?","?","$","R","E","M","T","?","R","?","?","?","R","BOSS"],"build_version":"2019-01-23","purchased_purges":0,"victory":false,"max_hp_per_floor":[71,71,71,71,71,71,71,71,71,73,75,75,75,75,75,75,82,84,84,84,84,84,84,86,88,88,88,88,88,88,88,88,88],"card_choices":[{"not_picked":["Turbo","Cold Snap"],"picked":"Chaos","floor":1},{"not_picked":["Barrage","Turbo"],"picked":"Chaos","floor":6},{"not_picked":["Machine Learning","Rebound"],"picked":"Doom and Gloom","floor":8},{"not_picked":["Beam Cell","Rebound","Ball Lightning"],"picked":"Singing Bowl","floor":10},{"not_picked":["Force Field","Streamline","Beam Cell"],"picked":"Singing Bowl","floor":11},{"not_picked":["Cold Snap","Compile Driver"],"picked":"Defragment","floor":13},{"not_picked":["Amplify","Biased Cognition"],"picked":"Buffer","floor":16},{"not_picked":["Cold Snap","Beam Cell","Sunder"],"picked":"Singing Bowl","floor":17},{"not_picked":["Lockon","Aggregate","Conserve Battery"],"picked":"Singing Bowl","floor":18},{"not_picked":["Rebound","Fusion","Undo"],"picked":"Singing Bowl","floor":24},{"not_picked":["Chaos","Beam Cell","Barrage"],"picked":"Singing Bowl","floor":25},{"not_picked":["Conserve Battery","Genetic Algorithm"],"picked":"Core Surge","floor":29},{"not_picked":["Aggregate","Barrage"],"picked":"Reinforced Body","floor":31}],"player_experience":817870,"relics_obtained":[{"floor":6,"key":"Mercury Hourglass"},{"floor":8,"key":"Singing Bowl"},{"floor":9,"key":"Mummified Hand"},{"floor":11,"key":"Sundial"},{"floor":24,"key":"Bronze Scales"},{"floor":26,"key":"Boot"}],"event_choices":[{"damage_healed":0,"gold_gain":0,"player_choice":"Grow","damage_taken":0,"max_hp_gain":0,"max_hp_loss":0,"event_name":"Living Wall","floor":3,"gold_loss":0,"cards_upgraded":["Chaos"]},{"damage_healed":0,"gold_gain":0,"player_choice":"Paid Gold","damage_taken":0,"relics_obtained":["Blue Candle"],"max_hp_gain":0,"max_hp_loss":0,"event_name":"WeMeetAgain","floor":4,"gold_loss":72},{"damage_healed":0,"gold_gain":0,"player_choice":"Success","damage_taken":11,"relics_obtained":["Letter Opener"],"max_hp_gain":0,"max_hp_loss":0,"event_name":"Scrap Ooze","floor":14,"gold_loss":0},{"damage_healed":0,"gold_gain":0,"cards_transformed":["Strike_B","Strike_B"],"player_choice":"Became Test Subject","damage_taken":0,"max_hp_gain":0,"max_hp_loss":0,"event_name":"Drug Dealer","floor":19,"gold_loss":0,"cards_obtained":["Amplify","Fission"]},{"damage_healed":0,"gold_gain":0,"player_choice":"Ignored","damage_taken":0,"max_hp_gain":0,"max_hp_loss":0,"event_name":"Vampires","floor":20,"gold_loss":0},{"damage_healed":0,"gold_gain":0,"player_choice":"Simplicity","damage_taken":0,"max_hp_gain":0,"max_hp_loss":0,"event_name":"Back to Basics","floor":21,"gold_loss":0,"cards_upgraded":["Strike_B","Strike_B","Defend_B","Defend_B","Defend_B","Defend_B"]},{"damage_healed":0,"gold_gain":0,"player_choice":"Ignored","damage_taken":0,"max_hp_gain":0,"max_hp_loss":0,"event_name":"Cursed Tome","floor":27,"gold_loss":0},{"damage_healed":0,"gold_gain":50,"player_choice":"Pray","damage_taken":0,"max_hp_gain":0,"max_hp_loss":0,"event_name":"Golden Shrine","floor":30,"gold_loss":0}],"is_beta":false,"boss_relics":[{"not_picked":["Lizard Tail","White Beast Statue"],"picked":"Tiny House"}],"items_purged_floors":[],"is_endless":false,"potions_floor_spawned":[6,10,16,18,29,31],"killed_by":"Champ","ascension_level":18}