{"gold_per_floor":[17,33,33,33,52,52,83,83,83,83,98,124,139,139,139,216,216,233,233,233,243,262,262,296,296,296,296],"floor_reached":27,"playtime":1967,"items_purged":[],"score":458,"play_id":"454f4537-7f53-4375-9d7a-4c22bc32e0fd","local_time":"20190329171931","is_ascension_mode":true,"campfire_choices":[{"data":"Hologram","floor":6.0,"key":"SMITH"},{"floor":8.0,"key":"REST"},{"floor":10.0,"key":"REST"},{"data":"Scrape","floor":15.0,"key":"SMITH"},{"data":"Redo","floor":23,"key":"SMITH"}],"neow_cost":"NO_GOLD","seed_source_timestamp":268125730387787,"circlet_count":0,"master_deck":["AscendersBane","Strike_B","Strike_B","Defend_B","Defend_B","Defend_B","Zap","Dualcast","Redo+1","Beam Cell","Go for the Eyes","Hologram+1","FTL","Hologram","Rip and Tear","Electrodynamics","Scrape+1","Rainbow","Gash","RitualDagger","Go for the Eyes"],"special_seed":0,"relics":["Cracked Core","Shuriken","Cables","Pear","Nuclear Battery","Blood Vial","Juzu Bracelet"],"potions_floor_usage":[16,21,24,27],"damage_taken":[{"damage":9.0,"enemies":"Small Slimes","floor":1.0,"turns":4.0},{"damage":0.0,"enemies":"Jaw Worm","floor":2.0,"turns":3.0},{"damage":2.0,"enemies":"2 Louse","floor":5.0,"turns":3.0},{"damage":42.0,"enemies":"Lagavulin","floor":7.0,"turns":7.0},{"damage":8.0,"enemies":"Blue Slaver","floor":11.0,"turns":2.0},{"damage":14.0,"enemies":"3 Sentries","floor":12.0,"turns":5.0},{"damage":1.0,"enemies":"2 Fungi Beasts","floor":13.0,"turns":2.0},{"damage":18,"enemies":"The Guardian","floor":16,"turns":9},{"damage":0,"enemies":"Spheric Guardian","floor":18,"turns":3},{"damage":0,"enemies":"Chosen","floor":21,"turns":4},{"damage":14,"enemies":"Snake Plant","floor":22,"turns":3},{"damage":42,"enemies":"Book of Stabbing","floor":24,"turns":5},{"damage":10,"enemies":"Centurion and Healer","floor":27,"turns":1}],"seed_played":"3309833655866253888","potions_obtained":[{"floor":1.0,"key":"GamblersBrew"},{"floor":11.0,"key":"SpeedPotion"},{"floor":13.0,"key":"Weak Potion"},{"floor":16,"key":"Block Potion"},{"floor":22,"key":"FearPotion"},{"floor":24,"key":"GamblersBrew"}],"is_trial":false,"path_per_floor":["M","M","?","?","M","R","E","R","T","R","M","E","M","?","R","B",null,"M","?","?","M","M","R","E","?","T","M"],"character_chosen":"DEFECT","items_purchased":[],"campfire_rested":2,"item_purchase_floors":[],"current_hp_per_floor":[55,55,48,48,46,46,4,25,25,46,38,34,33,53,53,35,70,70,70,64,64,50,50,8,8,8,0],"gold":296,"neow_bonus":"TRANSFORM_TWO_CARDS","is_prod":false,"is_daily":false,"chose_seed":false,"campfire_upgraded":3,"win_rate":0,"timestamp":1553905171,"path_taken":["M","M","?","?","M","R","E","R","T","R","M","E","M","?","R","BOSS","M","?","?","M","M","R","E","?","T","M"],"build_version":"2019-01-23","purchased_purges":0,"victory":false,"max_hp_per_floor":[71,71,71,71,71,71,71,71,71,71,71,81,81,81,81,81,81,81,81,81,81,81,81,81,78,78,78],"card_choices":[{"not_picked":["Undo","Compile Driver"],"picked":"Go for the Eyes","floor":1.0},{"not_picked":["Coolheaded","Capacitor"],"picked":"Hologram","floor":2.0},{"not_picked":["Auto Shields","Stack"],"picked":"FTL","floor":5.0},{"not_picked":["Ball Lightning","Hello World"],"picked":"Hologram","floor":7.0},{"not_picked":["Recycle","Conserve Battery"],"picked":"Rip and Tear","floor":11.0},{"not_picked":["Multi-Cast","Hello World"],"picked":"Electrodynamics","floor":12.0},{"not_picked":["Undo","Go for the Eyes"],"picked":"Scrape","floor":13.0},{"not_picked":["Meteor Strike","Amplify"],"picked":"Rainbow","floor":16},{"not_picked":["Stack","Reprogram","Turbo"],"picked":"SKIP","floor":18},{"not_picked":["Streamline","Hologram+1"],"picked":"Go for the Eyes","floor":21},{"not_picked":["Go for the Eyes","Cold Snap","Streamline"],"picked":"SKIP","floor":22},{"not_picked":["Force Field","Chaos","Lockon+1"],"picked":"SKIP","floor":24}],"player_experience":807685,"relics_obtained":[{"floor":7.0,"key":"Shuriken"},{"floor":9.0,"key":"Cables"},{"floor":12.0,"key":"Pear"},{"floor":24,"key":"Blood Vial"},{"floor":26,"key":"Juzu Bracelet"}],"event_choices":[{"cards_removed":["Defend_B"],"damage_healed":0.0,"max_hp_gain":0.0,"max_hp_loss":0.0,"gold_gain":0.0,"event_name":"Golden Wing","player_choice":"Card Removal","floor":3.0,"gold_loss":0.0,"damage_taken":7.0},{"damage_healed":0.0,"max_hp_gain":0.0,"max_hp_loss":0.0,"gold_gain":0.0,"event_name":"Liars Game","player_choice":"Ignored","floor":4.0,"gold_loss":0.0,"damage_taken":0.0},{"damage_healed":20.0,"max_hp_gain":0.0,"max_hp_loss":0.0,"gold_gain":0.0,"event_name":"Mushrooms","player_choice":"Healed and dodged fight","floor":14.0,"gold_loss":0.0,"damage_taken":0.0,"cards_obtained":["Parasite"]},{"damage_healed":0,"gold_gain":0,"player_choice":"Read","damage_taken":0,"max_hp_gain":0,"max_hp_loss":0,"event_name":"The Library","floor":19,"gold_loss":0,"cards_obtained":["Gash"]},{"damage_healed":0,"gold_gain":0,"player_choice":"Joined the Cult","damage_taken":6,"max_hp_gain":0,"max_hp_loss":0,"event_name":"Nest","floor":20,"gold_loss":0,"cards_obtained":["RitualDagger"]},{"cards_removed":["Parasite"],"damage_healed":0,"gold_gain":0,"player_choice":"Elegance","damage_taken":0,"max_hp_gain":0,"max_hp_loss":0,"event_name":"Back to Basics","floor":25,"gold_loss":0}],"is_beta":false,"boss_relics":[{"not_picked":["Fusion Hammer","Ectoplasm"],"picked":"Nuclear Battery"}],"items_purged_floors":[],"is_endless":false,"potions_floor_spawned":[1,11,13,16,22,24],"killed_by":"Centurion and Healer","ascension_level":18}