{"gold_per_floor":[116,191,191,141,141,166,166,196,196,208,23,53,63,87,99,216,228,270,282,209,253,265,277,299,311,323,43,58,91,91,104,104,104],"floor_reached":33,"playtime":1981,"items_purged":["Clumsy"],"score":367,"play_id":"932044f5-85b6-4a0f-af87-b44d7515631f","local_time":"20190830211858","is_ascension_mode":true,"campfire_choices":[{"data":"Dualcast","floor":7.0,"key":"SMITH"},{"floor":15.0,"key":"REST"},{"floor":23,"key":"REST"},{"floor":30,"key":"REST"},{"floor":32,"key":"REST"}],"neow_cost":"NONE","seed_source_timestamp":0,"circlet_count":0,"master_deck":["Strike_B","Defend_B","Defend_B","Defend_B","Zap","Dualcast+1","Reinforced Body","Rebound","Go for the Eyes","Beam Cell","Loop","Sweeping Beam","Capacitor","Amplify","Streamline","Go for the Eyes","Biased Cognition","Cold Snap","Stack","Steam Power","Defragment","Storm"],"special_seed":0,"relics":["Cracked Core","NeowsBlessing","Anchor","Dodecahedron","Vajra","Mummified Hand","Happy Flower","Odd Mushroom","MawBank","Cursed Key","Smiling Mask","Red Mask","Bottled Tornado","OrangePellets","Strawberry"],"potions_floor_usage":[21,21,29,29,33],"damage_taken":[{"damage":0.0,"enemies":"Small Slimes","floor":1.0,"turns":1.0},{"damage":0.0,"enemies":"3 Sentries","floor":6.0,"turns":1.0},{"damage":0.0,"enemies":"Lagavulin","floor":8.0,"turns":1.0},{"damage":0.0,"enemies":"2 Louse","floor":10.0,"turns":2.0},{"damage":0.0,"enemies":"The Mushroom Lair","floor":12.0,"turns":4.0},{"damage":0.0,"enemies":"Jaw Worm","floor":13.0,"turns":2.0},{"damage":27.0,"enemies":"Hexaghost","floor":16.0,"turns":11.0},{"damage":13.0,"enemies":"Spheric Guardian","floor":18.0,"turns":4.0},{"damage":38,"enemies":"Masked Bandits","floor":21,"turns":4},{"damage":0,"enemies":"3 Byrds","floor":24,"turns":5},{"damage":2,"enemies":"Cultist and Chosen","floor":28,"turns":4},{"damage":48,"enemies":"Book of Stabbing","floor":29,"turns":6},{"damage":6,"enemies":"Snake Plant","floor":31,"turns":3},{"damage":72,"enemies":"Automaton","floor":33,"turns":8}],"seed_played":"-378871262252191907","potions_obtained":[{"floor":1.0,"key":"Strength Potion"},{"floor":6.0,"key":"Weak Potion"},{"floor":13.0,"key":"Regen Potion"},{"floor":16.0,"key":"LiquidBronze"},{"floor":28,"key":"Regen Potion"},{"floor":29,"key":"GamblersBrew"},{"floor":31,"key":"SteroidPotion"}],"is_trial":false,"path_per_floor":["M","?","?","?","?","E","R","E","T","M","$","?","M","T","R","B",null,"M","?","?","?","?","R","M","?","T","$","M","E","R","M","R","B"],"character_chosen":"DEFECT","items_purchased":["Loop","Happy Flower","OrangePellets","Steam Power"],"campfire_rested":4,"item_purchase_floors":[11,11,27,27],"current_hp_per_floor":[75,64,64,64,57,57,57,57,57,57,57,57,57,57,75,48,75,62,62,62,29,29,51,51,51,51,51,49,22,46,40,64,0],"gold":104,"neow_bonus":"THREE_ENEMY_KILL","is_prod":false,"is_daily":false,"chose_seed":false,"campfire_upgraded":1,"win_rate":0,"timestamp":1567214338,"path_taken":["M","?","?","?","?","E","R","E","T","M","?","?","?","?","R","BOSS","M","?","?","?","?","R","M","?","T","$","M","E","R","M","R","BOSS"],"build_version":"2019-07-17","purchased_purges":1,"victory":false,"max_hp_per_floor":[75,75,75,75,75,75,75,75,75,75,75,75,75,75,75,75,75,75,75,75,75,75,75,75,75,75,75,75,82,82,82,82,82],"card_choices":[{"not_picked":["Heatsinks","Turbo"],"picked":"Reinforced Body","floor":1.0},{"not_picked":["Chaos","Leap"],"picked":"Go for the Eyes","floor":6.0},{"not_picked":["Chaos","Leap"],"picked":"Beam Cell","floor":8.0},{"not_picked":["Blizzard","Stack","Compile Driver"],"picked":"SKIP","floor":10.0},{"not_picked":["Gash","Compile Driver"],"picked":"Sweeping Beam","floor":12.0},{"not_picked":["Sweeping Beam","Beam Cell"],"picked":"Capacitor","floor":13.0},{"not_picked":["Biased Cognition","Meteor Strike"],"picked":"Amplify","floor":16.0},{"not_picked":["Rebound","Double Energy"],"picked":"Streamline","floor":18},{"not_picked":["Steam Power","Barrage"],"picked":"Go for the Eyes","floor":21},{"not_picked":["Reinforced Body","Loop"],"picked":"Stack","floor":24},{"not_picked":["Beam Cell","Skim"],"picked":"Defragment","floor":28},{"not_picked":["Gash+1","FTL"],"picked":"Storm","floor":29},{"not_picked":["Recycle","Reinforced Body","Turbo"],"picked":"SKIP","floor":31}],"player_experience":267304,"relics_obtained":[{"floor":6.0,"key":"Dodecahedron"},{"floor":8.0,"key":"Vajra"},{"floor":9.0,"key":"Mummified Hand"},{"floor":12.0,"key":"Odd Mushroom"},{"floor":14.0,"key":"MawBank"},{"floor":21,"key":"Red Mask"},{"floor":26,"key":"Bottled Tornado"},{"floor":29,"key":"Strawberry"}],"event_choices":[{"damage_healed":0.0,"max_hp_gain":0.0,"max_hp_loss":0.0,"gold_gain":75.0,"event_name":"World of Goop","player_choice":"Gather Gold","floor":2.0,"gold_loss":0.0,"damage_taken":11.0},{"damage_healed":0.0,"max_hp_gain":0.0,"max_hp_loss":0.0,"gold_gain":0.0,"cards_transformed":["Strike_B"],"event_name":"Living Wall","player_choice":"Change","floor":3.0,"gold_loss":0.0,"damage_taken":0.0,"cards_obtained":["Rebound"]},{"cards_removed":["Defend_B"],"damage_healed":0.0,"max_hp_gain":0.0,"max_hp_loss":0.0,"gold_gain":0.0,"event_name":"The Cleric","player_choice":"Card Removal","floor":4.0,"gold_loss":50.0,"damage_taken":0.0},{"damage_healed":0.0,"max_hp_gain":0.0,"max_hp_loss":0.0,"gold_gain":0.0,"event_name":"Scrap Ooze","player_choice":"Success","floor":5.0,"gold_loss":0.0,"damage_taken":7.0,"relics_obtained":["Anchor"]},{"damage_healed":0.0,"max_hp_gain":0.0,"max_hp_loss":0.0,"gold_gain":0.0,"event_name":"Mushrooms","player_choice":"Fought Mushrooms","floor":12.0,"gold_loss":0.0,"damage_taken":0.0},{"damage_healed":0,"gold_gain":0,"player_choice":"Ignored","damage_taken":0,"max_hp_gain":0,"max_hp_loss":0,"event_name":"The Mausoleum","floor":19,"gold_loss":0},{"damage_healed":0,"gold_gain":0,"player_choice":"Obtained Relic","damage_taken":0,"relics_obtained":["Smiling Mask"],"max_hp_gain":0,"max_hp_loss":0,"event_name":"Addict","floor":20,"gold_loss":85},{"damage_healed":0,"gold_gain":0,"player_choice":"Fought Bandits","damage_taken":0,"max_hp_gain":0,"max_hp_loss":0,"event_name":"Masked Bandits","floor":21,"gold_loss":0},{"damage_healed":0,"gold_gain":0,"cards_transformed":["Strike_B","Strike_B"],"player_choice":"Became Test Subject","damage_taken":0,"max_hp_gain":0,"max_hp_loss":0,"event_name":"Drug Dealer","floor":22,"gold_loss":0,"cards_obtained":["Biased Cognition","Cold Snap"]},{"damage_healed":0,"gold_gain":0,"player_choice":"Ignored","damage_taken":0,"max_hp_gain":0,"max_hp_loss":0,"event_name":"Beggar","floor":25,"gold_loss":0}],"is_beta":false,"boss_relics":[{"not_picked":["Nuclear Battery","Astrolabe"],"picked":"Cursed Key"}],"items_purged_floors":[27],"is_endless":false,"potions_floor_spawned":[1,6,13,16,28,29,31],"killed_by":"Automaton","ascension_level":3}