{"gold_per_floor":[113,113,113,128,142,142,155,155,155,167,186,60,60,82,82,182,182,200,115,61,61,78,78,91,91,91,91,106,106,106,136,136,241,241,256,82,102,115,130,130,230,242,242,242,269,269,269,94,94,94],"floor_reached":51,"playtime":2381,"items_purged":["Defend_G","Strike_G","Pain"],"score":735,"play_id":"8f49add7-901a-49dd-a7dd-a9205a2cf19c","local_time":"20190917021157","is_ascension_mode":false,"campfire_choices":[{"data":"Neutralize","floor":6.0,"key":"SMITH"},{"floor":8.0,"key":"REST"},{"data":"Cloak And Dagger","floor":13,"key":"SMITH"},{"floor":15,"key":"REST"},{"data":"Blade Dance","floor":23,"key":"SMITH"},{"data":"After Image","floor":25,"key":"SMITH"},{"data":"Adrenaline","floor":30,"key":"SMITH"},{"data":"Cloak And Dagger","floor":32,"key":"SMITH"},{"data":"Accuracy","floor":40,"key":"SMITH"},{"data":"Terror","floor":44,"key":"SMITH"},{"data":"Bullet Time","floor":46,"key":"SMITH"},{"floor":49,"key":"REST"}],"neow_cost":"NONE","seed_source_timestamp":401742712732400,"circlet_count":0,"master_deck":["Strike_G","Strike_G+1","Defend_G","Defend_G+1","Defend_G","Survivor","Neutralize+1","Accuracy+1","Infinite Blades","Cloak And Dagger+1","After Image+1","Adrenaline+1","Blade Dance+1","Leg Sweep","Cloak And Dagger+1","Blade Dance+1","Die Die Die+1","Accuracy","Terror+1","Bullet Time+1","Masterful Stab+1","Acrobatics+1"],"special_seed":0,"relics":["Ring of the Snake","NeowsBlessing","Singing Bowl","Pantograph","Odd Mushroom","Empty Cage","Molten Egg 2","Du-Vu Doll","WarpedTongs","Darkstone Periapt","WristBlade","TungstenRod","Gremlin Horn","Dream Catcher"],"potions_floor_usage":[10,31,50,50,50],"damage_taken":[{"damage":0.0,"enemies":"2 Louse","floor":1.0,"turns":1.0},{"damage":0.0,"enemies":"Small Slimes","floor":4.0,"turns":1.0},{"damage":0.0,"enemies":"Jaw Worm","floor":5.0,"turns":1.0},{"damage":14.0,"enemies":"Large Slime","floor":7.0,"turns":10.0},{"damage":3,"enemies":"Gremlin Gang","floor":10,"turns":7},{"damage":13,"enemies":"Exordium Thugs","floor":11,"turns":8},{"damage":13,"enemies":"The Mushroom Lair","floor":14,"turns":5},{"damage":38,"enemies":"Slime Boss","floor":16,"turns":10},{"damage":0,"enemies":"Chosen","floor":18,"turns":5},{"damage":5,"enemies":"Shell Parasite","floor":22,"turns":6},{"damage":3,"enemies":"Shelled Parasite and Fungi","floor":24,"turns":8},{"damage":0,"enemies":"3 Cultists","floor":28,"turns":5},{"damage":3,"enemies":"Book of Stabbing","floor":31,"turns":6},{"damage":37,"enemies":"Collector","floor":33,"turns":10},{"damage":0,"enemies":"Orb Walker","floor":35,"turns":2},{"damage":3,"enemies":"3 Shapes","floor":37,"turns":4},{"damage":16,"enemies":"Sphere and 2 Shapes","floor":38,"turns":4},{"damage":11,"enemies":"Maw","floor":39,"turns":7},{"damage":23,"enemies":"Mind Bloom Boss Battle","floor":41,"turns":6},{"damage":0,"enemies":"Spire Growth","floor":42,"turns":5},{"damage":11,"enemies":"Nemesis","floor":45,"turns":5},{"damage":45,"enemies":"Time Eater","floor":50,"turns":13}],"seed_played":"7474863482910547782","potions_obtained":[{"floor":5.0,"key":"Poison Potion"},{"floor":14,"key":"FearPotion"},{"floor":16,"key":"FearPotion"},{"floor":28,"key":"Block Potion"},{"floor":35,"key":"SkillPotion"},{"floor":37,"key":"GhostInAJar"},{"floor":41,"key":"Dexterity Potion"}],"is_trial":false,"path_per_floor":["M","?","?","M","M","R","M","R","T","M","M","$","R","?","R","B",null,"M","?","$","?","M","R","M","R","T","?","M","?","R","E","R","B",null,"M","$","M","M","M","R","?","M","T","R","E","R","?","$","R","B",null],"character_chosen":"THE_SILENT","items_purchased":["Cloak And Dagger","Blade Dance","Accuracy","Dexterity Potion"],"campfire_rested":3,"item_purchase_floors":[12,20,36,48],"current_hp_per_floor":[70,52,38,40,42,42,28,50,50,47,36,36,36,23,45,32,76,78,78,78,78,73,73,72,72,72,72,72,72,72,71,71,45,82,84,84,83,69,60,60,62,64,64,64,53,53,53,53,80,47],"gold":94,"neow_bonus":"THREE_ENEMY_KILL","is_prod":false,"is_daily":false,"chose_seed":false,"campfire_upgraded":9,"win_rate":0,"timestamp":1568653917,"path_taken":["M","?","?","M","M","R","M","R","T","M","M","$","R","?","R","BOSS","M","?","$","?","M","R","M","R","T","?","M","?","R","E","R","BOSS","M","$","M","M","?","R","?","M","T","R","E","R","?","$","R","BOSS"],"build_version":"2019-09-12","purchased_purges":3,"victory":true,"max_hp_per_floor":[70,70,70,72,74,74,74,74,74,74,76,76,76,76,76,76,76,78,78,78,78,78,78,80,80,80,80,80,80,80,82,82,82,82,84,84,86,88,90,90,90,92,92,92,92,92,92,92,92,92],"card_choices":[{"not_picked":["Outmaneuver","Sucker Punch","Flying Knee"],"picked":"SKIP","floor":1.0},{"not_picked":["Concentrate","Quick Slash","Masterful Stab"],"picked":"Singing Bowl","floor":4.0},{"not_picked":["Prepared","Quick Slash","Outmaneuver"],"picked":"Singing Bowl","floor":5.0},{"not_picked":["Dodge and Roll","Poisoned Stab"],"picked":"Accuracy","floor":7.0},{"not_picked":["Blade Dance","Dodge and Roll"],"picked":"Infinite Blades","floor":10},{"not_picked":["Dagger Spray","Finisher","Bane"],"picked":"Singing Bowl","floor":11},{"not_picked":["Distraction","Expertise"],"picked":"After Image","floor":14},{"not_picked":["Night Terror","Glass Knife"],"picked":"Adrenaline","floor":16},{"not_picked":["Dagger Throw","Acrobatics","Prepared"],"picked":"Singing Bowl","floor":18},{"not_picked":["Deadly Poison","Predator+1"],"picked":"Leg Sweep","floor":22},{"not_picked":["Poisoned Stab+1","Finisher+1","Backflip"],"picked":"Singing Bowl","floor":24},{"not_picked":["A Thousand Cuts","Acrobatics"],"picked":"Blade Dance+1","floor":28},{"not_picked":["Catalyst","Underhanded Strike+1","Endless Agony+1"],"picked":"Singing Bowl","floor":31},{"not_picked":["Storm of Steel","Glass Knife+1"],"picked":"Die Die Die+1","floor":33},{"not_picked":["Finisher+1","Blade Dance+1","Poisoned Stab+1"],"picked":"Singing Bowl","floor":35},{"not_picked":["Flying Knee+1","Underhanded Strike+1","Tools of the Trade"],"picked":"Singing Bowl","floor":37},{"not_picked":["Riddle With Holes+1","Sucker Punch+1","Dodge and Roll+1"],"picked":"Singing Bowl","floor":38},{"not_picked":["Outmaneuver+1","Well Laid Plans","Deadly Poison+1"],"picked":"Singing Bowl","floor":39},{"not_picked":["Dagger Spray+1","PiercingWail+1"],"picked":"Terror","floor":41},{"not_picked":["Terror+1","Flying Knee+1","Outmaneuver"],"picked":"Singing Bowl","floor":42},{"not_picked":["Endless Agony+1","Poisoned Stab+1"],"picked":"Bullet Time","floor":45},{"not_picked":["Poisoned Stab+1","Sucker Punch+1"],"picked":"Acrobatics+1","floor":49}],"player_experience":471139,"relics_obtained":[{"floor":9.0,"key":"Pantograph"},{"floor":14,"key":"Odd Mushroom"},{"floor":26,"key":"Du-Vu Doll"},{"floor":31,"key":"Darkstone Periapt"},{"floor":41,"key":"TungstenRod"},{"floor":43,"key":"Gremlin Horn"},{"floor":45,"key":"Dream Catcher"}],"event_choices":[{"damage_healed":0.0,"max_hp_gain":0.0,"max_hp_loss":0.0,"gold_gain":0.0,"event_name":"Scrap Ooze","player_choice":"Success","floor":2.0,"gold_loss":0.0,"damage_taken":18.0,"relics_obtained":["Singing Bowl"]},{"damage_healed":0.0,"max_hp_gain":0.0,"max_hp_loss":0.0,"gold_gain":0.0,"event_name":"Shining Light","player_choice":"Entered Light","floor":3.0,"gold_loss":0.0,"damage_taken":14.0,"cards_upgraded":["Defend_G","Strike_G"]},{"damage_healed":0,"gold_gain":0,"player_choice":"Fought Mushrooms","damage_taken":0,"max_hp_gain":0,"max_hp_loss":0,"event_name":"Mushrooms","floor":14,"gold_loss":0},{"damage_healed":0,"gold_gain":0,"player_choice":"Obtained Relic","damage_taken":0,"relics_obtained":["Molten Egg 2"],"max_hp_gain":0,"max_hp_loss":0,"event_name":"Addict","floor":19,"gold_loss":85},{"damage_healed":0,"gold_gain":0,"player_choice":"Ignored","damage_taken":0,"max_hp_gain":0,"max_hp_loss":0,"event_name":"Vampires","floor":21,"gold_loss":0},{"damage_healed":0,"gold_gain":0,"player_choice":"Read","damage_taken":0,"max_hp_gain":0,"max_hp_loss":0,"event_name":"The Library","floor":27,"gold_loss":0,"cards_obtained":["Cloak And Dagger"]},{"damage_healed":0,"gold_gain":0,"player_choice":"Rummage","damage_taken":0,"relics_obtained":["WarpedTongs"],"max_hp_gain":0,"max_hp_loss":0,"event_name":"Accursed Blacksmith","floor":29,"gold_loss":0,"cards_obtained":["Pain"]},{"damage_healed":0,"gold_gain":0,"player_choice":"Fight","damage_taken":0,"max_hp_gain":0,"max_hp_loss":0,"event_name":"MindBloom","floor":41,"gold_loss":0},{"damage_healed":0,"gold_gain":0,"cards_transformed":["Strike_G"],"player_choice":"Transformed","damage_taken":0,"max_hp_gain":0,"max_hp_loss":0,"event_name":"Transmorgrifier","floor":47,"gold_loss":0,"cards_obtained":["Masterful Stab"]}],"is_beta":true,"boss_relics":[{"not_picked":["HoveringKite","Astrolabe"],"picked":"Empty Cage"},{"not_picked":["Cursed Key","Snecko Eye"],"picked":"WristBlade"}],"items_purged_floors":[12,36,48],"is_endless":false,"potions_floor_spawned":[5,14,16,28,35,37,41],"ascension_level":0}