{"gold_per_floor":[113,129,71,89,102,102,102,102,102,127,147,185,185,205,205,205],"floor_reached":16,"playtime":873,"items_purged":[],"score":192,"play_id":"03bf43d0-5848-40fe-9ed2-2fb1af9a9690","local_time":"20190205025604","is_ascension_mode":true,"campfire_choices":[{"data":"Combust","floor":8,"key":"SMITH"},{"data":"Shockwave","floor":13,"key":"SMITH"},{"data":"Flame Barrier","floor":15,"key":"SMITH"}],"neow_cost":"NONE","seed_source_timestamp":274673272859039,"circlet_count":0,"master_deck":["AscendersBane","Strike_R","Strike_R","Strike_R","Strike_R","Strike_R","Defend_R","Defend_R","Defend_R","Defend_R","Bash","Sever Soul","Combust+1","Clash","Clash","Shockwave+1","Ghostly Armor","Flame Barrier+1"],"relics":["Burning Blood","Kunai","Golden Idol","Shuriken","Ancient Tea Set"],"potions_floor_usage":[11,12,16,16],"damage_taken":[{"damage":5,"enemies":"2 Louse","floor":1,"turns":3},{"damage":3,"enemies":"Cultist","floor":2,"turns":3},{"damage":1,"enemies":"Small Slimes","floor":4,"turns":3},{"damage":10,"enemies":"Blue Slaver","floor":5,"turns":3},{"damage":16,"enemies":"Exordium Wildlife","floor":10,"turns":3},{"damage":7,"enemies":"Red Slaver","floor":11,"turns":4},{"damage":17,"enemies":"Gremlin Nob","floor":12,"turns":4},{"damage":13,"enemies":"Gremlin Gang","floor":14,"turns":3},{"damage":37,"enemies":"Slime Boss","floor":16,"turns":7}],"seed_played":"4914356834858702743","potions_obtained":[{"floor":1,"key":"Ancient Potion"},{"floor":4,"key":"Weak Potion"},{"floor":11,"key":"Block Potion"},{"floor":12,"key":"SpeedPotion"}],"is_trial":false,"path_per_floor":["M","M","?","M","M","?","?","R","T","M","M","E","R","M","R","B"],"character_chosen":"IRONCLAD","items_purchased":[],"campfire_rested":0,"item_purchase_floors":[],"current_hp_per_floor":[69,72,72,75,71,68,64,64,64,54,53,42,42,35,35,0],"gold":205,"neow_bonus":"THREE_CARDS","is_prod":false,"is_daily":false,"chose_seed":false,"campfire_upgraded":3,"win_rate":0,"timestamp":1549364164,"path_taken":["M","M","?","?","M","?","?","R","T","M","?","E","R","M","R","BOSS"],"build_version":"2019-01-23","purchased_purges":0,"victory":false,"max_hp_per_floor":[75,75,75,75,75,68,68,68,68,68,68,68,68,68,68,68],"card_choices":[{"not_picked":["Havoc","Spot Weakness"],"picked":"Sever Soul","floor":0},{"not_picked":["Second Wind","Cleave"],"picked":"Combust","floor":1},{"not_picked":["Disarm","Cleave"],"picked":"Clash","floor":2},{"not_picked":["Pommel Strike","Sword Boomerang"],"picked":"Clash","floor":4},{"not_picked":["Clash","Bloodletting"],"picked":"Shockwave","floor":5},{"not_picked":["Flex","Wild Strike","Perfected Strike"],"picked":"SKIP","floor":10},{"not_picked":["Shockwave","Fire Breathing","Entrench"],"picked":"SKIP","floor":11},{"not_picked":["Body Slam","Whirlwind"],"picked":"Ghostly Armor","floor":12},{"not_picked":["Thunderclap","Heavy Blade"],"picked":"Flame Barrier","floor":14}],"player_experience":553209,"relics_obtained":[{"floor":9,"key":"Shuriken"},{"floor":12,"key":"Ancient Tea Set"}],"event_choices":[{"damage_healed":0,"gold_gain":0,"player_choice":"Paid Gold","damage_taken":0,"relics_obtained":["Kunai"],"max_hp_gain":0,"max_hp_loss":0,"event_name":"WeMeetAgain","floor":3,"gold_loss":58},{"damage_healed":0,"gold_gain":0,"player_choice":"Lose Max HP","damage_taken":0,"relics_obtained":["Golden Idol"],"max_hp_gain":0,"max_hp_loss":7,"event_name":"Golden Idol","floor":6,"gold_loss":0},{"damage_healed":0,"gold_gain":0,"player_choice":"Bought 0 Potions","damage_taken":0,"max_hp_gain":0,"max_hp_loss":0,"event_name":"The Woman in Blue","floor":7,"gold_loss":0}],"is_beta":false,"boss_relics":[],"items_purged_floors":[],"is_endless":false,"potions_floor_spawned":[1,4,11,12],"killed_by":"Slime Boss","ascension_level":17}