{"gold_per_floor":[15,32,32,32,32,42,67,87,87,111,111,125,125,141,141,141],"floor_reached":16,"playtime":1868,"items_purged":[],"score":122,"play_id":"f159f6e2-6cd0-4108-a53f-4016893661dd","local_time":"20190916175744","is_ascension_mode":true,"campfire_choices":[{"floor":11,"key":"REST"},{"floor":13,"key":"RECALL"},{"floor":15,"key":"REST"}],"neow_cost":"NO_GOLD","seed_source_timestamp":0,"circlet_count":0,"master_deck":["Strike_G","Strike_G","Strike_G","Strike_G","Defend_G","Defend_G","Defend_G","Defend_G","Survivor","Neutralize","Backflip","Backflip","Deadly Poison","Footwork","Acrobatics","Backflip","PiercingWail"],"special_seed":0,"relics":["Ring of the Snake","Paper Crane","Dodecahedron","Potion Belt"],"potions_floor_usage":[16],"damage_taken":[{"damage":0.0,"enemies":"Cultist","floor":1.0,"turns":5.0},{"damage":0,"enemies":"Small Slimes","floor":2,"turns":5},{"damage":5,"enemies":"Jaw Worm","floor":6,"turns":6},{"damage":23,"enemies":"Lagavulin","floor":7,"turns":10},{"damage":0,"enemies":"Blue Slaver","floor":8,"turns":5},{"damage":2,"enemies":"Red Slaver","floor":12,"turns":6},{"damage":16,"enemies":"Large Slime","floor":14,"turns":9},{"damage":64,"enemies":"Hexaghost","floor":16,"turns":16}],"seed_played":"7287825322270806143","potions_obtained":[{"floor":2,"key":"SmokeBomb"},{"floor":12,"key":"FearPotion"},{"floor":14,"key":"GamblersBrew"}],"is_trial":false,"path_per_floor":["M","M","?","?","$","M","E","M","T","T","R","M","R","M","R","B"],"character_chosen":"THE_SILENT","items_purchased":[],"campfire_rested":2,"item_purchase_floors":[],"current_hp_per_floor":[70,70,67,67,67,62,39,39,39,39,60,58,58,42,63,0],"gold":141,"neow_bonus":"REMOVE_TWO","is_prod":false,"is_daily":false,"chose_seed":false,"campfire_upgraded":0,"win_rate":0,"timestamp":1568674664,"path_taken":["M","?","?","?","?","M","E","M","T","?","R","?","R","M","R","BOSS"],"build_version":"2019-07-17","purchased_purges":0,"victory":false,"max_hp_per_floor":[70,70,70,70,70,70,70,70,70,70,70,70,70,70,70,70],"card_choices":[{"not_picked":["Deadly Poison","Flying Knee"],"picked":"Backflip","floor":1.0},{"not_picked":["Dagger Spray","Bouncing Flask"],"picked":"Backflip","floor":2},{"not_picked":["Blade Dance","Sucker Punch"],"picked":"Deadly Poison","floor":6},{"not_picked":["Underhanded Strike","Backflip"],"picked":"Footwork","floor":7},{"not_picked":["Underhanded Strike","Dagger Throw"],"picked":"Acrobatics","floor":8},{"not_picked":["Bane","Prepared"],"picked":"Backflip","floor":12},{"not_picked":["Blade Dance","Setup"],"picked":"PiercingWail","floor":14}],"player_experience":408793,"relics_obtained":[{"floor":7,"key":"Dodecahedron"},{"floor":10,"key":"Potion Belt"}],"event_choices":[{"damage_healed":0,"gold_gain":0,"player_choice":"Success","damage_taken":3,"relics_obtained":["Paper Crane"],"max_hp_gain":0,"max_hp_loss":0,"event_name":"Scrap Ooze","floor":3,"gold_loss":0},{"damage_healed":0,"gold_gain":0,"player_choice":"Ignored","damage_taken":0,"max_hp_gain":0,"max_hp_loss":0,"event_name":"Liars Game","floor":4,"gold_loss":0}],"is_beta":false,"boss_relics":[],"items_purged_floors":[],"is_endless":false,"potions_floor_spawned":[2,12,14],"killed_by":"Hexaghost","ascension_level":4}