{"gold_per_floor":[109,121,46,65,65,65,65,65,114,114,129,148,108,120,120,225,225,241,241,241,2,2,36,36,36,36,36,68,68,68,86,86,183,183,198,198,198],"floor_reached":37,"playtime":3073,"items_purged":["Strike_B"],"score":418,"play_id":"2857b573-fd32-4799-841f-5c4f29e4755d","local_time":"20190831002545","is_ascension_mode":false,"campfire_choices":[{"data":"Zap","floor":6,"key":"SMITH"},{"data":"Hologram","floor":8,"key":"SMITH"},{"data":"Loop","floor":10,"key":"SMITH"},{"data":"Defragment","floor":15,"key":"SMITH"},{"data":"Echo Form","floor":25,"key":"SMITH"},{"data":"Ghostly","floor":29,"key":"SMITH"},{"data":"Ghostly","floor":32,"key":"SMITH"}],"neow_cost":"NONE","seed_source_timestamp":324441985224745,"circlet_count":0,"master_deck":["Strike_B+1","Strike_B+1","Defend_B+1","Defend_B+1","Defend_B+1","Defend_B+1","Zap+1","Dualcast","Hologram+1","Reinforced Body","Loop+1","FTL","Melter","Self Repair","Defragment+1","Buffer","Echo Form+1","Ball Lightning+1","J.A.X.","Ghostly+1","Ghostly+1","Ghostly","Ghostly","Ghostly","Consume","Streamline","Conserve Battery","Rainbow","Coolheaded+1","Conserve Battery"],"relics":["Cracked Core","Art of War","Inserter","Mummified Hand","Juzu Bracelet","Prayer Wheel","Ancient Tea Set","Fusion Hammer"],"potions_floor_usage":[16,18,23,28,33],"damage_taken":[{"damage":5,"enemies":"Small Slimes","floor":1,"turns":3},{"damage":0,"enemies":"Jaw Worm","floor":2,"turns":4},{"damage":1,"enemies":"Cultist","floor":4,"turns":4},{"damage":8,"enemies":"Exordium Wildlife","floor":11,"turns":4},{"damage":2,"enemies":"Blue Slaver","floor":12,"turns":3},{"damage":0,"enemies":"Looter","floor":14,"turns":3},{"damage":25,"enemies":"Hexaghost","floor":16,"turns":8},{"damage":30,"enemies":"2 Thieves","floor":18,"turns":4},{"damage":35,"enemies":"Slavers","floor":23,"turns":8},{"damage":1,"enemies":"Book of Stabbing","floor":28,"turns":6},{"damage":2,"enemies":"Shell Parasite","floor":31,"turns":4},{"damage":16,"enemies":"Automaton","floor":33,"turns":10},{"damage":15,"enemies":"Orb Walker","floor":35,"turns":4},{"damage":29,"enemies":"3 Darklings","floor":37,"turns":4}],"seed_played":"7529289552379172590","potions_obtained":[{"floor":1,"key":"Energy Potion"},{"floor":11,"key":"FearPotion"},{"floor":14,"key":"Block Potion"},{"floor":18,"key":"FearPotion"},{"floor":31,"key":"EssenceOfSteel"}],"is_trial":false,"path_per_floor":["M","M","$","M","?","R","?","R","T","R","M","M","$","M","R","B",null,"M","?","?","$","?","E","?","R","T","$","E","R","?","M","R","B",null,"M","?","M"],"character_chosen":"DEFECT","items_purchased":["Defragment","Mummified Hand"],"campfire_rested":0,"item_purchase_floors":[13,21],"current_hp_per_floor":[70,70,70,69,74,74,74,74,74,74,66,64,64,71,71,53,80,57,57,40,40,40,12,12,12,12,12,25,25,25,30,30,21,40,25,25,0],"gold":198,"neow_bonus":"THREE_CARDS","is_prod":false,"is_daily":false,"chose_seed":false,"campfire_upgraded":7,"win_rate":0,"timestamp":1567225545,"path_taken":["M","M","$","M","?","R","?","R","T","R","M","M","$","M","R","BOSS","M","?","?","$","?","E","?","R","T","$","E","R","?","M","R","BOSS","M","?","M"],"build_version":"2019-07-17","purchased_purges":1,"victory":false,"max_hp_per_floor":[75,75,75,75,80,80,80,80,80,80,80,80,80,80,80,80,80,80,80,40,40,40,40,40,40,40,40,40,40,40,40,40,40,40,40,40,40],"card_choices":[{"not_picked":["Coolheaded","Beam Cell"],"picked":"Hologram","floor":0},{"not_picked":["Gash","Ball Lightning"],"picked":"Reinforced Body","floor":1},{"not_picked":["Beam Cell","Steam"],"picked":"Loop","floor":2},{"not_picked":["Barrage","Hello World"],"picked":"FTL","floor":4},{"not_picked":["Steam","Coolheaded"],"picked":"Melter","floor":11},{"not_picked":["Sweeping Beam","Scrape"],"picked":"Self Repair","floor":12},{"not_picked":["Barrage","Beam Cell"],"picked":"Buffer","floor":14},{"not_picked":["Rainbow","All For One"],"picked":"Echo Form","floor":16},{"not_picked":["Coolheaded+1","Blizzard+1"],"picked":"Ball Lightning+1","floor":18},{"not_picked":["Heatsinks+1","Streamline"],"picked":"Consume","floor":23},{"not_picked":["Coolheaded","Chill"],"picked":"Streamline","floor":28},{"not_picked":["Heatsinks+1","Aggregate+1"],"picked":"Conserve Battery","floor":31},{"not_picked":["Sunder","Genetic Algorithm+1","Go for the Eyes"],"picked":"SKIP","floor":31},{"not_picked":["Seek","Thunder Strike"],"picked":"Rainbow","floor":33},{"not_picked":["Melter","Hologram"],"picked":"Coolheaded+1","floor":35},{"not_picked":["Ball Lightning","Steam Power+1"],"picked":"Conserve Battery","floor":35}],"player_experience":206999,"relics_obtained":[{"floor":9,"key":"Art of War"},{"floor":23,"key":"Juzu Bracelet"},{"floor":26,"key":"Prayer Wheel"},{"floor":28,"key":"Ancient Tea Set"}],"event_choices":[{"damage_healed":0,"gold_gain":0,"player_choice":"Donut","damage_taken":0,"max_hp_gain":5,"max_hp_loss":0,"event_name":"Big Fish","floor":5,"gold_loss":0},{"cards_removed":["Strike_B"],"damage_healed":0,"gold_gain":0,"player_choice":"Purged","damage_taken":0,"max_hp_gain":0,"max_hp_loss":0,"event_name":"Purifier","floor":7,"gold_loss":0},{"damage_healed":0,"gold_gain":0,"player_choice":"Obtain J.A.X.","damage_taken":0,"max_hp_gain":0,"max_hp_loss":0,"event_name":"Drug Dealer","floor":19,"gold_loss":0,"cards_obtained":["J.A.X."]},{"damage_healed":0,"gold_gain":0,"player_choice":"Became a Ghost","damage_taken":0,"max_hp_gain":0,"max_hp_loss":40,"event_name":"Ghosts","floor":20,"gold_loss":0,"cards_obtained":["Ghostly","Ghostly","Ghostly","Ghostly","Ghostly"]},{"damage_healed":0,"gold_gain":0,"player_choice":"Simplicity","damage_taken":0,"max_hp_gain":0,"max_hp_loss":0,"event_name":"Back to Basics","floor":24,"gold_loss":0,"cards_upgraded":["Strike_B","Strike_B","Defend_B","Defend_B","Defend_B","Defend_B"]},{"damage_healed":0,"gold_gain":0,"player_choice":"Ignored","damage_taken":0,"max_hp_gain":0,"max_hp_loss":0,"event_name":"The Mausoleum","floor":30,"gold_loss":0},{"damage_healed":0,"gold_gain":0,"player_choice":"Ignored","damage_taken":0,"max_hp_gain":0,"max_hp_loss":0,"event_name":"Tomb of Lord Red Mask","floor":36,"gold_loss":0}],"is_beta":false,"boss_relics":[{"not_picked":["Calling Bell","Runic Dome"],"picked":"Inserter"},{"not_picked":["Astrolabe","Orrery"],"picked":"Fusion Hammer"}],"items_purged_floors":[3],"is_endless":false,"potions_floor_spawned":[1,11,14,18,31],"killed_by":"3 Darklings","ascension_level":0}