{"gold_per_floor":[109,109,109,10,25,58,85,10,10,22,22,33,33,46,46,123,123,133,149,167,177,177,177],"floor_reached":23,"playtime":1650,"items_purged":[],"score":414,"play_id":"f2cc4a0d-67df-4377-86f4-f0bab37ec0dc","local_time":"20190212202252","is_ascension_mode":true,"campfire_choices":[{"data":"Armaments","floor":11,"key":"SMITH"},{"data":"Bash","floor":13,"key":"SMITH"},{"data":"Inflame","floor":15,"key":"SMITH"}],"neow_cost":"NONE","seed_source_timestamp":17344347738526,"circlet_count":0,"master_deck":["AscendersBane","Strike_R","Strike_R","Strike_R","Strike_R+1","Defend_R","Defend_R","Defend_R","Bash+1","Armaments+1","Discovery+1","Iron Wave+1","Clash","Blood for Blood","Inflame+1","Dropkick","True Grit+1","Reaper","Flex+1","Uppercut","Twin Strike+1","Disarm+1","J.A.X.+1"],"relics":["Burning Blood","NeowsBlessing","Toxic Egg 2","Whetstone","Odd Mushroom","Shuriken","Coffee Dripper"],"potions_floor_usage":[7,19,23],"damage_taken":[{"damage":0,"enemies":"2 Louse","floor":1,"turns":1},{"damage":0,"enemies":"Small Slimes","floor":5,"turns":1},{"damage":0,"enemies":"3 Sentries","floor":6,"turns":2},{"damage":11,"enemies":"The Mushroom Lair","floor":7,"turns":5},{"damage":2,"enemies":"Jaw Worm","floor":10,"turns":3},{"damage":6,"enemies":"Looter","floor":12,"turns":2},{"damage":6,"enemies":"3 Louse","floor":14,"turns":2},{"damage":44,"enemies":"Hexaghost","floor":16,"turns":8},{"damage":23,"enemies":"2 Thieves","floor":18,"turns":5},{"damage":0,"enemies":"Chosen","floor":19,"turns":2},{"damage":37,"enemies":"3 Cultists","floor":20,"turns":6},{"damage":16,"enemies":"Centurion and Healer","floor":21,"turns":4},{"damage":64,"enemies":"Gremlin Leader","floor":23,"turns":5}],"seed_played":"8059095596479108050","potions_obtained":[{"floor":5,"key":"Dexterity Potion"},{"floor":10,"key":"Ancient Potion"},{"floor":20,"key":"PowerPotion"}],"is_trial":false,"path_per_floor":["M","?","?","$","M","E","?","?","T","M","R","M","R","M","R","B",null,"M","M","M","M","?","E"],"character_chosen":"IRONCLAD","items_purchased":["Discovery+1"],"campfire_rested":0,"item_purchase_floors":[4],"current_hp_per_floor":[74,56,49,49,55,61,56,56,56,60,60,60,60,60,60,22,62,63,75,54,44,44,0],"gold":177,"neow_bonus":"THREE_ENEMY_KILL","is_prod":false,"is_daily":false,"chose_seed":false,"campfire_upgraded":3,"win_rate":0,"timestamp":1550031772,"path_taken":["M","?","?","$","M","E","?","?","T","M","R","M","R","M","R","BOSS","M","M","M","M","?","E"],"build_version":"2019-01-23","purchased_purges":0,"victory":false,"max_hp_per_floor":[75,75,75,75,75,75,75,75,75,75,75,75,75,75,75,75,75,75,75,75,75,75,75],"card_choices":[{"not_picked":["Flex","Heavy Blade"],"picked":"Armaments","floor":1},{"not_picked":["Feel No Pain","Rupture"],"picked":"Iron Wave","floor":5},{"not_picked":["Twin Strike","Pommel Strike"],"picked":"Clash","floor":6},{"not_picked":["Wild Strike","Evolve"],"picked":"Blood for Blood","floor":7},{"not_picked":["Heavy Blade","Rampage"],"picked":"Inflame","floor":10},{"not_picked":["Body Slam","Headbutt"],"picked":"Dropkick","floor":12},{"not_picked":["Flex+1","Exhume+1"],"picked":"True Grit+1","floor":14},{"not_picked":["Bludgeon","Fiend Fire"],"picked":"Reaper","floor":16},{"not_picked":["Wild Strike","Armaments+1"],"picked":"Flex+1","floor":18},{"not_picked":["Wild Strike","Twin Strike"],"picked":"Uppercut","floor":19},{"not_picked":["Sword Boomerang","Power Through+1"],"picked":"Twin Strike+1","floor":20},{"not_picked":["Flex+1","Cleave"],"picked":"Disarm+1","floor":21}],"player_experience":598481,"relics_obtained":[{"floor":6,"key":"Whetstone"},{"floor":7,"key":"Odd Mushroom"},{"floor":9,"key":"Shuriken"}],"event_choices":[{"damage_healed":0,"gold_gain":0,"player_choice":"Success","damage_taken":18,"relics_obtained":["Toxic Egg 2"],"max_hp_gain":0,"max_hp_loss":0,"event_name":"Scrap Ooze","floor":2,"gold_loss":0},{"cards_removed":["Strike_R"],"damage_healed":0,"gold_gain":0,"player_choice":"Card Removal","damage_taken":7,"max_hp_gain":0,"max_hp_loss":0,"event_name":"Golden Wing","floor":3,"gold_loss":0},{"damage_healed":0,"gold_gain":0,"player_choice":"Fought Mushrooms","damage_taken":0,"max_hp_gain":0,"max_hp_loss":0,"event_name":"Mushrooms","floor":7,"gold_loss":0},{"cards_removed":["Defend_R"],"damage_healed":0,"gold_gain":0,"player_choice":"Card Removal","damage_taken":0,"max_hp_gain":0,"max_hp_loss":0,"event_name":"The Cleric","floor":8,"gold_loss":75},{"damage_healed":0,"gold_gain":0,"player_choice":"Obtain J.A.X.","damage_taken":0,"max_hp_gain":0,"max_hp_loss":0,"event_name":"Drug Dealer","floor":22,"gold_loss":0,"cards_obtained":["J.A.X."]}],"is_beta":false,"boss_relics":[{"not_picked":["Astrolabe","Calling Bell"],"picked":"Coffee Dripper"}],"items_purged_floors":[],"is_endless":false,"potions_floor_spawned":[5,10,20],"killed_by":"Gremlin Leader","ascension_level":18}