{"gold_per_floor":[114,114,133,151,163,163,197,197,197,197,197,209,220,185,185,285,285,300,138,138,53,8,33,46,78,78,78,78,92,108,124,124,222,222,237,17,28,45,55,89,89,89,89,100,100,119,119,132,132,132],"floor_reached":51,"playtime":7054,"items_purged":[],"score":721,"play_id":"53189834-4602-4e2a-9d7a-df49dfbadeed","local_time":"20181118010406","is_ascension_mode":false,"campfire_choices":[{"data":"Defragment","floor":6,"key":"SMITH"},{"floor":8,"key":"REST"},{"data":"Capacitor","floor":10,"key":"SMITH"},{"data":"Streamline","floor":15,"key":"SMITH"},{"data":"Loop","floor":32,"key":"SMITH"},{"data":"Heatsinks","floor":42,"key":"SMITH"},{"data":"Creative AI","floor":45,"key":"SMITH"},{"data":"Chaos","floor":49,"key":"SMITH"}],"neow_cost":"NONE","seed_source_timestamp":492428164677716,"circlet_count":0,"master_deck":["Strike_B","Strike_B","Strike_B","Strike_B","Defend_B","Defend_B","Defend_B","Defend_B","Zap","Dualcast","Cold Snap","Compile Driver","Defragment+1","Streamline+1","Capacitor+1","Glacier","Melter","Amplify","Consume","Chaos+1","Heatsinks+1","Barrage","Go for the Eyes+1","Streamline+1","Barrage","Writhe","Cold Snap+1","Loop+1","Storm","Creative AI+1","Static Discharge","Static Discharge","Consume","Stack+1","Redo+1","Barrage","Parasite","Redo+1","Ball Lightning+1"],"relics":["Cracked Core","Pear","Mummified Hand","Coffee Dripper","Matryoshka","Boot","Ginger","Orichalcum","Letter Opener","Enchiridion","Dream Catcher","Eternal Feather","Happy Flower","Bottled Tornado","Toxic Egg 2","FossilizedHelix"],"potions_floor_usage":[16,16,33,35,38,40,40,48,50,50],"damage_taken":[{"damage":2,"enemies":"Small Slimes","floor":1,"turns":3},{"damage":0,"enemies":"2 Louse","floor":3,"turns":3},{"damage":9,"enemies":"Jaw Worm","floor":4,"turns":3},{"damage":1,"enemies":"2 Fungi Beasts","floor":5,"turns":3},{"damage":25,"enemies":"3 Sentries","floor":7,"turns":7},{"damage":7,"enemies":"Large Slime","floor":12,"turns":5},{"damage":8,"enemies":"3 Louse","floor":13,"turns":3},{"damage":13,"enemies":"Slime Boss","floor":16,"turns":9},{"damage":0,"enemies":"Chosen","floor":18,"turns":5},{"damage":42,"enemies":"Slavers","floor":23,"turns":7},{"damage":0,"enemies":"Spheric Guardian","floor":24,"turns":2},{"damage":14,"enemies":"Book of Stabbing","floor":25,"turns":6},{"damage":0,"enemies":"3 Cultists","floor":29,"turns":3},{"damage":10,"enemies":"Snake Plant","floor":30,"turns":3},{"damage":1,"enemies":"Snecko","floor":31,"turns":5},{"damage":12,"enemies":"Automaton","floor":33,"turns":9},{"damage":36,"enemies":"3 Darklings","floor":35,"turns":3},{"damage":9,"enemies":"Orb Walker","floor":37,"turns":3},{"damage":1,"enemies":"4 Shapes","floor":38,"turns":5},{"damage":8,"enemies":"Sphere and 2 Shapes","floor":39,"turns":5},{"damage":15,"enemies":"Nemesis","floor":40,"turns":5},{"damage":18,"enemies":"3 Darklings","floor":44,"turns":7},{"damage":15,"enemies":"Writhing Mass","floor":46,"turns":5},{"damage":6,"enemies":"Transient","floor":48,"turns":5},{"damage":51,"enemies":"Donu and Deca","floor":50,"turns":7}],"seed_played":"-4115951114902511917","potions_obtained":[{"floor":1,"key":"SmokeBomb"},{"floor":7,"key":"Ancient Potion"},{"floor":13,"key":"Explosive Potion"},{"floor":29,"key":"Energy Potion"},{"floor":30,"key":"Block Potion"},{"floor":31,"key":"Fire Potion"},{"floor":35,"key":"FearPotion"},{"floor":37,"key":"EssenceOfSteel"},{"floor":39,"key":"SkillPotion"},{"floor":46,"key":"SpeedPotion"},{"floor":48,"key":"EntropicBrew"}],"is_trial":false,"path_per_floor":["M","?","M","M","M","R","E","R","T","R","?","M","M","?","R","B",null,"M","$","?","?","$","E","M","E","T","?","?","M","M","M","R","B",null,"M","$","M","M","M","E","?","R","T","M","R","M","?","M","R","B",null],"character_chosen":"DEFECT","items_purchased":["Chaos","Heatsinks","Barrage","Happy Flower","Static Discharge"],"campfire_rested":1,"item_purchase_floors":[19,19,22,36,36],"current_hp_per_floor":[80,80,80,71,70,70,55,82,82,82,87,80,72,96,96,83,97,97,97,97,97,97,55,55,41,41,25,25,25,15,14,14,2,97,61,61,52,51,43,28,28,49,49,31,52,37,37,31,52,1],"gold":132,"neow_bonus":"TEN_PERCENT_HP_BONUS","is_prod":false,"is_daily":false,"chose_seed":false,"campfire_upgraded":7,"win_rate":0.0,"timestamp":1542531846,"path_taken":["M","?","M","M","M","R","E","R","T","R","?","M","M","?","R","BOSS","M","$","?","?","$","E","M","E","T","?","?","M","M","M","R","BOSS","M","$","M","M","M","E","?","R","T","M","R","M","?","M","R","BOSS"],"build_version":"2018-11-15","purchased_purges":0,"victory":true,"max_hp_per_floor":[82,82,82,82,82,82,92,92,92,92,97,97,97,97,97,97,97,97,97,97,97,97,97,97,97,97,97,97,97,97,97,97,97,97,97,97,97,97,97,97,97,97,97,97,97,97,97,97,97,97],"card_choices":[{"not_picked":["Defragment","Lockon"],"picked":"Cold Snap","floor":1},{"not_picked":["Beam Cell","Gash"],"picked":"Compile Driver","floor":3},{"not_picked":["Leap","Storm"],"picked":"Defragment","floor":4},{"not_picked":["Steam Power","Go for the Eyes"],"picked":"Streamline","floor":5},{"not_picked":["Compile Driver","Lockon"],"picked":"Capacitor","floor":7},{"not_picked":["Sweeping Beam","Beam Cell"],"picked":"Glacier","floor":12},{"not_picked":["Steam","Compile Driver"],"picked":"Melter","floor":13},{"not_picked":["All For One","Seek"],"picked":"Amplify","floor":16},{"not_picked":["Conserve Battery","Beam Cell"],"picked":"Consume","floor":18},{"not_picked":["Beam Cell","Sweeping Beam"],"picked":"Go for the Eyes+1","floor":23},{"not_picked":["Leap","Conserve Battery"],"picked":"Streamline+1","floor":24},{"not_picked":["Aggregate","Auto Shields"],"picked":"Barrage","floor":25},{"not_picked":["Ball Lightning","Rip and Tear+1"],"picked":"Cold Snap+1","floor":29},{"not_picked":["Steam Power","Steam"],"picked":"Loop","floor":30},{"not_picked":["Barrage+1","Reprogram"],"picked":"Storm","floor":31},{"not_picked":["Buffer","Machine Learning"],"picked":"Creative AI","floor":33},{"not_picked":["Cold Snap","Gash"],"picked":"Static Discharge","floor":35},{"not_picked":["Steam","Leap"],"picked":"Consume","floor":37},{"not_picked":["Beam Cell","Skim"],"picked":"Stack+1","floor":38},{"not_picked":["Stack+1","Double Energy"],"picked":"Tempest+1","floor":39},{"not_picked":["Stack+1","Doom and Gloom+1"],"picked":"Redo+1","floor":40},{"not_picked":["Beam Cell","Melter"],"picked":"Barrage","floor":44},{"not_picked":["Compile Driver+1","Steam+1"],"picked":"Redo+1","floor":46},{"not_picked":["Sweeping Beam","Steam+1"],"picked":"Ball Lightning+1","floor":48}],"player_experience":10490,"relics_obtained":[{"floor":7,"key":"Pear"},{"floor":9,"key":"Mummified Hand"},{"floor":23,"key":"Boot"},{"floor":25,"key":"Ginger"},{"floor":26,"key":"Orichalcum"},{"floor":26,"key":"Letter Opener"},{"floor":27,"key":"Enchiridion"},{"floor":40,"key":"Bottled Tornado"},{"floor":43,"key":"Toxic Egg 2"},{"floor":43,"key":"FossilizedHelix"}],"event_choices":[{"damage_healed":0,"gold_gain":0,"player_choice":"Ignored","damage_taken":0,"max_hp_gain":0,"max_hp_loss":0,"event_name":"Golden Wing","floor":2,"gold_loss":0},{"damage_healed":0,"gold_gain":0,"player_choice":"Donut","damage_taken":0,"max_hp_gain":5,"max_hp_loss":0,"event_name":"Big Fish","floor":11,"gold_loss":0},{"damage_healed":24,"gold_gain":0,"player_choice":"Healed","damage_taken":0,"max_hp_gain":0,"max_hp_loss":0,"event_name":"The Cleric","floor":14,"gold_loss":35},{"damage_healed":0,"gold_gain":0,"player_choice":"Ignored","damage_taken":0,"max_hp_gain":0,"max_hp_loss":0,"event_name":"Beggar","floor":20,"gold_loss":0},{"damage_healed":0,"gold_gain":0,"player_choice":"Obtained Relic","damage_taken":0,"relics_obtained":["Matryoshka"],"max_hp_gain":0,"max_hp_loss":0,"event_name":"Addict","floor":21,"gold_loss":85},{"damage_healed":0,"gold_gain":0,"player_choice":"Obtained Book","damage_taken":16,"max_hp_gain":0,"max_hp_loss":0,"event_name":"Cursed Tome","floor":27,"gold_loss":0},{"damage_healed":0,"gold_gain":0,"player_choice":"Opened","damage_taken":0,"relics_obtained":["Dream Catcher"],"max_hp_gain":0,"max_hp_loss":0,"event_name":"The Mausoleum","floor":28,"gold_loss":0,"cards_obtained":["Writhe"]},{"cards_removed":["Tempest"],"damage_healed":0,"gold_gain":0,"player_choice":"Removed Skill","damage_taken":0,"max_hp_gain":0,"max_hp_loss":0,"event_name":"Falling","floor":41,"gold_loss":0},{"damage_healed":0,"gold_gain":0,"player_choice":"Ignored","damage_taken":0,"max_hp_gain":0,"max_hp_loss":0,"event_name":"Mysterious Sphere","floor":47,"gold_loss":0}],"is_beta":false,"boss_relics":[{"not_picked":["Orrery","Calling Bell"],"picked":"Coffee Dripper"},{"not_picked":["Snecko Eye","White Beast Statue"],"picked":"Eternal Feather"}],"items_purged_floors":[],"is_endless":false,"potions_floor_spawned":[1,7,13,29,30,31,35,37,39,46,48],"ascension_level":0}