{"path_per_floor":["M","M","$","M","?","R","M","R","T","$","M","M","M","M","R","B",null,"M","$","M","M","?","R"],"character_chosen":"IRONCLAD","items_purchased":["Inflame","Bandage Up"],"gold_per_floor":[115,130,60,71,71,71,88,88,88,13,23,36,54,72,72,169,199,213,17,31,46,46,46,46],"floor_reached":24,"campfire_rested":2,"playtime":1124,"current_hp_per_floor":[41,47,47,38,20,20,24,48,48,48,49,48,42,24,48,21,85,68,68,51,53,53,53,0],"items_purged":["Strike_R","Strike_R"],"gold":46,"score":192,"play_id":"2299d3c1-3471-44b4-a3c4-00b3f11e2086","local_time":"20180509174446","is_prod":false,"is_daily":false,"chose_seed":false,"is_ascension_mode":false,"campfire_upgraded":2,"timestamp":1525855486,"path_taken":["M","M","$","M","?","R","M","R","T","$","M","M","M","M","R","BOSS","M","$","M","M","?","R","M"],"build_version":"2018-05-07","seed_source_timestamp":19104410793618,"purchased_purges":2,"victory":false,"master_deck":["Strike_R","Strike_R","Defend_R","Defend_R","Defend_R","Bash","Armaments+1","Inflame+1","Thunderclap","Bloodletting+1","Infernal Blade+1","Bandage Up+1"],"max_hp_per_floor":[80,80,80,80,80,80,80,80,80,80,80,80,80,80,80,80,85,85,85,85,85,85,85,85],"relics":["Burning Blood","Meat on the Bone","Self Forming Clay","Tiny House"],"card_choices":[{"not_picked":["Sword Boomerang","Iron Wave"],"picked":"Armaments","floor":1},{"not_picked":["Body Slam","Sword Boomerang"],"picked":"Thunderclap","floor":7},{"not_picked":["Fiend Fire","Cleave"],"picked":"Bloodletting","floor":12},{"not_picked":["Sword Boomerang","Cleave"],"picked":"Infernal Blade","floor":18}],"player_experience":35869,"potions_floor_usage":[7,24],"damage_taken":[{"damage":5,"enemies":"Small Slimes","floor":1,"turns":3},{"damage":0,"enemies":"2 Louse","floor":2,"turns":4},{"damage":15,"enemies":"Jaw Worm","floor":4,"turns":4},{"damage":14,"enemies":"Exordium Thugs","floor":7,"turns":5},{"damage":5,"enemies":"Looter","floor":11,"turns":4},{"damage":7,"enemies":"2 Fungi Beasts","floor":12,"turns":4},{"damage":24,"enemies":"Exordium Wildlife","floor":13,"turns":5},{"damage":36,"enemies":"Exordium Thugs","floor":14,"turns":5},{"damage":56,"enemies":"The Guardian","floor":16,"turns":13},{"damage":23,"enemies":"Shell Parasite","floor":18,"turns":7},{"damage":27,"enemies":"3 Byrds","floor":20,"turns":10},{"damage":20,"enemies":"Centurion and Healer","floor":21,"turns":6},{"damage":67,"enemies":"Cultist and Chosen","floor":24,"turns":8}],"event_choices":[{"event_name":"Scrap Ooze","player_choice":"success","floor":5,"damage_taken":18},{"event_name":"Upgrade Shrine","player_choice":"Upgraded","floor":22,"damage_taken":0}],"boss_relics":[{"not_picked":["Ectoplasm","Runic Dome"],"picked":"Tiny House"}],"potions_floor_spawned":[2,4,16,20],"seed_played":"-4636032368662521483","killed_by":"Cultist and Chosen","ascension_level":0,"is_trial":false}