{"gold_per_floor":[118,118,118,2,21,21,51,71,95,95,170,170,185,220,220,294,294,314,314,330,344,64,64,94,94,167,195,132,132,232,250,250,324,324,342,342,362,462,365,365,365,380,380,392,392,410,72,82,82,82],"floor_reached":51,"playtime":1523,"items_purged":["Strike_R","Strike_R","Strike_R","Strike_R","Bash"],"score":1297,"play_id":"e9f4f4ee-9af6-431d-b7da-fed059cbc0a1","local_time":"20190410222311","is_ascension_mode":true,"campfire_choices":[{"data":"Uppercut","floor":6,"key":"SMITH"},{"data":"Carnage","floor":12,"key":"SMITH"},{"data":"Sword Boomerang","floor":15,"key":"SMITH"},{"data":"Limit Break","floor":23,"key":"SMITH"},{"data":"Fiend Fire","floor":25,"key":"SMITH"},{"data":"Flame Barrier","floor":29,"key":"SMITH"},{"data":"ReplayTheSpireMod:Strike From Hell","floor":32,"key":"SMITH"},{"data":"Evolve","floor":40,"key":"SMITH"},{"data":"Limit Break","floor":45,"key":"SMITH"}],"neow_cost":"NONE","seed_source_timestamp":15114221180449,"circlet_count":0,"master_deck":["AscendersBane","Defend_R+1","Defend_R+1","Defend_R","Defend_R","Carnage+1","Uppercut+1","Sword Boomerang+1","Replay:Undeath\u0027s Touch","Shrug It Off","Limit Break+1","Fiend Fire+1","Flex+1","Flame Barrier+1","Clothesline","Infernal Blade+1","Reaper","ReplayTheSpireMod:Strike From Hell+1","Limit Break+1","Feel No Pain","Life Link+1","Evolve+1","ReplayTheSpireMod:Limb From Limb","Feel No Pain","Power Through","Reaper"],"relics":["Burning Blood","NeowsBlessing","Pet Ghost","War Paint","Dream Catcher","ReplayTheSpireMod:TigerMarble","Snecko Eye","Membership Card","Quantum Egg","Paper Frog","Bag of Marbles","Ice Cream","Coffee Dripper","Mango","ReplayTheSpireMod:Bottled Snecko","Unceasing Top"],"potions_floor_usage":[14,16,33,50],"damage_taken":[{"damage":0,"enemies":"2 Louse","floor":1,"turns":1},{"damage":0,"enemies":"Jaw Worm","floor":5,"turns":1},{"damage":0,"enemies":"Erikyupuro","floor":7,"turns":2},{"damage":0,"enemies":"Cultist","floor":8,"turns":2},{"damage":3,"enemies":"Looter","floor":13,"turns":2},{"damage":25,"enemies":"3 Sentries","floor":14,"turns":8},{"damage":11,"enemies":"The Guardian","floor":16,"turns":12},{"damage":0,"enemies":"Spheric Guardian","floor":18,"turns":1},{"damage":0,"enemies":"3 Byrds","floor":20,"turns":4},{"damage":0,"enemies":"Sentry and Sphere","floor":21,"turns":3},{"damage":20,"enemies":"Gremlin Leader","floor":24,"turns":7},{"damage":35,"enemies":"Slavers","floor":27,"turns":6},{"damage":0,"enemies":"Colosseum Slavers","floor":30,"turns":2},{"damage":7,"enemies":"Colosseum Nobs","floor":30,"turns":4},{"damage":0,"enemies":"Snecko","floor":31,"turns":2},{"damage":56,"enemies":"Automaton","floor":33,"turns":7},{"damage":0,"enemies":"3 Shapes","floor":35,"turns":2},{"damage":0,"enemies":"Orb Walker","floor":37,"turns":1},{"damage":0,"enemies":"Mind Bloom Boss Battle","floor":38,"turns":3},{"damage":2,"enemies":"3 Darklings","floor":42,"turns":5},{"damage":5,"enemies":"Sphere and 2 Shapes","floor":44,"turns":6},{"damage":7,"enemies":"Transient","floor":46,"turns":5},{"damage":0,"enemies":"Jaw Worm Horde","floor":48,"turns":1},{"damage":29,"enemies":"Time Eater","floor":50,"turns":6}],"seed_played":"1633839824832837431","potions_obtained":[{"floor":1,"key":"PowerPotion"},{"floor":5,"key":"Dexterity Potion"},{"floor":16,"key":"FearPotion"},{"floor":18,"key":"SmokeBomb"},{"floor":30,"key":"Block Potion"},{"floor":37,"key":"Explosive Potion"},{"floor":44,"key":"Block Potion"},{"floor":46,"key":"FearPotion"}],"is_trial":false,"path_per_floor":["M","?","?","$","M","R","E","M","T","?","?","R","M","E","R","B",null,"M","?","M","M","$","R","E","R","T","E","$","R","?","M","R","B",null,"M","?","M","?","$","R","?","M","T","M","R","M","$","M","R","B",null],"character_chosen":"IRONCLAD","items_purchased":["Uppercut","Membership Card","Evolve","Unceasing Top","Feel No Pain","Power Through","SteroidPotion"],"campfire_rested":0,"item_purchase_floors":[4,22,39,47,47,47,47],"current_hp_per_floor":[74,74,74,74,75,75,75,75,75,57,46,46,49,30,30,25,63,69,69,75,78,78,78,64,64,64,35,35,35,72,78,78,36,68,74,74,78,92,92,92,92,92,92,92,92,92,92,92,92,92],"gold":82,"neow_bonus":"THREE_ENEMY_KILL","is_prod":false,"is_daily":false,"chose_seed":false,"campfire_upgraded":9,"win_rate":0,"timestamp":1554902591,"path_taken":["M","?","?","$","M","R","E","?","T","?","?","R","M","E","R","BOSS","M","?","M","M","?","R","E","R","T","E","?","R","?","?","R","BOSS","M","?","M","?","$","R","?","?","T","M","R","M","$","M","R","BOSS"],"build_version":"2019-01-23","purchased_purges":5,"victory":true,"max_hp_per_floor":[75,75,75,75,75,75,75,75,75,75,75,75,75,75,75,75,75,75,75,75,78,78,78,78,78,78,78,78,78,78,78,78,78,78,78,78,78,92,92,92,92,92,92,92,92,92,92,92,92,92],"card_choices":[{"not_picked":["Rupture","Armaments"],"picked":"Carnage","floor":1},{"not_picked":["Anger","Perfected Strike","ReplayTheSpireMod:Strike From Hell"],"picked":"SKIP","floor":5},{"not_picked":["Pummel","Blood for Blood"],"picked":"Sword Boomerang","floor":7},{"not_picked":["Power Through","Anger"],"picked":"Replay:Undeath\u0027s Touch","floor":8},{"not_picked":["Infernal Blade","True Grit"],"picked":"Shrug It Off","floor":13},{"not_picked":["Rupture","Armaments"],"picked":"Limit Break","floor":14},{"not_picked":["Exhume","Eclipse"],"picked":"Fiend Fire","floor":16},{"not_picked":["Anger","Sword Boomerang"],"picked":"Flex","floor":18},{"not_picked":["Havoc","Clash"],"picked":"Flame Barrier","floor":20},{"not_picked":["Rage","Metallicize"],"picked":"Clothesline","floor":21},{"not_picked":["Armaments+1","Replay:Undeath\u0027s Touch"],"picked":"Infernal Blade","floor":24},{"not_picked":["Shrug It Off","Headbutt"],"picked":"Reaper","floor":27},{"not_picked":["Iron Wave+1","Sentinel"],"picked":"ReplayTheSpireMod:Strike From Hell","floor":31},{"not_picked":["Reaper","Berserk"],"picked":"Limit Break","floor":33},{"not_picked":["Sever Soul","Sword Boomerang"],"picked":"Feel No Pain","floor":35},{"not_picked":["Clothesline","Armaments+1","Headbutt"],"picked":"SKIP","floor":37},{"not_picked":["Iron Wave","Cleave+1"],"picked":"Life Link+1","floor":38},{"not_picked":["True Grit","Perfected Strike","Searing Blow"],"picked":"SKIP","floor":42},{"not_picked":["Sentinel","Life Link+1","Rampage"],"picked":"SKIP","floor":44},{"not_picked":["Bloodletting","Inflame"],"picked":"ReplayTheSpireMod:Limb From Limb","floor":46},{"not_picked":["True Grit","Body Slam","Entrench+1"],"picked":"SKIP","floor":48},{"not_picked":["Thunderclap","Cleave"],"picked":"Reaper","floor":49}],"player_experience":891216,"relics_obtained":[{"floor":7,"key":"Pet Ghost"},{"floor":9,"key":"War Paint"},{"floor":14,"key":"ReplayTheSpireMod:TigerMarble"},{"floor":24,"key":"Quantum Egg"},{"floor":26,"key":"Paper Frog"},{"floor":27,"key":"Bag of Marbles"},{"floor":30,"key":"Ice Cream"},{"floor":38,"key":"Mango"},{"floor":43,"key":"ReplayTheSpireMod:Bottled Snecko"}],"event_choices":[{"damage_healed":0,"gold_gain":0,"player_choice":"Ignored","damage_taken":0,"max_hp_gain":0,"max_hp_loss":0,"event_name":"Liars Game","floor":2,"gold_loss":0},{"cards_removed":["Strike_R"],"damage_healed":0,"gold_gain":0,"player_choice":"Offered Basic","damage_taken":0,"max_hp_gain":0,"max_hp_loss":0,"event_name":"Bonfire Elementals","floor":3,"gold_loss":0},{"damage_healed":0,"gold_gain":0,"player_choice":"Success","damage_taken":18,"relics_obtained":["Dream Catcher"],"max_hp_gain":0,"max_hp_loss":0,"event_name":"Scrap Ooze","floor":10,"gold_loss":0},{"damage_healed":0,"gold_gain":75,"player_choice":"Gather Gold","damage_taken":11,"max_hp_gain":0,"max_hp_loss":0,"event_name":"World of Goop","floor":11,"gold_loss":0},{"damage_healed":0,"gold_gain":0,"player_choice":"Upgraded","damage_taken":0,"max_hp_gain":0,"max_hp_loss":0,"event_name":"Upgrade Shrine","floor":19,"gold_loss":0,"cards_upgraded":["Flex"]},{"damage_healed":0,"gold_gain":0,"player_choice":"Fight","damage_taken":0,"max_hp_gain":0,"max_hp_loss":0,"event_name":"Colosseum","floor":30,"gold_loss":0},{"damage_healed":0,"gold_gain":0,"player_choice":"Fought Nobs","damage_taken":0,"max_hp_gain":0,"max_hp_loss":0,"event_name":"Colosseum","floor":30,"gold_loss":0},{"damage_healed":0,"gold_gain":0,"player_choice":"Ignored","damage_taken":0,"max_hp_gain":0,"max_hp_loss":0,"event_name":"Tomb of Lord Red Mask","floor":36,"gold_loss":0},{"damage_healed":0,"gold_gain":0,"player_choice":"Fight","damage_taken":0,"max_hp_gain":0,"max_hp_loss":0,"event_name":"MindBloom","floor":38,"gold_loss":0},{"damage_healed":0,"gold_gain":0,"player_choice":"0 cards matched","damage_taken":0,"max_hp_gain":0,"max_hp_loss":0,"event_name":"Match and Keep!","floor":41,"gold_loss":0,"cards_obtained":[]}],"is_beta":false,"boss_relics":[{"not_picked":["Fusion Hammer","Black Star"],"picked":"Snecko Eye"},{"not_picked":["ReplayTheSpireMod:Onyx Gauntlets","Ooze Armor"],"picked":"Coffee Dripper"}],"items_purged_floors":[4,22,28,39,47],"is_endless":false,"potions_floor_spawned":[1,5,8,13,16,18,30,30,37,42,44,46],"ascension_level":16}