{"path_per_floor":["M","M","?","?","?","R","M","$","T","M","R","M","M","M","R","B",null,"M","M","$","M","?","R","?","E","T","?","R","M","M","M","R"],"character_chosen":"IRONCLAD","items_purchased":["Infernal Blade","Block Potion","Metallicize","Toxic Egg 2"],"gold_per_floor":[111,128,128,128,128,128,148,57,102,118,118,129,143,159,159,260,260,275,289,1,21,56,56,56,84,160,160,160,174,191,209,209,209],"floor_reached":33,"campfire_rested":2,"playtime":1822,"current_hp_per_floor":[75,80,68,68,73,73,79,79,79,80,80,85,79,81,81,47,85,72,71,71,76,65,65,65,34,34,34,59,48,43,49,74,0],"items_purged":[],"gold":209,"score":261,"play_id":"13822331-e58a-43c4-bf44-42046482f181","local_time":"20180508161026","is_prod":false,"is_daily":false,"chose_seed":false,"is_ascension_mode":false,"campfire_upgraded":4,"timestamp":1525763426,"path_taken":["M","M","?","?","?","R","M","$","T","M","R","M","M","M","R","BOSS","M","M","$","M","?","R","?","E","T","?","R","M","M","?","R","BOSS"],"build_version":"2018-05-03","seed_source_timestamp":4084303254483,"purchased_purges":1,"victory":false,"master_deck":["Strike_R","Strike_R","Strike_R","Strike_R","Strike_R","Defend_R","Defend_R","Defend_R","Defend_R","Bash","Dropkick","Searing Blow+4","Cleave","Infernal Blade","Armaments","Fire Breathing+1","Flex","Double Tap","Perfected Strike","Metallicize","Metallicize","Thunderclap","Battle Trance+1","Clash","Flex+1","Flex+1","Double Tap+1"],"max_hp_per_floor":[80,80,80,80,85,85,85,85,85,85,85,85,85,85,85,85,85,85,85,85,85,85,85,85,85,85,85,85,85,85,85,85,85],"relics":["Burning Blood","Oddly Smooth Stone","Bronze Scales","Sozu","Toxic Egg 2","Red Mask","Ornamental Fan","Matryoshka"],"card_choices":[{"not_picked":["Thunderclap","Power Through"],"picked":"Dropkick","floor":1},{"not_picked":["Combust","Twin Strike"],"picked":"Searing Blow","floor":2},{"not_picked":["Dropkick","Pummel"],"picked":"Cleave","floor":7},{"not_picked":["Corruption","True Grit"],"picked":"Armaments","floor":10},{"not_picked":["Anger","Flex"],"picked":"Fire Breathing","floor":12},{"not_picked":["Body Slam","Sword Boomerang"],"picked":"Flex","floor":13},{"not_picked":["Fiend Fire","Barricade"],"picked":"Double Tap","floor":16},{"not_picked":["Sever Soul","Entrench"],"picked":"Perfected Strike","floor":18},{"not_picked":["Second Wind","Dual Wield"],"picked":"Metallicize","floor":19},{"not_picked":["Disarm","Dual Wield"],"picked":"Thunderclap","floor":21},{"not_picked":["Reckless Charge","Flex"],"picked":"Battle Trance","floor":22},{"not_picked":["Battle Trance","Dropkick"],"picked":"Clash","floor":25},{"not_picked":["Iron Wave","Dropkick"],"picked":"Flex","floor":29},{"not_picked":["Thunderclap","Sever Soul"],"picked":"Flex","floor":30},{"not_picked":["Pommel Strike","Body Slam"],"picked":"Double Tap","floor":31}],"player_experience":0,"potions_floor_usage":[16,21,25],"damage_taken":[{"damage":11,"enemies":"Jaw Worm","floor":1,"turns":5},{"damage":0,"enemies":"Small Slimes","floor":2,"turns":3},{"damage":0,"enemies":"Cultist","floor":7,"turns":3},{"damage":5,"enemies":"Gremlin Gang","floor":10,"turns":3},{"damage":0,"enemies":"Large Slime","floor":12,"turns":4},{"damage":12,"enemies":"3 Louse","floor":13,"turns":3},{"damage":4,"enemies":"2 Fungi Beasts","floor":14,"turns":3},{"damage":40,"enemies":"The Guardian","floor":16,"turns":7},{"damage":19,"enemies":"Chosen","floor":18,"turns":5},{"damage":7,"enemies":"Spheric Guardian","floor":19,"turns":3},{"damage":1,"enemies":"Snake Plant","floor":21,"turns":3},{"damage":17,"enemies":"가면 도적단","floor":22,"turns":4},{"damage":37,"enemies":"Slavers","floor":25,"turns":5},{"damage":17,"enemies":"Sentry and Sphere","floor":29,"turns":4},{"damage":11,"enemies":"3 Cultists","floor":30,"turns":5},{"damage":0,"enemies":"Centurion and Healer","floor":31,"turns":5},{"damage":86,"enemies":"Champ","floor":33,"turns":7}],"event_choices":[{"event_name":"Scrap Ooze","player_choice":"success","floor":3,"damage_taken":12},{"event_name":"Upgrade Shrine","player_choice":"Upgraded","floor":4,"damage_taken":0},{"event_name":"Big Fish","player_choice":"Donut","floor":5,"damage_taken":0},{"event_name":"Masked Bandits","player_choice":"Fought over 21 gold","floor":22,"damage_taken":0},{"event_name":"Vampires","player_choice":"Ignored","floor":24,"damage_taken":0},{"event_name":"Drug Dealer","player_choice":"Ignored","floor":27,"damage_taken":0}],"boss_relics":[{"not_picked":["Mark of Pain","Runic Cube"],"picked":"Sozu"}],"potions_floor_spawned":[1,10,12,14,18,21,29,30,31],"seed_played":"-251082964916228862","killed_by":"Champ","ascension_level":0,"is_trial":false}