{"gold_per_floor":[116,128,147,147,222,249,249,260,260,260,274,199,199,210,210,313,313,330,330,345,364,384,384,403,403,403,231,264,283,283,300,300,401,401,417,417,437,451,462,478,478,478,478,478,148,148,167,202,214,226],"floor_reached":51,"playtime":2585,"items_purged":["Wild Strike","Sever Soul","Havoc"],"score":728,"play_id":"726fe07f-50b2-42e6-8bde-9d91bca94e47","local_time":"20180926164232","daily_mods":["Draft","Heirloom","Allstar","Uncertain Future"],"is_ascension_mode":false,"campfire_choices":[{"data":"Dual Wield","floor":7,"key":"SMITH"},{"data":"Flash of Steel","floor":10,"key":"SMITH"},{"data":"True Grit","floor":15,"key":"SMITH"},{"floor":23,"key":"DIG"},{"data":"Whirlwind","floor":25,"key":"SMITH"},{"data":"Spot Weakness","floor":32,"key":"SMITH"},{"data":"Impatience","floor":44,"key":"SMITH"},{"floor":46,"key":"DIG"},{"floor":49,"key":"DIG"}],"neow_cost":"","seed_source_timestamp":1963841581220,"circlet_count":0,"master_deck":["Whirlwind+1","Clash","Shrug It Off","Thunderclap","Dual Wield+1","Jack Of All Trades","True Grit+1","Clash+1","Impatience+1","Warcry","Flex","Headbutt+1","Flash of Steel+1","Violence","Rage","Inflame","Sentinel+1","Panacea","Flash of Steel+1","Spot Weakness+1","Panacea","Exhume","Clash+1"],"relics":["Black Blood","Calipers","Shovel","Letter Opener","Coffee Dripper","Molten Egg 2","Thread and Needle","Bag of Marbles","Pantograph","TheAbacus","Bag of Preparation","MawBank","Whetstone"],"potions_floor_usage":[16,50,50,50,50],"damage_taken":[{"damage":0,"enemies":"Small Slimes","floor":1,"turns":2},{"damage":0,"enemies":"2 Louse","floor":2,"turns":1},{"damage":0,"enemies":"Cultist","floor":3,"turns":3},{"damage":28,"enemies":"Lagavulin","floor":6,"turns":4},{"damage":0,"enemies":"Blue Slaver","floor":8,"turns":2},{"damage":0,"enemies":"Large Slime","floor":11,"turns":3},{"damage":3,"enemies":"Looter","floor":14,"turns":2},{"damage":30,"enemies":"Hexaghost","floor":16,"turns":6},{"damage":10,"enemies":"Chosen","floor":18,"turns":2},{"damage":0,"enemies":"3 Byrds","floor":20,"turns":3},{"damage":28,"enemies":"Snake Plant","floor":21,"turns":4},{"damage":13,"enemies":"Snecko","floor":22,"turns":4},{"damage":0,"enemies":"Centurion and Healer","floor":24,"turns":4},{"damage":0,"enemies":"Gremlin Leader","floor":28,"turns":4},{"damage":8,"enemies":"Snake Plant","floor":29,"turns":4},{"damage":0,"enemies":"Chosen and Byrds","floor":31,"turns":2},{"damage":1,"enemies":"Champ","floor":33,"turns":6},{"damage":0,"enemies":"3 Darklings","floor":35,"turns":2},{"damage":7,"enemies":"3 Shapes","floor":37,"turns":2},{"damage":0,"enemies":"Spire Growth","floor":38,"turns":5},{"damage":9,"enemies":"Maw","floor":39,"turns":5},{"damage":0,"enemies":"Transient","floor":40,"turns":5},{"damage":6,"enemies":"Sphere and 2 Shapes","floor":47,"turns":3},{"damage":7,"enemies":"Giant Head","floor":48,"turns":5},{"damage":27,"enemies":"Awakened One","floor":50,"turns":8}],"seed_played":"5529061715991474420","potions_obtained":[{"floor":3,"key":"EntropicBrew"},{"floor":8,"key":"Poison Potion"},{"floor":11,"key":"FearPotion"},{"floor":16,"key":"AttackPotion"},{"floor":20,"key":"SteroidPotion"}],"is_trial":true,"path_per_floor":["M","M","M","?","?","E","R","M","T","R","M","$","?","M","R","B",null,"M","?","M","M","M","R","M","R","T","$","E","M","?","M","R","B",null,"M","?","M","M","M","M","?","?","T","R","$","R","M","E","R","B"],"character_chosen":"IRONCLAD","items_purchased":["Panacea","TheAbacus"],"campfire_rested":0,"item_purchase_floors":[27,45],"current_hp_per_floor":[80,80,80,85,74,52,52,58,58,58,64,64,64,67,67,43,85,81,85,85,63,56,56,62,62,62,62,68,66,85,85,85,85,85,85,85,85,85,85,85,85,85,85,85,85,85,85,85,85,68],"gold":238,"neow_bonus":"","is_prod":false,"is_daily":false,"chose_seed":false,"campfire_upgraded":6,"win_rate":0,"timestamp":1537947752,"path_taken":["M","M","M","?","?","E","R","M","T","R","M","$","?","M","R","BOSS","M","?","M","M","M","R","M","R","T","$","E","?","?","M","R","BOSS","M","?","M","M","M","M","?","?","T","R","$","R","M","E","R","BOSS"],"build_version":"2018-09-20","purchased_purges":3,"victory":true,"max_hp_per_floor":[80,80,80,85,85,85,85,85,85,85,85,85,85,85,85,85,85,85,85,85,85,85,85,85,85,85,85,85,85,85,85,85,85,85,85,85,85,85,85,85,85,85,85,85,85,85,85,85,85,85],"card_choices":[{"not_picked":["Mind Blast","Pommel Strike"],"picked":"True Grit","floor":0},{"not_picked":["Flex","Wild Strike"],"picked":"Whirlwind","floor":0},{"not_picked":["Searing Blow","Anger"],"picked":"Clash","floor":0},{"not_picked":["Armaments","Anger"],"picked":"Shrug It Off","floor":0},{"not_picked":["Metallicize","Purity"],"picked":"Thunderclap","floor":0},{"not_picked":["Good Instincts","Enlightenment"],"picked":"Cleave","floor":0},{"not_picked":["Cleave","Body Slam"],"picked":"Wild Strike","floor":0},{"not_picked":["Wild Strike","Thunderclap"],"picked":"Dual Wield","floor":0},{"not_picked":["Clash","Body Slam"],"picked":"Jack Of All Trades","floor":0},{"not_picked":["Corruption","Thunderclap"],"picked":"True Grit","floor":0},{"not_picked":["Armaments","Rupture"],"picked":"Clash","floor":0},{"not_picked":["Sword Boomerang","Jack Of All Trades"],"picked":"Impatience","floor":0},{"not_picked":["Sword Boomerang","Power Through"],"picked":"Heavy Blade","floor":0},{"not_picked":["Iron Wave","Sword Boomerang"],"picked":"Warcry","floor":0},{"not_picked":["Warcry","Pommel Strike"],"picked":"Havoc","floor":0},{"not_picked":["Pommel Strike","Dropkick"],"picked":"Flex","floor":1},{"not_picked":["Iron Wave","Body Slam"],"picked":"Headbutt","floor":2},{"not_picked":["Havoc","Headbutt"],"picked":"Flash of Steel","floor":3},{"not_picked":["Second Wind","Evolve","Wild Strike"],"picked":"SKIP","floor":6},{"not_picked":["Twin Strike","Flex","Bandage Up"],"picked":"SKIP","floor":8},{"not_picked":["Shrug It Off","Entrench","Searing Blow"],"picked":"SKIP","floor":11},{"not_picked":["Wild Strike","Whirlwind"],"picked":"Sever Soul","floor":14},{"not_picked":["Reaper","Master of Strategy"],"picked":"Violence","floor":16},{"not_picked":["Sever Soul+1","Anger"],"picked":"Rage","floor":18},{"not_picked":["Warcry","Corruption","Flex"],"picked":"SKIP","floor":20},{"not_picked":["Ghostly Armor+1","Perfected Strike"],"picked":"Inflame","floor":21},{"not_picked":["Clothesline","Havoc","Deep Breath"],"picked":"SKIP","floor":22},{"not_picked":["Havoc","Metallicize"],"picked":"Sentinel+1","floor":24},{"not_picked":["Body Slam+1","Seeing Red+1"],"picked":"Flash of Steel+1","floor":28},{"not_picked":["Thunderclap+1","True Grit"],"picked":"Spot Weakness","floor":29},{"not_picked":["Clash+1","Trip+1","Chrysalis"],"picked":"SKIP","floor":31},{"not_picked":["Pommel Strike+1","Second Wind+1","Swift Strike+1"],"picked":"SKIP","floor":35},{"not_picked":["Hemokinesis+1","Sword Boomerang+1","Dual Wield"],"picked":"SKIP","floor":37},{"not_picked":["Armaments+1","Impatience","Iron Wave+1"],"picked":"SKIP","floor":38},{"not_picked":["Twin Strike+1","Wild Strike+1","Evolve"],"picked":"SKIP","floor":39},{"not_picked":["Spot Weakness","Entrench+1","Panacea"],"picked":"SKIP","floor":40},{"not_picked":["Spot Weakness","Entrench+1"],"picked":"Panacea","floor":40},{"not_picked":["Bandage Up","Warcry+1"],"picked":"Clash+1","floor":47},{"not_picked":["Twin Strike+1","Blind","Power Through+1"],"picked":"SKIP","floor":48}],"player_experience":170206,"relics_obtained":[{"floor":6,"key":"Shovel"},{"floor":9,"key":"Letter Opener"},{"floor":23,"key":"Molten Egg 2"},{"floor":26,"key":"Thread and Needle"},{"floor":28,"key":"Bag of Marbles"},{"floor":43,"key":"Pantograph"},{"floor":46,"key":"Bag of Preparation"},{"floor":48,"key":"MawBank"},{"floor":49,"key":"Whetstone"}],"event_choices":[{"event_name":"Big Fish","player_choice":"Donut","floor":4,"damage_taken":0},{"event_name":"World of Goop","player_choice":"Gather Gold","floor":5,"damage_taken":0},{"event_name":"The Woman in Blue","player_choice":"Bought 0 Potions","floor":13,"damage_taken":0},{"event_name":"Bonfire Elementals","player_choice":"COMMON","floor":19,"damage_taken":0},{"event_name":"The Library","player_choice":"Heal","floor":30,"damage_taken":0},{"event_name":"Mysterious Sphere","player_choice":"Ignore","floor":36,"damage_taken":0},{"event_name":"Purifier","player_choice":"One Purge","floor":41,"damage_taken":0},{"event_name":"Transmorgrifier","player_choice":"Transform","floor":42,"damage_taken":0}],"is_beta":false,"boss_relics":[{"not_picked":["Cursed Key","Black Star"],"picked":"Coffee Dripper"},{"not_picked":["Pandora\u0027s Box","Fusion Hammer"],"picked":"Black Blood"}],"items_purged_floors":[12,27,45],"is_endless":false,"potions_floor_spawned":[3,8,11,16,20,21,29,35,39,40,47,48],"ascension_level":0}