{"gold_per_floor":[112,122,132,48,58,58,84,99,99,118,134,164,177,195,195,297,297,310,58,77,93,93,93,125,125,125,125,145,145,145],"floor_reached":30,"playtime":1309,"items_purged":[],"score":266,"play_id":"65784dc9-e263-4ae8-85d4-89b1457123de","local_time":"20190606100229","is_ascension_mode":false,"campfire_choices":[{"data":"Pommel Strike","floor":6,"key":"SMITH"},{"data":"True Grit","floor":15,"key":"SMITH"},{"data":"Demon Form","floor":23,"key":"SMITH"},{"data":"Double Tap","floor":25,"key":"SMITH"},{"data":"Juggernaut","floor":27,"key":"SMITH"},{"data":"Clothesline","floor":29,"key":"SMITH"}],"neow_cost":"NONE","seed_source_timestamp":634374821318,"circlet_count":0,"master_deck":["Strike_R","Strike_R","Strike_R","Strike_R","Strike_R","Defend_R","Defend_R","Defend_R","Defend_R","Bash","Pommel Strike+1","Shrug It Off","Clothesline+1","Finesse","Heavy Blade","Demon Form+1","Shrug It Off","Battle Trance","Double Tap+1","Cleave","True Grit+1","Juggernaut+1"],"relics":["Burning Blood","Ornamental Fan","Mummified Hand","Matryoshka","Busted Crown","Kunai","Singing Bowl","The Courier","Pantograph","Meat on the Bone"],"potions_floor_usage":[2,7,12,13,18,21],"damage_taken":[{"damage":5,"enemies":"Cultist","floor":1,"turns":4},{"damage":7,"enemies":"2 Louse","floor":2,"turns":3},{"damage":3,"enemies":"Jaw Worm","floor":3,"turns":3},{"damage":14,"enemies":"Looter","floor":5,"turns":4},{"damage":19,"enemies":"Gremlin Nob","floor":7,"turns":5},{"damage":3,"enemies":"2 Fungi Beasts","floor":8,"turns":4},{"damage":13,"enemies":"3 Louse","floor":10,"turns":5},{"damage":8,"enemies":"Exordium Wildlife","floor":11,"turns":4},{"damage":12,"enemies":"3 Sentries","floor":12,"turns":10},{"damage":8,"enemies":"Large Slime","floor":13,"turns":6},{"damage":9,"enemies":"2 Fungi Beasts","floor":14,"turns":3},{"damage":13,"enemies":"Hexaghost","floor":16,"turns":9},{"damage":6,"enemies":"2 Thieves","floor":18,"turns":3},{"damage":10,"enemies":"3 Byrds","floor":20,"turns":5},{"damage":7,"enemies":"Snake Plant","floor":21,"turns":5},{"damage":23,"enemies":"Book of Stabbing","floor":24,"turns":5},{"damage":23,"enemies":"Centurion and Healer","floor":28,"turns":5},{"damage":62,"enemies":"Slavers","floor":30,"turns":3}],"seed_played":"8178950567704109878","potions_obtained":[{"floor":0,"key":"Ancient Potion"},{"floor":0,"key":"PowerPotion"},{"floor":0,"key":"EssenceOfSteel"},{"floor":8,"key":"Block Potion"},{"floor":11,"key":"Energy Potion"},{"floor":12,"key":"SpeedPotion"},{"floor":16,"key":"SteroidPotion"},{"floor":20,"key":"Swift Potion"},{"floor":24,"key":"Swift Potion"}],"is_trial":false,"path_per_floor":["M","M","M","$","M","R","E","M","T","M","M","E","M","M","R","B",null,"M","$","M","M","?","R","E","R","T","R","M","R","E"],"character_chosen":"IRONCLAD","items_purchased":["Finesse","Kunai"],"campfire_rested":0,"item_purchase_floors":[4,19],"current_hp_per_floor":[80,79,80,80,72,72,59,62,62,55,53,47,45,42,42,35,80,80,80,76,75,75,75,60,60,60,60,57,57,0],"gold":145,"neow_bonus":"THREE_SMALL_POTIONS","is_prod":false,"is_daily":false,"chose_seed":false,"campfire_upgraded":6,"win_rate":0,"timestamp":1559811749,"path_taken":["M","M","M","$","M","R","E","M","T","M","M","E","?","M","R","BOSS","M","$","M","M","?","R","E","R","T","R","M","R","E"],"build_version":"2019-01-23","purchased_purges":0,"victory":false,"max_hp_per_floor":[80,80,80,80,80,80,80,80,80,80,80,80,80,80,80,80,80,80,80,80,80,80,80,82,82,82,82,84,84,84],"card_choices":[{"not_picked":["Anger","Bloodletting"],"picked":"Pommel Strike","floor":1},{"not_picked":["Headbutt","Cleave"],"picked":"Shrug It Off","floor":2},{"not_picked":["Thunderclap","Perfected Strike"],"picked":"Clothesline","floor":3},{"not_picked":["Warcry","Twin Strike"],"picked":"Heavy Blade","floor":5},{"not_picked":["Rampage","Anger"],"picked":"Demon Form","floor":7},{"not_picked":["Clothesline","Searing Blow","Heavy Blade"],"picked":"SKIP","floor":8},{"not_picked":["Disarm","Burning Pact"],"picked":"Shrug It Off","floor":10},{"not_picked":["Perfected Strike","Twin Strike"],"picked":"Battle Trance","floor":11},{"not_picked":["Heavy Blade","Sword Boomerang"],"picked":"Double Tap","floor":12},{"not_picked":["Battle Trance","Clothesline"],"picked":"Cleave","floor":13},{"not_picked":["Sword Boomerang","Clash"],"picked":"True Grit","floor":14},{"not_picked":["Berserk","Exhume"],"picked":"Juggernaut","floor":16},{"not_picked":["Clash"],"picked":"SKIP","floor":18},{"not_picked":["Searing Blow"],"picked":"SKIP","floor":20},{"not_picked":["Cleave"],"picked":"SKIP","floor":21},{"not_picked":["Twin Strike+1"],"picked":"Singing Bowl","floor":24},{"not_picked":["True Grit"],"picked":"Singing Bowl","floor":28}],"player_experience":762036,"relics_obtained":[{"floor":7,"key":"Ornamental Fan"},{"floor":9,"key":"Mummified Hand"},{"floor":12,"key":"Matryoshka"},{"floor":24,"key":"The Courier"},{"floor":26,"key":"Pantograph"},{"floor":26,"key":"Meat on the Bone"}],"event_choices":[{"damage_healed":0,"gold_gain":0,"player_choice":"Gave Potion","damage_taken":0,"relics_obtained":["Singing Bowl"],"max_hp_gain":0,"max_hp_loss":0,"event_name":"WeMeetAgain","floor":22,"gold_loss":0}],"is_beta":false,"boss_relics":[{"not_picked":["Snecko Eye","Black Star"],"picked":"Busted Crown"}],"items_purged_floors":[],"is_endless":false,"potions_floor_spawned":[1,8,11,12,16,20,24],"killed_by":"Slavers","ascension_level":0}