{"gold_per_floor":[117,129,146,146,13,38,38,57,111,11,11,42,61,61,61,61],"floor_reached":16,"playtime":364,"items_purged":["Strike_R","Defend_R"],"score":220,"play_id":"83d47503-eaf0-4720-aa1c-f229a8235964","local_time":"20190506115829","is_ascension_mode":true,"campfire_choices":[{"data":"Armaments","floor":7,"key":"SMITH"},{"data":"Sword Boomerang","floor":11,"key":"SMITH"},{"data":"Immolate","floor":15,"key":"SMITH"}],"neow_cost":"TEN_PERCENT_HP_LOSS","seed_source_timestamp":4009368644645,"circlet_count":0,"master_deck":["AscendersBane","Strike_R","Strike_R","Strike_R","Strike_R","Defend_R","Defend_R","Defend_R","Bash","Sword Boomerang+1","Anger","Clothesline","Armaments+1","Ghostly Armor","Immolate+1","Shrug It Off"],"relics":["Burning Blood","Torii","Bottled Lightning","Potion Belt","Oddly Smooth Stone","Darkstone Periapt"],"potions_floor_usage":[12,16],"damage_taken":[{"damage":0,"enemies":"Small Slimes","floor":1,"turns":4},{"damage":1,"enemies":"Cultist","floor":2,"turns":3},{"damage":6,"enemies":"2 Louse","floor":3,"turns":3},{"damage":30,"enemies":"Gremlin Nob","floor":6,"turns":4},{"damage":2,"enemies":"Blue Slaver","floor":8,"turns":4},{"damage":33,"enemies":"3 Sentries","floor":12,"turns":10},{"damage":0,"enemies":"2 Fungi Beasts","floor":13,"turns":2},{"damage":33,"enemies":"Hexaghost","floor":16,"turns":12}],"seed_played":"2532723502708186204","potions_obtained":[{"floor":2,"key":"BloodPotion"},{"floor":8,"key":"Weak Potion"},{"floor":13,"key":"BloodPotion"}],"is_trial":false,"path_per_floor":["M","M","M","?","$","E","R","M","T","$","R","E","M","?","R","B"],"character_chosen":"IRONCLAD","items_purchased":["Clothesline"],"campfire_rested":0,"item_purchase_floors":[5],"current_hp_per_floor":[68,68,68,68,68,44,44,48,48,48,48,27,33,22,22,0],"gold":61,"neow_bonus":"ONE_RARE_RELIC","is_prod":false,"is_daily":false,"chose_seed":false,"campfire_upgraded":3,"win_rate":0,"timestamp":1557111509,"path_taken":["M","M","M","?","?","E","R","M","T","$","R","E","M","?","R","BOSS"],"build_version":"2019-01-23","purchased_purges":2,"victory":false,"max_hp_per_floor":[68,68,68,68,68,68,68,68,68,68,68,68,68,68,68,68],"card_choices":[{"not_picked":["Iron Wave","Body Slam"],"picked":"Sword Boomerang","floor":1},{"not_picked":["True Grit","Seeing Red"],"picked":"Anger","floor":2},{"not_picked":["Reckless Charge","Sword Boomerang","Heavy Blade"],"picked":"SKIP","floor":3},{"not_picked":["Rampage","Cleave"],"picked":"Armaments","floor":6},{"not_picked":["Body Slam","Twin Strike"],"picked":"Ghostly Armor","floor":8},{"not_picked":["Iron Wave","Body Slam"],"picked":"Immolate","floor":12},{"not_picked":["Rage","Sword Boomerang"],"picked":"Shrug It Off","floor":13}],"player_experience":1005876,"relics_obtained":[{"floor":6,"key":"Bottled Lightning"},{"floor":9,"key":"Potion Belt"},{"floor":12,"key":"Oddly Smooth Stone"}],"event_choices":[{"damage_healed":0,"gold_gain":0,"player_choice":"0 cards matched","damage_taken":0,"max_hp_gain":0,"max_hp_loss":0,"event_name":"Match and Keep!","floor":4,"gold_loss":0,"cards_obtained":[]},{"damage_healed":0,"gold_gain":0,"player_choice":"Success","damage_taken":11,"relics_obtained":["Darkstone Periapt"],"max_hp_gain":0,"max_hp_loss":0,"event_name":"Scrap Ooze","floor":14,"gold_loss":0}],"is_beta":false,"boss_relics":[],"items_purged_floors":[5,10],"is_endless":false,"potions_floor_spawned":[2,8,13],"killed_by":"Hexaghost","ascension_level":20}