{"gold_per_floor":[111,36,36,36,52,52,52,52,79,108,120,150,177,203,215,227],"floor_reached":16,"playtime":298,"items_purged":[],"score":200,"play_id":"1fd0d7a7-d10d-4503-ac72-ab67713e5d2f","local_time":"20190425184410","is_ascension_mode":true,"campfire_choices":[{"data":"Carnage","floor":6,"key":"SMITH"},{"data":"Metallicize","floor":11,"key":"SMITH"},{"data":"Flex","floor":15,"key":"SMITH"}],"neow_cost":"TEN_PERCENT_HP_LOSS","seed_source_timestamp":20137924785058,"circlet_count":0,"master_deck":["AscendersBane","Strike_R","Strike_R","Strike_R","Strike_R","Defend_R+1","Defend_R","Defend_R+1","Bash","Feed","Metallicize+1","Carnage+1","Flex+1"],"relics":["Burning Blood","War Paint","Kunai","Boot","MawBank"],"potions_floor_usage":[10,16],"damage_taken":[{"damage":16,"enemies":"Jaw Worm","floor":1,"turns":4},{"damage":9,"enemies":"Small Slimes","floor":5,"turns":4},{"damage":17,"enemies":"Lagavulin","floor":10,"turns":4},{"damage":0,"enemies":"Cultist","floor":12,"turns":3},{"damage":4,"enemies":"Exordium Wildlife","floor":13,"turns":3},{"damage":2,"enemies":"Large Slime","floor":14,"turns":5},{"damage":0,"enemies":"Hexaghost","floor":16,"turns":2}],"seed_played":"5837974087630387739","potions_obtained":[{"floor":5,"key":"Fire Potion"},{"floor":10,"key":"EntropicBrew"},{"floor":14,"key":"Swift Potion"}],"is_trial":false,"path_per_floor":["M","?","$","?","M","R","?","T","T","E","R","M","M","M","R","B"],"character_chosen":"IRONCLAD","items_purchased":[],"campfire_rested":0,"item_purchase_floors":[],"current_hp_per_floor":[61,61,61,56,56,56,49,49,49,38,38,47,49,56,56,56],"gold":227,"neow_bonus":"THREE_RARE_CARDS","is_prod":false,"is_daily":false,"chose_seed":false,"campfire_upgraded":3,"win_rate":0,"timestamp":1556185450,"path_taken":["M","?","$","?","?","R","?","?","T","E","R","M","M","M","R","BOSS"],"build_version":"2019-01-23","purchased_purges":0,"victory":false,"max_hp_per_floor":[71,71,71,71,74,74,74,74,74,74,74,77,77,80,80,80],"card_choices":[{"not_picked":["Exhume","Barricade"],"picked":"Feed","floor":0},{"not_picked":["Heavy Blade","Power Through"],"picked":"Metallicize","floor":1},{"not_picked":["Dual Wield","Armaments"],"picked":"Carnage","floor":5},{"not_picked":["Thunderclap","Infernal Blade","Barricade"],"picked":"SKIP","floor":10},{"not_picked":["Thunderclap","Rage","Intimidate"],"picked":"SKIP","floor":12},{"not_picked":["Pommel Strike","Dual Wield","Perfected Strike"],"picked":"SKIP","floor":13},{"not_picked":["Intimidate","True Grit"],"picked":"Flex","floor":14}],"player_experience":957657,"relics_obtained":[{"floor":8,"key":"Kunai"},{"floor":9,"key":"Boot"},{"floor":10,"key":"MawBank"}],"event_choices":[{"cards_removed":["Defend_R"],"damage_healed":0,"gold_gain":0,"player_choice":"Card Removal","damage_taken":0,"max_hp_gain":0,"max_hp_loss":0,"event_name":"The Cleric","floor":2,"gold_loss":75},{"damage_healed":0,"gold_gain":0,"player_choice":"Success","damage_taken":5,"relics_obtained":["War Paint"],"max_hp_gain":0,"max_hp_loss":0,"event_name":"Scrap Ooze","floor":4,"gold_loss":0},{"cards_removed":["Strike_R"],"damage_healed":0,"gold_gain":0,"player_choice":"Card Removal","damage_taken":7,"max_hp_gain":0,"max_hp_loss":0,"event_name":"Golden Wing","floor":7,"gold_loss":0}],"is_beta":false,"boss_relics":[],"items_purged_floors":[],"is_endless":false,"potions_floor_spawned":[5,10,14],"killed_by":"Hexaghost","ascension_level":20}