{"gold_per_floor":[110,110,75,22,22,22,53,53,105,105,148,148,221,221,221,221],"floor_reached":16,"playtime":359,"items_purged":[],"score":316,"play_id":"f00e830d-0941-42e3-b007-20c2832ae7c9","local_time":"20190523234156","is_ascension_mode":true,"campfire_choices":[{"data":"Neutralize","floor":6.0,"key":"SMITH"},{"data":"Survivor","floor":8.0,"key":"SMITH"},{"data":"Escape Plan","floor":10.0,"key":"SMITH"},{"floor":15.0,"key":"REST"}],"neow_cost":"NONE","seed_source_timestamp":6264974331415,"circlet_count":0,"master_deck":["AscendersBane","Defend_G","Defend_G","Defend_G","Defend_G","Defend_G","Strike_G","Strike_G+1","Strike_G+1","Strike_G","Survivor+1","Neutralize+1","Slice","Escape Plan+1","Cloak And Dagger","Adrenaline","Well Laid Plans"],"special_seed":0,"relics":["Ring of the Snake","NeowsBlessing","Golden Idol","Whetstone","PreservedInsect","Sundial","Tiny Chest"],"potions_floor_usage":[16],"damage_taken":[{"damage":0.0,"enemies":"Jaw Worm","floor":1.0,"turns":1.0},{"damage":0.0,"enemies":"Gremlin Nob","floor":7.0,"turns":1.0},{"damage":0.0,"enemies":"3 Sentries","floor":11.0,"turns":1.0},{"damage":21.0,"enemies":"Gremlin Nob","floor":13.0,"turns":4.0},{"damage":57,"enemies":"Slime Boss","floor":16,"turns":9}],"seed_played":"5095886240628852151","potions_obtained":[{"floor":7.0,"key":"Dexterity Potion"}],"is_trial":false,"path_per_floor":["M","?","?","$","?","R","E","R","T","R","E","?","E","$","R","B"],"character_chosen":"THE_SILENT","items_purchased":["Dexterity Potion"],"campfire_rested":1,"item_purchase_floors":[4],"current_hp_per_floor":[59,36,52,52,52,52,52,52,52,52,52,52,31,31,50,0],"gold":221,"neow_bonus":"THREE_ENEMY_KILL","is_prod":false,"is_daily":false,"chose_seed":false,"campfire_upgraded":3,"win_rate":0,"timestamp":1558680116,"path_taken":["M","?","?","?","?","R","E","R","T","R","E","?","E","?","R","BOSS"],"build_version":"2019-01-23","purchased_purges":0,"victory":false,"max_hp_per_floor":[66,66,66,66,66,66,66,66,66,66,66,66,66,66,66,66],"card_choices":[{"not_picked":["Deadly Poison","Dagger Spray"],"picked":"Slice","floor":1.0},{"not_picked":["Finisher","Deadly Poison"],"picked":"Escape Plan","floor":7.0},{"not_picked":["All Out Attack","Crippling Poison"],"picked":"Cloak And Dagger","floor":11.0},{"not_picked":["Crippling Poison","Sucker Punch"],"picked":"Well Laid Plans","floor":13.0}],"player_experience":785141,"relics_obtained":[{"floor":7.0,"key":"Whetstone"},{"floor":9.0,"key":"PreservedInsect"},{"floor":11.0,"key":"Sundial"},{"floor":13.0,"key":"Tiny Chest"}],"event_choices":[{"damage_healed":0.0,"max_hp_gain":0.0,"max_hp_loss":0.0,"gold_gain":0.0,"event_name":"Golden Idol","player_choice":"Take Damage","floor":2.0,"gold_loss":0.0,"damage_taken":23.0,"relics_obtained":["Golden Idol"]},{"damage_healed":16.0,"max_hp_gain":0.0,"max_hp_loss":0.0,"gold_gain":0.0,"event_name":"The Cleric","player_choice":"Healed","floor":3.0,"gold_loss":35.0,"damage_taken":0.0},{"damage_healed":0.0,"max_hp_gain":0.0,"max_hp_loss":0.0,"gold_gain":0.0,"event_name":"Liars Game","player_choice":"Ignored","floor":5.0,"gold_loss":0.0,"damage_taken":0.0},{"damage_healed":0.0,"max_hp_gain":0.0,"max_hp_loss":0.0,"gold_gain":0.0,"cards_transformed":["Strike_G"],"event_name":"Living Wall","player_choice":"Change","floor":12.0,"gold_loss":0.0,"damage_taken":0.0,"cards_obtained":["Adrenaline"]}],"is_beta":false,"boss_relics":[],"items_purged_floors":[],"is_endless":false,"potions_floor_spawned":[7,11],"killed_by":"Slime Boss","ascension_level":19}