{"path_per_floor":["M","M","M","M","M","R","M","E","T","R","M","M","M","M","R","B",null,"M","M","$","?","?","E","?","?","T","R","M","M"],"character_chosen":"IRONCLAD","items_purchased":["Metallicize","Rage","Mercury Hourglass"],"gold_per_floor":[111,131,147,164,182,182,197,224,248,248,266,285,300,314,314,418,418,430,441,35,35,35,68,0,0,0,0,20,33,33],"floor_reached":30,"campfire_rested":2,"playtime":1524,"current_hp_per_floor":[80,80,80,79,80,80,73,47,47,47,26,32,21,16,40,27,80,80,61,61,61,61,18,18,3,3,28,11,7,0],"items_purged":[],"gold":33,"score":258,"play_id":"d3b6a4ca-ddc8-48fd-8997-515c777d0b4e","local_time":"20180508170404","is_prod":false,"is_daily":false,"chose_seed":false,"is_ascension_mode":false,"campfire_upgraded":2,"timestamp":1525766644,"path_taken":["M","M","M","M","M","R","M","E","T","R","M","M","M","M","R","BOSS","M","?","$","?","?","E","?","?","T","R","M","M","M"],"build_version":"2018-05-03","seed_source_timestamp":7602042403711,"purchased_purges":0,"victory":false,"master_deck":["Strike_R","Strike_R","Strike_R","Strike_R","Strike_R","Defend_R","Defend_R","Defend_R","Defend_R","Bash","Thunderclap","Seeing Red+1","Thunderclap","Headbutt","Headbutt","Dual Wield","Barricade+1","True Grit","Shrug It Off","Ghostly Armor","Juggernaut","Armaments","Armaments","Metallicize","Rage","Shrug It Off","Entrench"],"max_hp_per_floor":[80,80,80,80,80,80,80,80,80,80,80,80,80,80,80,80,80,80,80,80,80,80,80,80,85,85,85,85,85,85],"relics":["Burning Blood","Orichalcum","Bronze Scales","Sozu","Mercury Hourglass","Juzu Bracelet","Question Card"],"card_choices":[{"not_picked":["Flame Barrier","Dropkick"],"picked":"Thunderclap","floor":0},{"not_picked":["Carnage","Pummel"],"picked":"Seeing Red","floor":1},{"not_picked":["Dropkick","Second Wind"],"picked":"Thunderclap","floor":2},{"not_picked":["Heavy Blade","Clash"],"picked":"Headbutt","floor":3},{"not_picked":["Feed","Heavy Blade"],"picked":"Headbutt","floor":4},{"not_picked":["Disarm","Heavy Blade"],"picked":"Dual Wield","floor":7},{"not_picked":["Headbutt","Dual Wield"],"picked":"Barricade","floor":8},{"not_picked":["Warcry","Twin Strike"],"picked":"True Grit","floor":11},{"not_picked":["Metallicize","Perfected Strike"],"picked":"Shrug It Off","floor":13},{"not_picked":["Whirlwind","Anger"],"picked":"Ghostly Armor","floor":14},{"not_picked":["Demon Form","Feed"],"picked":"Juggernaut","floor":16},{"not_picked":["Flex","Dropkick"],"picked":"Armaments","floor":18},{"not_picked":["Whirlwind","Clothesline"],"picked":"Armaments","floor":19},{"not_picked":["Dual Wield","Shockwave"],"picked":"Shrug It Off","floor":23},{"not_picked":["Shockwave","Sword Boomerang","Armaments"],"picked":"Entrench","floor":28}],"player_experience":3475,"potions_floor_usage":[16,16,16],"damage_taken":[{"damage":6,"enemies":"Cultist","floor":1,"turns":3},{"damage":0,"enemies":"Small Slimes","floor":2,"turns":3},{"damage":5,"enemies":"Jaw Worm","floor":3,"turns":4},{"damage":7,"enemies":"Looter","floor":4,"turns":4},{"damage":0,"enemies":"Large Slime","floor":5,"turns":3},{"damage":13,"enemies":"Red Slaver","floor":7,"turns":4},{"damage":32,"enemies":"3 Sentries","floor":8,"turns":6},{"damage":27,"enemies":"Exordium Thugs","floor":11,"turns":6},{"damage":0,"enemies":"3 Louse","floor":12,"turns":3},{"damage":17,"enemies":"Exordium Wildlife","floor":13,"turns":6},{"damage":11,"enemies":"Lots of Slimes","floor":14,"turns":1},{"damage":19,"enemies":"Slime Boss","floor":16,"turns":13},{"damage":0,"enemies":"3 Byrds","floor":18,"turns":5},{"damage":25,"enemies":"Spheric Guardian","floor":19,"turns":6},{"damage":49,"enemies":"Book of Stabbing","floor":23,"turns":6},{"damage":23,"enemies":"Snecko","floor":28,"turns":8},{"damage":10,"enemies":"Chosen and Byrds","floor":29,"turns":8},{"damage":9,"enemies":"Centurion and Healer","floor":30,"turns":1}],"event_choices":[{"event_name":"Ghosts","player_choice":"Ignored","floor":21,"damage_taken":0},{"event_name":"Drug Dealer","player_choice":"Ignored","floor":22,"damage_taken":0},{"event_name":"Masked Bandits","player_choice":"Paid Bandits 68 gold","floor":24,"damage_taken":0},{"event_name":"Forgotten Altar","player_choice":"Shed Blood","floor":25,"damage_taken":0}],"boss_relics":[{"not_picked":["Philosopher\u0027s Stone","Cursed Key"],"picked":"Sozu"}],"potions_floor_spawned":[1,4,5,7,12,18,19,23,29],"seed_played":"7063892140418257982","killed_by":"Centurion and Healer","ascension_level":0,"is_trial":false}