{"gold_per_floor":[118,193,36,53,67,67,98,41,41,41,58,75,104,104,104,104],"floor_reached":16,"playtime":414,"items_purged":[],"score":250,"play_id":"a55d9de2-7382-4e3d-aa55-df562d7465ee","local_time":"20190410223052","is_ascension_mode":true,"campfire_choices":[{"data":"Strike_R+1","floor":6,"key":"SMITH"},{"data":"Strike_R+2","floor":10,"key":"SMITH"},{"data":"Flame Barrier","floor":15,"key":"SMITH"}],"neow_cost":"NONE","seed_source_timestamp":16697118035299,"circlet_count":0,"master_deck":["AscendersBane","Strike_R","Strike_R+3","Strike_R","Strike_R+1","Defend_R","Defend_R","Defend_R","Defend_R","Bash","Flame Barrier+1","Perfected Strike","Ghostly Armor+1","Shrug It Off+1","True Grit+1","Shockwave+1","Seeing Red+1"],"relics":["Burning Blood","Simple Rune","Bag of Preparation","Prayer Wheel","Toxic Egg 2","Pet Ghost"],"potions_floor_usage":[13,16],"damage_taken":[{"damage":9,"enemies":"Small Slimes","floor":1,"turns":4},{"damage":2,"enemies":"Jaw Worm","floor":4,"turns":6},{"damage":0,"enemies":"Cultist","floor":5,"turns":4},{"damage":48,"enemies":"Gremlin Nob","floor":7,"turns":5},{"damage":1,"enemies":"2 Fungi Beasts","floor":11,"turns":4},{"damage":13,"enemies":"Gremlin Gang","floor":12,"turns":5},{"damage":0,"enemies":"3 Sentries","floor":13,"turns":9},{"damage":24,"enemies":"Hexaghost","floor":16,"turns":10}],"seed_played":"-8776577699355633597","potions_obtained":[{"floor":4,"key":"Languid Potion"},{"floor":11,"key":"Fire Potion"}],"is_trial":false,"path_per_floor":["M","?","$","M","M","R","E","$","T","R","M","M","E","?","R","B"],"character_chosen":"IRONCLAD","items_purchased":["Bag of Preparation","Perfected Strike"],"campfire_rested":0,"item_purchase_floors":[3,8],"current_hp_per_floor":[65,54,54,58,64,64,22,22,22,22,27,20,26,19,19,0],"gold":104,"neow_bonus":"RANDOM_COMMON_RELIC","is_prod":false,"is_daily":false,"chose_seed":false,"campfire_upgraded":3,"win_rate":0,"timestamp":1554903052,"path_taken":["M","?","$","M","M","R","E","$","T","R","M","M","E","?","R","BOSS"],"build_version":"2019-01-23","purchased_purges":0,"victory":false,"max_hp_per_floor":[75,75,75,75,75,75,75,75,75,75,75,75,75,75,75,75],"card_choices":[{"not_picked":["Iron Wave","Havoc","Body Slam"],"picked":"SKIP","floor":1},{"not_picked":["Headbutt","Carnage"],"picked":"Flame Barrier","floor":4},{"not_picked":["Searing Blow","Sword Boomerang","Clash"],"picked":"SKIP","floor":5},{"not_picked":["Sword Boomerang","Defy Death","Spot Weakness"],"picked":"SKIP","floor":7},{"not_picked":["Intimidate+1","Flame Barrier+1"],"picked":"Ghostly Armor+1","floor":11},{"not_picked":["Seeing Red+1","Ghostly Armor+1"],"picked":"Shrug It Off+1","floor":11},{"not_picked":["ReplayTheSpireMod:Corrosion Curse+1","Metallicize"],"picked":"True Grit+1","floor":12},{"not_picked":["Havoc+1","True Grit+1"],"picked":"Shockwave+1","floor":12},{"not_picked":["Shockwave+1","Pummel"],"picked":"Seeing Red+1","floor":13}],"player_experience":892739,"relics_obtained":[{"floor":7,"key":"Prayer Wheel"},{"floor":9,"key":"Toxic Egg 2"},{"floor":13,"key":"Pet Ghost"}],"event_choices":[{"damage_healed":0,"gold_gain":75,"player_choice":"Gather Gold","damage_taken":11,"max_hp_gain":0,"max_hp_loss":0,"event_name":"World of Goop","floor":2,"gold_loss":0},{"cards_removed":["Strike_R"],"damage_healed":0,"gold_gain":0,"player_choice":"Card Removal","damage_taken":7,"max_hp_gain":0,"max_hp_loss":0,"event_name":"Golden Wing","floor":14,"gold_loss":0}],"is_beta":false,"boss_relics":[],"items_purged_floors":[],"is_endless":false,"potions_floor_spawned":[4,11,12],"killed_by":"Hexaghost","ascension_level":17}