{"gold_per_floor":[110,110,122,141,155,155,184,184,208,239,252,252,270,285,285,362,362,378,378,378,388,388,388,388],"floor_reached":24,"playtime":1174,"items_purged":[],"score":416,"play_id":"710d3667-2f82-44c2-89bd-bacaff48aed5","local_time":"20190602022929","is_ascension_mode":true,"campfire_choices":[{"data":"Well Laid Plans","floor":6.0,"key":"SMITH"},{"floor":8.0,"key":"REST"},{"data":"Deflect","floor":12,"key":"SMITH"},{"floor":15,"key":"REST"},{"floor":23,"key":"REST"}],"neow_cost":"NONE","seed_source_timestamp":47220418787140,"circlet_count":0,"master_deck":["AscendersBane","Defend_G","Defend_G","Defend_G","Defend_G","Defend_G","Strike_G","Strike_G","Strike_G","Strike_G","Survivor","Neutralize","Poisoned Stab","Die Die Die","Outmaneuver","Well Laid Plans+1","Bouncing Flask","Backstab","Deflect+1","Slice","Leg Sweep","Backstab","Escape Plan","Adrenaline","Slice+1","Backflip","Deflect"],"special_seed":0,"relics":["Ring of the Snake","Potion Belt","PreservedInsect","Lantern","Dream Catcher","Black Star","Pantograph"],"potions_floor_usage":[19],"damage_taken":[{"damage":0.0,"enemies":"Jaw Worm","floor":1.0,"turns":6.0},{"damage":0.0,"enemies":"Cultist","floor":3.0,"turns":4.0},{"damage":3.0,"enemies":"Small Slimes","floor":4.0,"turns":2.0},{"damage":5.0,"enemies":"Exordium Wildlife","floor":5.0,"turns":5.0},{"damage":32.0,"enemies":"3 Sentries","floor":7.0,"turns":9.0},{"damage":6,"enemies":"Gremlin Nob","floor":10,"turns":3},{"damage":4,"enemies":"Blue Slaver","floor":11,"turns":3},{"damage":0,"enemies":"2 Fungi Beasts","floor":13,"turns":2},{"damage":7,"enemies":"Exordium Thugs","floor":14,"turns":5},{"damage":21,"enemies":"Hexaghost","floor":16,"turns":11},{"damage":15,"enemies":"3 Byrds","floor":18,"turns":7},{"damage":11,"enemies":"Colosseum Slavers","floor":19,"turns":4},{"damage":23,"enemies":"Spheric Guardian","floor":21,"turns":5},{"damage":25,"enemies":"Snecko","floor":24,"turns":4}],"seed_played":"-4714507836316781917","potions_obtained":[{"floor":1.0,"key":"AttackPotion"},{"floor":3.0,"key":"Poison Potion"},{"floor":5.0,"key":"Fire Potion"},{"floor":11,"key":"Ancient Potion"},{"floor":13,"key":"EssenceOfSteel"}],"is_trial":false,"path_per_floor":["M","?","M","M","M","R","E","R","T","E","M","R","M","M","R","B",null,"M","?","T","M","?","R","M"],"character_chosen":"THE_SILENT","items_purchased":[],"campfire_rested":3,"item_purchase_floors":[],"current_hp_per_floor":[59,59,59,56,51,51,19,38,38,32,28,28,28,21,40,19,54,39,28,28,5,5,24,0],"gold":388,"neow_bonus":"RANDOM_COMMON_RELIC","is_prod":false,"is_daily":false,"chose_seed":false,"campfire_upgraded":2,"win_rate":0,"timestamp":1559467769,"path_taken":["M","?","?","M","M","R","E","R","T","E","?","R","M","M","R","BOSS","M","?","?","M","?","R","M"],"build_version":"2019-01-23","purchased_purges":0,"victory":false,"max_hp_per_floor":[66,66,66,66,66,66,66,66,66,66,66,66,66,66,66,66,66,66,66,66,66,66,66,66],"card_choices":[{"not_picked":["Catalyst","Bane"],"picked":"Poisoned Stab","floor":1.0},{"not_picked":["Setup","PiercingWail"],"picked":"Outmaneuver","floor":3.0},{"not_picked":["Reflex","Noxious Fumes"],"picked":"Well Laid Plans","floor":4.0},{"not_picked":["Dodge and Roll","Accuracy"],"picked":"Bouncing Flask","floor":5.0},{"not_picked":["Backflip","Deadly Poison"],"picked":"Backstab","floor":7.0},{"not_picked":["Finisher","Bouncing Flask"],"picked":"Deflect","floor":10},{"not_picked":["Skewer","Sucker Punch"],"picked":"Slice","floor":11},{"not_picked":["Dagger Throw","Prepared"],"picked":"Leg Sweep","floor":13},{"not_picked":["Choke","Sucker Punch"],"picked":"Backstab","floor":14},{"not_picked":["Crippling Poison","Well Laid Plans"],"picked":"Escape Plan","floor":15},{"not_picked":["Wraith Form v2","Night Terror"],"picked":"Adrenaline","floor":16},{"not_picked":["Outmaneuver+1","Reflex"],"picked":"Slice+1","floor":18},{"not_picked":["Poisoned Stab","Prepared"],"picked":"Backflip","floor":21},{"not_picked":["Slice","Eviscerate"],"picked":"Deflect","floor":23}],"player_experience":821097,"relics_obtained":[{"floor":7.0,"key":"PreservedInsect"},{"floor":9.0,"key":"Lantern"},{"floor":10,"key":"Dream Catcher"},{"floor":20,"key":"Pantograph"}],"event_choices":[{"damage_healed":0.0,"max_hp_gain":0.0,"max_hp_loss":0.0,"gold_gain":0.0,"cards_transformed":["Strike_G"],"event_name":"Transmorgrifier","player_choice":"Transformed","floor":2.0,"gold_loss":0.0,"damage_taken":0.0,"cards_obtained":["Die Die Die"]},{"damage_healed":0,"gold_gain":0,"player_choice":"Fight","damage_taken":0,"max_hp_gain":0,"max_hp_loss":0,"event_name":"Colosseum","floor":19,"gold_loss":0},{"damage_healed":0,"gold_gain":0,"player_choice":"Fled From Nobs","damage_taken":0,"max_hp_gain":0,"max_hp_loss":0,"event_name":"Colosseum","floor":19,"gold_loss":0},{"damage_healed":0,"gold_gain":0,"player_choice":"Ignored","damage_taken":0,"max_hp_gain":0,"max_hp_loss":0,"event_name":"Ghosts","floor":22,"gold_loss":0}],"is_beta":false,"boss_relics":[{"not_picked":["Runic Pyramid","Orrery"],"picked":"Black Star"}],"items_purged_floors":[],"is_endless":false,"potions_floor_spawned":[1,3,5,11,13,19],"killed_by":"Snecko","ascension_level":20}