{"gold_per_floor":[16,16,34,34,34,34,68,68,68,68],"floor_reached":10,"playtime":330,"items_purged":[],"score":128,"play_id":"2e655183-0301-44b5-b47b-792a4390ee95","local_time":"20190527015141","is_ascension_mode":true,"campfire_choices":[{"data":"Caltrops","floor":6,"key":"SMITH"},{"floor":8,"key":"REST"}],"neow_cost":"NO_GOLD","seed_source_timestamp":3640103309127,"circlet_count":0,"master_deck":["AscendersBane","Defend_G","Defend_G","Defend_G","Defend_G","Defend_G","Strike_G","Strike_G","Strike_G","Strike_G","Strike_G","Survivor","Neutralize","Dagger Spray","Injury","Caltrops+1","Dash","Deflect"],"relics":["Ring of the Snake","StoneCalendar","Golden Idol","Dream Catcher","Ninja Scroll"],"potions_floor_usage":[10],"damage_taken":[{"damage":1,"enemies":"Small Slimes","floor":1,"turns":4},{"damage":11,"enemies":"Jaw Worm","floor":3,"turns":7},{"damage":34,"enemies":"3 Sentries","floor":7,"turns":7},{"damage":52,"enemies":"Gremlin Nob","floor":10,"turns":4}],"seed_played":"1213290378486354295","potions_obtained":[{"floor":7,"key":"Regen Potion"}],"is_trial":false,"path_per_floor":["M","?","M","?","$","R","E","R","T","E"],"character_chosen":"THE_SILENT","items_purchased":[],"campfire_rested":1,"item_purchase_floors":[],"current_hp_per_floor":[58,58,47,47,47,47,13,32,32,0],"gold":68,"neow_bonus":"ONE_RARE_RELIC","is_prod":false,"is_daily":false,"chose_seed":false,"campfire_upgraded":1,"win_rate":0,"timestamp":1558947101,"path_taken":["M","?","M","?","$","R","E","R","T","E"],"build_version":"2019-01-23","purchased_purges":0,"victory":false,"max_hp_per_floor":[66,66,66,66,66,66,66,66,66,66],"card_choices":[{"not_picked":["Bane","Outmaneuver"],"picked":"Dagger Spray","floor":1},{"not_picked":["Prepared","PiercingWail"],"picked":"Caltrops","floor":3},{"not_picked":["Wraith Form v2","Backflip"],"picked":"Dash","floor":7},{"not_picked":["Slice","Dash"],"picked":"Deflect","floor":8}],"player_experience":803725,"relics_obtained":[{"floor":7,"key":"Dream Catcher"},{"floor":9,"key":"Ninja Scroll"}],"event_choices":[{"damage_healed":0,"gold_gain":0,"player_choice":"Take Wound","damage_taken":0,"relics_obtained":["Golden Idol"],"max_hp_gain":0,"max_hp_loss":0,"event_name":"Golden Idol","floor":2,"gold_loss":0,"cards_obtained":["Injury"]},{"damage_healed":0,"gold_gain":0,"player_choice":"Leave","damage_taken":0,"max_hp_gain":0,"max_hp_loss":0,"event_name":"The Cleric","floor":4,"gold_loss":0}],"is_beta":false,"boss_relics":[],"items_purged_floors":[],"is_endless":false,"potions_floor_spawned":[7],"killed_by":"Gremlin Nob","ascension_level":20}